{"gold_per_floor":[114,39,54,69,69,69,84,99,99,99,114,114,129,129,129,229,229,244,244,259,274,174,174,174,174,174,49,49,49,49,64,64,164,164,179,194,44,59,59,89,89,104,104,104,129,129,129,144,144,144],"floor_reached":50,"playtime":1926,"items_purged":["Well Laid Plans","Masterful Stab","Backflip","Ghostly Armor"],"score":562,"play_id":"c0c1a186-777b-4062-841d-2c21461295fa","local_time":"20181210124645","daily_mods":["Draft","Red Cards","Night Terrors"],"is_ascension_mode":false,"campfire_choices":[{"data":"Flex","floor":6.0,"key":"SMITH"},{"data":"Flex","floor":10.0,"key":"SMITH"},{"data":"Flex","floor":12.0,"key":"SMITH"},{"data":"Heavy Blade","floor":15.0,"key":"SMITH"},{"data":"Whirlwind","floor":23.0,"key":"SMITH"},{"data":"Clash","floor":25.0,"key":"SMITH"},{"data":"Unload","floor":28.0,"key":"SMITH"},{"floor":32.0,"key":"REST"},{"floor":41,"key":"REST"},{"data":"Clash","floor":46,"key":"SMITH"},{"floor":49,"key":"REST"}],"neow_cost":"","seed_source_timestamp":0,"circlet_count":0,"master_deck":["Dagger Throw","Dagger Throw","Clash","Clash","Cleave","Spot Weakness","Clash","Whirlwind+1","Heavy Blade+1","Flex+1","Flex+1","Flex+1","Neutralize","Clash+1","Clash+1","Unload+1","Writhe","Pommel Strike+1","Flex+1"],"special_seed":17874,"relics":["Ring of the Serpent","Toxic Egg 2","WristBlade","Bottled Flame","Bird Faced Urn","Incense Burner","Dodecahedron","Blood Vial"],"potions_floor_usage":[50],"damage_taken":[{"damage":0.0,"enemies":"Cultist","floor":1.0,"turns":1.0},{"damage":0.0,"enemies":"Jaw Worm","floor":3.0,"turns":1.0},{"damage":0.0,"enemies":"Small Slimes","floor":4.0,"turns":1.0},{"damage":0.0,"enemies":"Gremlin Gang","floor":7.0,"turns":1.0},{"damage":0.0,"enemies":"Large Slime","floor":8.0,"turns":2.0},{"damage":0.0,"enemies":"Exordium Wildlife","floor":11.0,"turns":1.0},{"damage":0.0,"enemies":"Looter","floor":13.0,"turns":1.0},{"damage":0.0,"enemies":"Slime Boss","floor":16.0,"turns":3.0},{"damage":0.0,"enemies":"Spheric Guardian","floor":18.0,"turns":2.0},{"damage":0.0,"enemies":"3 Byrds","floor":20.0,"turns":2.0},{"damage":0.0,"enemies":"Shelled Parasite and Fungi","floor":21.0,"turns":1.0},{"damage":17.0,"enemies":"Snake Plant","floor":31.0,"turns":2.0},{"damage":41,"enemies":"Collector","floor":33,"turns":7},{"damage":16,"enemies":"3 Darklings","floor":35,"turns":3},{"damage":10,"enemies":"Orb Walker","floor":36,"turns":2},{"damage":5,"enemies":"Maw","floor":38,"turns":4},{"damage":52,"enemies":"Giant Head","floor":40,"turns":6},{"damage":0,"enemies":"3 Darklings","floor":42,"turns":2},{"damage":50,"enemies":"Transient","floor":48,"turns":5},{"damage":60,"enemies":"Donu and Deca","floor":50,"turns":3}],"seed_played":"-3807787308880061937","potions_obtained":[{"floor":3.0,"key":"SkillPotion"},{"floor":4.0,"key":"EssenceOfSteel"},{"floor":7.0,"key":"Fire Potion"},{"floor":16.0,"key":"Swift Potion"},{"floor":18.0,"key":"Block Potion"},{"floor":40,"key":"SpeedPotion"},{"floor":48,"key":"Block Potion"}],"is_trial":false,"path_per_floor":["M","$","M","M","?","R","M","M","T","R","M","R","M","?","R","B",null,"M","?","M","M","$","R","?","R","T","$","R","T","?","M","R","B",null,"M","M","$","M","?","E","R","M","T","?","T","R","?","M","R","B"],"character_chosen":"THE_SILENT","items_purchased":[],"campfire_rested":3,"item_purchase_floors":[],"current_hp_per_floor":[70,70,70,70,70,70,70,70,70,70,70,70,70,70,70,70,70,70,70,70,70,70,70,57,57,57,57,57,57,57,40,70,29,70,54,44,44,39,57,5,65,65,65,65,65,65,65,15,60,0],"gold":144,"neow_bonus":"","is_prod":false,"is_daily":true,"chose_seed":false,"campfire_upgraded":8,"win_rate":0,"timestamp":1544442405,"path_taken":["M","$","M","M","?","R","M","M","T","R","M","R","?","?","R","BOSS","M","?","?","M","$","R","?","R","T","$","R","?","?","M","R","BOSS","M","M","$","M","?","E","R","M","T","?","?","R","?","M","R","BOSS"],"build_version":"2018-12-06","purchased_purges":4,"victory":false,"max_hp_per_floor":[70,70,70,70,70,70,70,70,70,70,70,70,70,70,70,70,70,70,70,70,70,70,70,75,75,75,75,75,75,75,75,70,70,70,70,70,70,70,70,70,65,65,65,65,65,65,65,65,60,60],"card_choices":[{"not_picked":["Headbutt","Reckless Charge"],"picked":"Dagger Throw","floor":0.0},{"not_picked":["Dodge and Roll","Outmaneuver"],"picked":"Dagger Throw","floor":0.0},{"not_picked":["Choke","Armaments"],"picked":"Well Laid Plans","floor":0.0},{"not_picked":["Predator","Uppercut"],"picked":"Clash","floor":0.0},{"not_picked":["Underhanded Strike","Blade Dance"],"picked":"Clash","floor":0.0},{"not_picked":["Burning Pact","Havoc"],"picked":"Ghostly Armor","floor":0.0},{"not_picked":["Prepared","Deadly Poison"],"picked":"Armaments","floor":0.0},{"not_picked":["Deflect","Shockwave"],"picked":"Cleave","floor":0.0},{"not_picked":["Sentinel","Body Slam"],"picked":"Spot Weakness","floor":0.0},{"not_picked":["Flex","Headbutt"],"picked":"Clash","floor":0.0},{"not_picked":["Deflect","Sever Soul"],"picked":"Whirlwind","floor":0.0},{"not_picked":["Evolve","Armaments"],"picked":"Slice","floor":0.0},{"not_picked":["Outmaneuver","Blood for Blood"],"picked":"Masterful Stab","floor":0.0},{"not_picked":["Armaments","Outmaneuver"],"picked":"Heavy Blade","floor":0.0},{"not_picked":["Poisoned Stab","Body Slam"],"picked":"Backflip","floor":0.0},{"not_picked":["Second Wind","Shrug It Off"],"picked":"Flex","floor":1.0},{"not_picked":["Combust","Quick Slash"],"picked":"Flex","floor":3.0},{"not_picked":["Fire Breathing","Underhanded Strike"],"picked":"Flex","floor":4.0},{"not_picked":["Deflect","Ghostly Armor","Dash"],"picked":"SKIP","floor":7.0},{"not_picked":["Carnage","Flying Knee"],"picked":"Clash","floor":8.0},{"not_picked":["Blur+1","Body Slam","Reckless Charge"],"picked":"SKIP","floor":11.0},{"not_picked":["Glass Knife","Crippling Poison+1"],"picked":"Clash","floor":13.0},{"not_picked":["Corpse Explosion+1","Tools of the Trade"],"picked":"Unload","floor":16.0},{"not_picked":["Shrug It Off+1","Anger+1","Clothesline"],"picked":"SKIP","floor":18.0},{"not_picked":["Acrobatics+1","Choke","Calculated Gamble+1"],"picked":"SKIP","floor":20.0},{"not_picked":["Quick Slash","Clothesline","Acrobatics+1"],"picked":"SKIP","floor":21.0},{"not_picked":["Fire Breathing","Hemokinesis","PiercingWail+1"],"picked":"SKIP","floor":31.0},{"not_picked":["Uppercut","Metallicize+1","Cleave+1"],"picked":"SKIP","floor":35},{"not_picked":["Quick Slash","Anger","Uppercut"],"picked":"SKIP","floor":36},{"not_picked":["Dagger Throw+1","Flying Knee","Twin Strike+1"],"picked":"SKIP","floor":38},{"not_picked":["Iron Wave+1","Cleave","Terror+1"],"picked":"SKIP","floor":40},{"not_picked":["Blade Dance+1","Outmaneuver+1"],"picked":"Pommel Strike+1","floor":42},{"not_picked":["Pummel+1","Dodge and Roll+1"],"picked":"Flex+1","floor":48}],"player_experience":398890,"relics_obtained":[{"floor":9.0,"key":"Toxic Egg 2"},{"floor":26.0,"key":"Bottled Flame"},{"floor":29.0,"key":"Bird Faced Urn"},{"floor":40,"key":"Incense Burner"},{"floor":43,"key":"Dodecahedron"},{"floor":45,"key":"Blood Vial"}],"event_choices":[{"damage_healed":0.0,"max_hp_gain":0.0,"max_hp_loss":0.0,"gold_gain":0.0,"event_name":"Match and Keep!","player_choice":"1 cards matched","floor":5.0,"gold_loss":0.0,"damage_taken":0.0,"cards_obtained":["Neutralize"]},{"cards_removed":["Slice"],"damage_healed":0.0,"max_hp_gain":0.0,"max_hp_loss":0.0,"gold_gain":0.0,"event_name":"Living Wall","player_choice":"Forget","floor":14.0,"gold_loss":0.0,"damage_taken":0.0},{"cards_removed":["Armaments"],"damage_healed":0.0,"max_hp_gain":0.0,"max_hp_loss":0.0,"gold_gain":0.0,"event_name":"Purifier","player_choice":"Purged","floor":19.0,"gold_loss":0.0,"damage_taken":0.0},{"damage_healed":0.0,"max_hp_gain":5.0,"max_hp_loss":0.0,"gold_gain":0.0,"event_name":"Forgotten Altar","player_choice":"Shed Blood","floor":24.0,"gold_loss":0.0,"damage_taken":18.0},{"damage_healed":0.0,"max_hp_gain":0.0,"max_hp_loss":0.0,"gold_gain":0.0,"event_name":"Ghosts","player_choice":"Ignored","floor":30.0,"gold_loss":0.0,"damage_taken":0.0},{"damage_healed":18,"gold_gain":0,"player_choice":"Writhe","damage_taken":0,"max_hp_gain":0,"max_hp_loss":0,"event_name":"Winding Halls","floor":39,"gold_loss":0,"cards_obtained":["Writhe"]},{"damage_healed":0,"gold_gain":0,"player_choice":"Memory 1","damage_taken":0,"max_hp_gain":0,"max_hp_loss":0,"event_name":"SensoryStone","floor":44,"gold_loss":0},{"damage_healed":0,"gold_gain":0,"player_choice":"Ignored","damage_taken":0,"max_hp_gain":0,"max_hp_loss":0,"event_name":"Mysterious Sphere","floor":47,"gold_loss":0}],"is_beta":false,"boss_relics":[{"not_picked":["Astrolabe","Snecko Eye"],"picked":"WristBlade"},{"not_picked":["Lizard Tail","Philosopher\u0027s Stone"],"picked":"Ring of the Serpent"}],"items_purged_floors":[2,22,27,37],"is_endless":false,"potions_floor_spawned":[3,4,7,16,18,40,48],"killed_by":"Donu and Deca","ascension_level":0}