{"gold_per_floor":[361,2,2,23,23,23,54,70,70,70,44,62,62,103,103,233,233,252,22,22,46,70,106,106,106,106,25,25,45,80,80,80,181,181,194,46,46,66,77,77,77,77,104,119,119],"floor_reached":45,"playtime":1541,"items_purged":["Shame"],"score":509,"play_id":"2fdf20ad-30d4-4909-95a6-5ddafe6f78bd","local_time":"20181211084329","is_ascension_mode":true,"campfire_choices":[{"data":"Loop","floor":6,"key":"SMITH"},{"floor":10,"key":"RECALL"},{"floor":13,"key":"REST"},{"floor":15,"key":"REST"},{"floor":32,"key":"REST"},{"floor":40,"key":"REST"},{"floor":42,"key":"REST"}],"neow_cost":"CURSE","seed_source_timestamp":555351821937340,"circlet_count":0,"master_deck":["Strike_B","Strike_B","Strike_B","Strike_B","Defend_B","Defend_B","Defend_B","Defend_B","Zap","Dualcast","Ball Lightning","Loop+1","Barrage","Chaos","Gash","Go for the Eyes","Leap","Hologram","Conserve Battery","Multi-Cast","Conserve Battery","Doom and Gloom","Streamline+1","FTL+1","Stack","Loop","Writhe","Stack+1","BootSequence","All For One","Streamline+1","FTL","Go for the Eyes","Tempest+1","BootSequence","Shame","FTL"],"relics":["Cracked Core","Pen Nib","Bloody Idol","Letter Opener","Anchor","Mango","Nuclear Battery","Orichalcum","Bag of Marbles","Art of War","Symbiotic Virus","Cursed Key","Centennial Puzzle"],"potions_floor_usage":[8,16,22,24,25,33,35,38],"damage_taken":[{"damage":11,"enemies":"2 Louse","floor":1,"turns":3},{"damage":0,"enemies":"Cultist","floor":4,"turns":3},{"damage":35,"enemies":"3 Sentries","floor":7,"turns":5},{"damage":5,"enemies":"Small Slimes","floor":8,"turns":3},{"damage":1,"enemies":"3 Louse","floor":12,"turns":3},{"damage":12,"enemies":"Lagavulin","floor":14,"turns":5},{"damage":34,"enemies":"Hexaghost","floor":16,"turns":9},{"damage":0,"enemies":"Shell Parasite","floor":18,"turns":3},{"damage":1,"enemies":"3 Byrds","floor":21,"turns":4},{"damage":6,"enemies":"Snecko","floor":22,"turns":4},{"damage":16,"enemies":"Book of Stabbing","floor":23,"turns":4},{"damage":0,"enemies":"Cultist and Chosen","floor":24,"turns":2},{"damage":3,"enemies":"Colosseum Slavers","floor":25,"turns":3},{"damage":6,"enemies":"Centurion and Healer","floor":29,"turns":4},{"damage":2,"enemies":"Gremlin Leader","floor":30,"turns":7},{"damage":73,"enemies":"Automaton","floor":33,"turns":8},{"damage":9,"enemies":"3 Darklings","floor":35,"turns":4},{"damage":41,"enemies":"3 Shapes","floor":38,"turns":4},{"damage":32,"enemies":"Spire Growth","floor":39,"turns":4},{"damage":13,"enemies":"3 Darklings","floor":44,"turns":7},{"damage":77,"enemies":"Reptomancer","floor":45,"turns":2}],"seed_played":"6618816661749190985","potions_obtained":[{"floor":7,"key":"SkillPotion"},{"floor":8,"key":"SmokeBomb"},{"floor":12,"key":"Dexterity Potion"},{"floor":16,"key":"Block Potion"},{"floor":23,"key":"Swift Potion"},{"floor":30,"key":"Swift Potion"},{"floor":33,"key":"Weak Potion"}],"is_trial":false,"path_per_floor":["M","$","?","M","?","R","E","M","T","R","$","M","R","E","R","B",null,"M","$","$","M","M","E","M","?","T","$","?","M","E","?","R","B",null,"M","$","?","M","M","R","?","R","T","M","E"],"character_chosen":"DEFECT","items_purchased":["Pen Nib","Loop","Barrage","Leap","Orichalcum","Doom and Gloom","Loop","FTL","Go for the Eyes","Poison Potion"],"campfire_rested":5,"item_purchase_floors":[2,2,2,11,19,19,27,36,36,36],"current_hp_per_floor":[64,64,64,64,64,64,29,24,24,24,24,23,45,47,73,39,89,89,89,89,88,82,66,66,63,63,63,63,57,55,55,81,13,89,85,85,85,49,22,47,47,72,77,69,0],"gold":119,"neow_bonus":"TWO_FIFTY_GOLD","is_prod":false,"is_daily":false,"chose_seed":false,"campfire_upgraded":1,"win_rate":0,"timestamp":1544546609,"path_taken":["M","$","?","M","?","R","E","M","T","R","$","M","R","E","R","BOSS","M","?","$","M","?","E","M","?","T","$","?","M","E","?","R","BOSS","M","$","?","M","M","R","?","R","T","M","E"],"build_version":"2018-12-06","purchased_purges":1,"victory":false,"max_hp_per_floor":[75,75,75,75,75,75,75,75,75,75,75,75,75,89,89,89,89,89,89,89,89,89,89,89,89,89,89,89,89,89,89,89,89,89,89,89,85,85,85,85,85,85,85,85,85],"card_choices":[{"not_picked":["Steam Power","Streamline"],"picked":"Ball Lightning","floor":1},{"not_picked":["Compile Driver","Beam Cell"],"picked":"Chaos","floor":4},{"not_picked":["Coolheaded","Thunder Strike"],"picked":"Gash","floor":7},{"not_picked":["Sunder","Heatsinks"],"picked":"Go for the Eyes","floor":8},{"not_picked":["Cold Snap","Leap"],"picked":"Hologram","floor":12},{"not_picked":["Glacier","Steam Power"],"picked":"Conserve Battery","floor":14},{"not_picked":["Thunder Strike","Echo Form"],"picked":"Multi-Cast","floor":16},{"not_picked":["Blizzard+1","Hologram"],"picked":"Conserve Battery","floor":18},{"not_picked":["Conserve Battery","Cold Snap"],"picked":"Streamline+1","floor":21},{"not_picked":["Conserve Battery+1","Steam"],"picked":"FTL+1","floor":22},{"not_picked":["Hyperbeam","Doom and Gloom"],"picked":"Stack","floor":23},{"not_picked":["Go for the Eyes","Compile Driver"],"picked":"Stack+1","floor":29},{"not_picked":["Barrage+1","Blizzard"],"picked":"BootSequence","floor":30},{"not_picked":["Amplify","Multi-Cast"],"picked":"All For One","floor":33},{"not_picked":["Coolheaded+1","Blizzard"],"picked":"Streamline+1","floor":35},{"not_picked":["Chill+1","Reinforced Body"],"picked":"Tempest+1","floor":38},{"not_picked":["Conserve Battery","Turbo"],"picked":"BootSequence","floor":39},{"not_picked":["Gash","Hologram"],"picked":"FTL","floor":44}],"player_experience":222386,"relics_obtained":[{"floor":7,"key":"Letter Opener"},{"floor":9,"key":"Anchor"},{"floor":14,"key":"Mango"},{"floor":23,"key":"Bag of Marbles"},{"floor":30,"key":"Symbiotic Virus"},{"floor":43,"key":"Centennial Puzzle"}],"event_choices":[{"damage_healed":0,"gold_gain":0,"player_choice":"Take Wound","damage_taken":0,"relics_obtained":["Golden Idol"],"max_hp_gain":0,"max_hp_loss":0,"event_name":"Golden Idol","floor":3,"gold_loss":0,"cards_obtained":["Injury"]},{"cards_removed":["Injury"],"damage_healed":0,"gold_gain":0,"player_choice":"Removed Curses","damage_taken":0,"max_hp_gain":0,"max_hp_loss":0,"event_name":"Fountain of Cleansing","floor":5,"gold_loss":0},{"damage_healed":0,"gold_gain":0,"player_choice":"Fight","damage_taken":0,"max_hp_gain":0,"max_hp_loss":0,"event_name":"Colosseum","floor":25,"gold_loss":0},{"damage_healed":0,"gold_gain":0,"player_choice":"Fled From Nobs","damage_taken":0,"max_hp_gain":0,"max_hp_loss":0,"event_name":"Colosseum","floor":25,"gold_loss":0},{"damage_healed":0,"gold_gain":0,"player_choice":"Opened","damage_taken":0,"relics_obtained":["Art of War"],"max_hp_gain":0,"max_hp_loss":0,"event_name":"The Mausoleum","floor":28,"gold_loss":0,"cards_obtained":["Writhe"]},{"damage_healed":0,"gold_gain":0,"player_choice":"Gave Idol","damage_taken":0,"relics_obtained":["Bloody Idol"],"max_hp_gain":0,"max_hp_loss":0,"event_name":"Forgotten Altar","floor":31,"relics_lost":["Golden Idol"],"gold_loss":0},{"damage_healed":0,"gold_gain":0,"player_choice":"Max HP","damage_taken":0,"max_hp_gain":0,"max_hp_loss":4,"event_name":"Winding Halls","floor":37,"gold_loss":0},{"damage_healed":0,"gold_gain":0,"player_choice":"Ignored","damage_taken":0,"max_hp_gain":0,"max_hp_loss":0,"event_name":"Mysterious Sphere","floor":41,"gold_loss":0}],"is_beta":false,"boss_relics":[{"not_picked":["Runic Dome","Philosopher\u0027s Stone"],"picked":"Nuclear Battery"},{"not_picked":["Calling Bell","Black Star"],"picked":"Cursed Key"}],"items_purged_floors":[2],"is_endless":false,"potions_floor_spawned":[7,8,12,16,23,30,33],"killed_by":"Reptomancer","ascension_level":1}