{"gold_per_floor":[111,123,135,85,85,119,119,138,163,163,181,206,225,259,259,364,364,381,381,398,398,414,444,444,460,460,460,471,491,491,505,505,505],"floor_reached":33,"playtime":2918,"items_purged":[],"score":393,"play_id":"61e037f8-a796-49f1-928f-84fdc549d863","local_time":"20190419094733","is_ascension_mode":true,"campfire_choices":[{"data":"Uppercut","floor":7,"key":"SMITH"},{"data":"Shrug It Off","floor":10,"key":"SMITH"},{"floor":15,"key":"REST"},{"floor":24,"key":"REST"},{"data":"Juggernaut","floor":27,"key":"SMITH"},{"floor":30,"key":"REST"},{"floor":32,"key":"REST"}],"neow_cost":"NONE","seed_source_timestamp":59117151456800,"circlet_count":0,"master_deck":["Strike_R","Strike_R","Strike_R","Defend_R","Defend_R","Defend_R","Defend_R","Bash+1","Shrug It Off+1","Uppercut+1","Pommel Strike","Ghostly Armor","Juggernaut+1","True Grit","Infernal Blade+1","Dropkick+1","Carnage","True Grit"],"relics":["Burning Blood","Omamori","Oddly Smooth Stone","Happy Flower","Bag of Marbles","Sozu","Lantern","Regal Pillow"],"potions_floor_usage":[6,8,12,12,16,16],"damage_taken":[{"damage":4,"enemies":"2 Louse","floor":1,"turns":3},{"damage":18,"enemies":"Jaw Worm","floor":2,"turns":5},{"damage":0,"enemies":"Cultist","floor":3,"turns":3},{"damage":29,"enemies":"3 Sentries","floor":6,"turns":14},{"damage":19,"enemies":"Exordium Thugs","floor":8,"turns":7},{"damage":10,"enemies":"Large Slime","floor":11,"turns":10},{"damage":16,"enemies":"Lagavulin","floor":12,"turns":7},{"damage":5,"enemies":"Red Slaver","floor":13,"turns":4},{"damage":15,"enemies":"Gremlin Nob","floor":14,"turns":4},{"damage":35,"enemies":"Slime Boss","floor":16,"turns":11},{"damage":1,"enemies":"Shell Parasite","floor":18,"turns":6},{"damage":1,"enemies":"Spheric Guardian","floor":20,"turns":4},{"damage":12,"enemies":"Cultist and Chosen","floor":22,"turns":7},{"damage":51,"enemies":"Book of Stabbing","floor":23,"turns":6},{"damage":10,"enemies":"Shelled Parasite and Fungi","floor":25,"turns":6},{"damage":2,"enemies":"3 Cultists","floor":28,"turns":5},{"damage":24,"enemies":"Chosen and Byrds","floor":29,"turns":5},{"damage":12,"enemies":"Snake Plant","floor":31,"turns":4},{"damage":116,"enemies":"Collector","floor":33,"turns":8}],"seed_played":"-4337398179399101940","potions_obtained":[{"floor":3,"key":"EntropicBrew"},{"floor":5,"key":"BloodPotion"},{"floor":5,"key":"Swift Potion"},{"floor":6,"key":"Weak Potion"},{"floor":12,"key":"SpeedPotion"}],"is_trial":false,"path_per_floor":["?","?","M","?","M","?","M"],"character_chosen":"IRONCLAD","items_purchased":[],"campfire_rested":4,"item_purchase_floors":[],"current_hp_per_floor":[74,62,68,68,68,53,53,40,40,40,36,26,27,18,42,13,63,68,68,73,73,67,22,46,42,42,42,46,28,67,61,80,0],"gold":505,"neow_bonus":"UPGRADE_CARD","is_prod":false,"is_daily":false,"chose_seed":false,"campfire_upgraded":3,"win_rate":0,"timestamp":1555688853,"path_taken":["M","M","M","?","?","E","R","M","T","R","?","E","M","E","R","BOSS","M","?","?","?","M","E","R","?","T","R","M","M","R","M","R","BOSS"],"build_version":"2019-01-23","purchased_purges":0,"victory":false,"max_hp_per_floor":[80,80,80,80,80,80,80,80,80,80,80,80,80,80,80,80,80,80,80,80,80,80,80,80,80,80,80,80,80,80,80,80,80],"card_choices":[{"not_picked":["Warcry","Heavy Blade"],"picked":"Shrug It Off","floor":1},{"not_picked":["Warcry","Perfected Strike"],"picked":"Uppercut","floor":2},{"not_picked":["Perfected Strike","Exhume","Power Through"],"picked":"SKIP","floor":3},{"not_picked":["Entrench","Body Slam","Burning Pact"],"picked":"SKIP","floor":6},{"not_picked":["Uppercut","Twin Strike","Headbutt"],"picked":"SKIP","floor":8},{"not_picked":["Entrench","Second Wind"],"picked":"Pommel Strike","floor":11},{"not_picked":["Twin Strike","Dropkick"],"picked":"Ghostly Armor","floor":12},{"not_picked":["Battle Trance","Clash"],"picked":"Juggernaut","floor":13},{"not_picked":["Twin Strike","Wild Strike"],"picked":"True Grit","floor":14},{"not_picked":["Heavy Blade","Clothesline","Hemokinesis"],"picked":"SKIP","floor":18},{"not_picked":["Sword Boomerang","Burning Pact","Fire Breathing"],"picked":"SKIP","floor":20},{"not_picked":["Twin Strike","Armaments"],"picked":"Infernal Blade+1","floor":22},{"not_picked":["Power Through","Body Slam"],"picked":"Dropkick+1","floor":23},{"not_picked":["Metallicize","Iron Wave"],"picked":"Carnage","floor":25},{"not_picked":["Heavy Blade+1","Rage+1","Combust"],"picked":"SKIP","floor":28},{"not_picked":["Clash","Clothesline"],"picked":"True Grit","floor":29},{"not_picked":["Fire Breathing+1","True Grit","Clash"],"picked":"SKIP","floor":31}],"player_experience":580035,"relics_obtained":[{"floor":6,"key":"Omamori"},{"floor":9,"key":"Oddly Smooth Stone"},{"floor":12,"key":"Happy Flower"},{"floor":14,"key":"Bag of Marbles"},{"floor":23,"key":"Lantern"},{"floor":26,"key":"Regal Pillow"}],"event_choices":[{"cards_removed":["Strike_R"],"damage_healed":0,"gold_gain":0,"player_choice":"Card Removal","damage_taken":0,"max_hp_gain":0,"max_hp_loss":0,"event_name":"The Cleric","floor":4,"gold_loss":50},{"damage_healed":0,"gold_gain":0,"player_choice":"Got Potions","damage_taken":0,"max_hp_gain":0,"max_hp_loss":0,"event_name":"Lab","floor":5,"gold_loss":0},{"damage_healed":0,"gold_gain":0,"cards_transformed":["Strike_R"],"player_choice":"Transformed","damage_taken":0,"max_hp_gain":0,"max_hp_loss":0,"event_name":"Transmorgrifier","floor":19,"gold_loss":0,"cards_obtained":["Rupture"]},{"cards_removed":["Rupture"],"damage_healed":0,"gold_gain":0,"player_choice":"Purged","damage_taken":0,"max_hp_gain":0,"max_hp_loss":0,"event_name":"Purifier","floor":21,"gold_loss":0}],"is_beta":false,"boss_relics":[{"not_picked":["Orrery","White Beast Statue"],"picked":"Sozu"}],"items_purged_floors":[],"is_endless":false,"potions_floor_spawned":[3,6,12,13,23,25,29,31],"killed_by":"Collector","ascension_level":7}