{"gold_per_floor":[111,121,140,140,140,172,172,190,190,205,239,299,299,319,319,319],"floor_reached":16,"playtime":798,"items_purged":[],"score":129,"play_id":"35341c58-1945-4f11-b447-2839dbc2a1e8","local_time":"20181207132552","is_ascension_mode":true,"campfire_choices":[{"floor":7,"key":"REST"},{"floor":15,"key":"REST"}],"neow_cost":"NONE","seed_source_timestamp":317749539533108,"circlet_count":0,"master_deck":["Defend_G","Defend_G","Defend_G","Defend_G","Defend_G","Strike_G","Strike_G","Strike_G","Strike_G","Survivor","Neutralize","Dagger Throw","Crippling Poison","Cloak And Dagger","Blur","Accuracy","Backflip","Blade Dance","Backflip"],"relics":["Ring of the Snake","NeowsBlessing","Paper Crane","Pocketwatch","Tingsha","Bottled Lightning","Mummified Hand"],"potions_floor_usage":[6,11,12],"damage_taken":[{"damage":0,"enemies":"Cultist","floor":1,"turns":1},{"damage":0,"enemies":"Jaw Worm","floor":2,"turns":1},{"damage":0,"enemies":"Small Slimes","floor":3,"turns":1},{"damage":12,"enemies":"3 Sentries","floor":6,"turns":7},{"damage":5,"enemies":"2 Fungi Beasts","floor":8,"turns":4},{"damage":1,"enemies":"Blue Slaver","floor":10,"turns":4},{"damage":16,"enemies":"Gremlin Nob","floor":11,"turns":5},{"damage":44,"enemies":"Lagavulin Event","floor":12,"turns":8},{"damage":6,"enemies":"Exordium Thugs","floor":14,"turns":4},{"damage":0,"enemies":"Slime Boss","floor":16,"turns":1}],"seed_played":"-7199530485890321518","potions_obtained":[{"floor":2,"key":"PowerPotion"},{"floor":10,"key":"SpeedPotion"},{"floor":11,"key":"Swift Potion"},{"floor":14,"key":"Dexterity Potion"}],"is_trial":false,"path_per_floor":["M","M","M","?","?","E","R","M","T","M","E","?","?","M","R","B"],"character_chosen":"THE_SILENT","items_purchased":[],"campfire_rested":2,"item_purchase_floors":[],"current_hp_per_floor":[70,70,70,63,60,48,69,64,64,63,47,3,26,20,41,41],"gold":319,"neow_bonus":"THREE_ENEMY_KILL","is_prod":false,"is_daily":false,"chose_seed":false,"campfire_upgraded":0,"win_rate":0,"timestamp":1544185552,"path_taken":["M","?","?","?","?","E","R","M","T","M","E","?","?","?","R","BOSS"],"build_version":"2018-12-06","purchased_purges":0,"victory":false,"max_hp_per_floor":[70,70,70,70,70,70,70,70,70,70,70,70,70,70,70,70],"card_choices":[{"not_picked":["Deflect","Deadly Poison"],"picked":"Dagger Throw","floor":1},{"not_picked":["Dash","Poisoned Stab"],"picked":"Crippling Poison","floor":2},{"not_picked":["Caltrops","Distraction","PiercingWail"],"picked":"SKIP","floor":3},{"not_picked":["Acrobatics","Heel Hook"],"picked":"Cloak And Dagger","floor":6},{"not_picked":["Deadly Poison","Sucker Punch"],"picked":"Blur","floor":8},{"not_picked":["Tactician","Die Die Die"],"picked":"Accuracy","floor":10},{"not_picked":["Setup","Leg Sweep"],"picked":"Backflip","floor":11},{"not_picked":["Underhanded Strike","Bouncing Flask"],"picked":"Blade Dance","floor":12},{"not_picked":["Prepared","Slice"],"picked":"Backflip","floor":14}],"player_experience":370912,"relics_obtained":[{"floor":6,"key":"Pocketwatch"},{"floor":9,"key":"Tingsha"},{"floor":11,"key":"Bottled Lightning"},{"floor":12,"key":"Mummified Hand"}],"event_choices":[{"cards_removed":["Strike_G"],"damage_healed":0,"gold_gain":0,"player_choice":"Card Removal","damage_taken":7,"max_hp_gain":0,"max_hp_loss":0,"event_name":"Golden Wing","floor":4,"gold_loss":0},{"damage_healed":0,"gold_gain":0,"player_choice":"Success","damage_taken":3,"relics_obtained":["Paper Crane"],"max_hp_gain":0,"max_hp_loss":0,"event_name":"Scrap Ooze","floor":5,"gold_loss":0},{"damage_healed":0,"gold_gain":0,"player_choice":"Searched \u00272\u0027 times","damage_taken":0,"max_hp_gain":0,"max_hp_loss":0,"event_name":"Dead Adventurer","floor":12,"gold_loss":0},{"damage_healed":23,"gold_gain":0,"player_choice":"Banana","damage_taken":0,"max_hp_gain":0,"max_hp_loss":0,"event_name":"Big Fish","floor":13,"gold_loss":0}],"is_beta":false,"boss_relics":[],"items_purged_floors":[],"is_endless":false,"potions_floor_spawned":[2,10,11,14],"killed_by":"Slime Boss","ascension_level":3}