{"gold_per_floor":[113,130,130,150,167,167,199,209,209,228,244,244,263,290,290,389,389,408,408,421,421],"floor_reached":21,"playtime":1497,"items_purged":[],"score":195,"play_id":"a2be4e3c-be21-44b3-a81c-51c73be2e77f","local_time":"20181212173636","is_ascension_mode":false,"campfire_choices":[{"floor":6,"key":"REST"},{"floor":12,"key":"RECALL"},{"floor":15,"key":"REST"}],"neow_cost":"NONE","seed_source_timestamp":673783911795381,"circlet_count":0,"master_deck":["Strike_B","Strike_B","Strike_B","Strike_B","Defend_B","Defend_B","Defend_B","Defend_B","Zap","Dualcast","Impatience","Genetic Algorithm","Defragment","Defragment","Ball Lightning","Barrage","Chaos","Doom and Gloom","Redo","Hello World","Multi-Cast","Creative AI","BootSequence","RitualDagger","Reinforced Body"],"relics":["Cracked Core","Orichalcum","Gremlin Horn","Blue Candle","Runic Pyramid"],"potions_floor_usage":[7,14,16,16,16,21,21],"damage_taken":[{"damage":1,"enemies":"Small Slimes","floor":1,"turns":3},{"damage":1,"enemies":"2 Louse","floor":2,"turns":4},{"damage":2,"enemies":"Cultist","floor":4,"turns":4},{"damage":29,"enemies":"Lots of Slimes","floor":5,"turns":4},{"damage":10,"enemies":"Lagavulin","floor":7,"turns":5},{"damage":0,"enemies":"Red Slaver","floor":8,"turns":4},{"damage":0,"enemies":"Large Slime","floor":10,"turns":4},{"damage":3,"enemies":"2 Fungi Beasts","floor":11,"turns":3},{"damage":7,"enemies":"Blue Slaver","floor":13,"turns":3},{"damage":28,"enemies":"3 Sentries","floor":14,"turns":6},{"damage":31,"enemies":"The Guardian","floor":16,"turns":9},{"damage":22,"enemies":"Spheric Guardian","floor":18,"turns":7},{"damage":18,"enemies":"Shell Parasite","floor":20,"turns":9},{"damage":35,"enemies":"Masked Bandits","floor":21,"turns":3}],"seed_played":"1514970157130013221","potions_obtained":[{"floor":1,"key":"PowerPotion"},{"floor":2,"key":"SpeedPotion"},{"floor":7,"key":"Strength Potion"},{"floor":8,"key":"Dexterity Potion"},{"floor":14,"key":"Dexterity Potion"},{"floor":16,"key":"Poison Potion"},{"floor":18,"key":"FearPotion"}],"is_trial":false,"path_per_floor":["M","M","?","M","M","R","E","M","T","M","M","R","M","E","R","B",null,"M","?","M","?"],"character_chosen":"DEFECT","items_purchased":[],"campfire_rested":2,"item_purchase_floors":[],"current_hp_per_floor":[74,73,73,71,42,64,54,54,54,54,51,51,44,16,38,7,75,53,47,29,0],"gold":421,"neow_bonus":"RANDOM_COLORLESS","is_prod":false,"is_daily":false,"chose_seed":false,"campfire_upgraded":0,"win_rate":0,"timestamp":1544664996,"path_taken":["M","M","?","M","M","R","E","M","T","M","M","R","M","E","R","BOSS","M","?","M","?"],"build_version":"2018-12-06","purchased_purges":0,"victory":false,"max_hp_per_floor":[75,75,75,75,75,75,75,75,75,75,75,75,75,75,75,75,75,75,75,75,75],"card_choices":[{"not_picked":["Force Field","Fusion"],"picked":"Genetic Algorithm","floor":1},{"not_picked":["Compile Driver","Recycle"],"picked":"Defragment","floor":2},{"not_picked":["Self Repair","Sweeping Beam"],"picked":"Defragment","floor":4},{"not_picked":["Leap","Rebound"],"picked":"Ball Lightning","floor":5},{"not_picked":["Steam","Sweeping Beam"],"picked":"Barrage","floor":7},{"not_picked":["Recycle","Stack"],"picked":"Chaos","floor":8},{"not_picked":["Lockon","Barrage"],"picked":"Doom and Gloom","floor":10},{"not_picked":["Sweeping Beam","Lockon"],"picked":"Redo","floor":11},{"not_picked":["Compile Driver","Redo"],"picked":"Hello World","floor":13},{"not_picked":["Ball Lightning","Cold Snap"],"picked":"Multi-Cast","floor":14},{"not_picked":["Thunder Strike","Hyperbeam"],"picked":"Creative AI","floor":16},{"not_picked":["Stack","Coolheaded"],"picked":"BootSequence","floor":18},{"not_picked":["Steam Power","Stack+1"],"picked":"Reinforced Body","floor":20}],"player_experience":233477,"relics_obtained":[{"floor":7,"key":"Orichalcum"},{"floor":9,"key":"Gremlin Horn"},{"floor":14,"key":"Blue Candle"}],"event_choices":[{"damage_healed":0,"gold_gain":0,"player_choice":"Leave","damage_taken":0,"max_hp_gain":0,"max_hp_loss":0,"event_name":"The Cleric","floor":3,"gold_loss":0},{"damage_healed":0,"gold_gain":0,"player_choice":"Joined the Cult","damage_taken":6,"max_hp_gain":0,"max_hp_loss":0,"event_name":"Nest","floor":19,"gold_loss":0,"cards_obtained":["RitualDagger"]},{"damage_healed":0,"gold_gain":0,"player_choice":"Fought Bandits","damage_taken":0,"max_hp_gain":0,"max_hp_loss":0,"event_name":"Masked Bandits","floor":21,"gold_loss":0}],"is_beta":false,"boss_relics":[{"not_picked":["Cursed Key","Black Star"],"picked":"Runic Pyramid"}],"items_purged_floors":[],"is_endless":false,"potions_floor_spawned":[1,2,7,8,14,16,18],"killed_by":"Masked Bandits","ascension_level":0}