{"gold_per_floor":[118,118,68,68,82,82,114,131,157,168,193,193,219,245,257,370,382,414,426,457,481,493],"floor_reached":22,"playtime":827,"items_purged":[],"score":323,"play_id":"206b71ba-c611-4b35-a730-1c2fc68597d4","local_time":"20190413140657","is_ascension_mode":true,"campfire_choices":[{"floor":6,"key":"DIG"},{"floor":12,"key":"DIG"},{"floor":15,"key":"DIG"}],"neow_cost":"NONE","seed_source_timestamp":10035024863990,"circlet_count":0,"master_deck":["Strike_B","Strike_B","Strike_B","Defend_B","Defend_B","Defend_B","Defend_B","Zap","Dualcast","Rebound","Compile Driver","Ball Lightning","Coolheaded","Seek","Cold Snap","Defragment","Coolheaded","Defragment","Hologram"],"relics":["Cracked Core","NeowsBlessing","Lantern","Shovel","Potion Belt","PreservedInsect","Blood Vial","Pocketwatch","MawBank","Smiling Mask","Runic Pyramid"],"potions_floor_usage":[10,11,18],"damage_taken":[{"damage":0,"enemies":"Cultist","floor":1,"turns":1},{"damage":0,"enemies":"Small Slimes","floor":5,"turns":1},{"damage":0,"enemies":"Lagavulin","floor":7,"turns":1},{"damage":2,"enemies":"Jaw Worm","floor":8,"turns":3},{"damage":11,"enemies":"Gremlin Gang","floor":10,"turns":3},{"damage":6,"enemies":"Gremlin Nob","floor":11,"turns":3},{"damage":6,"enemies":"Looter","floor":13,"turns":3},{"damage":4,"enemies":"Red Slaver","floor":14,"turns":3},{"damage":15,"enemies":"The Guardian","floor":16,"turns":13},{"damage":30,"enemies":"2 Thieves","floor":18,"turns":4},{"damage":11,"enemies":"Spheric Guardian","floor":20,"turns":4},{"damage":22,"enemies":"3 Cultists","floor":21,"turns":6},{"damage":13,"enemies":"Centurion and Healer","floor":22,"turns":2}],"seed_played":"-2640246384589882772","potions_obtained":[{"floor":5,"key":"SteroidPotion"},{"floor":8,"key":"SkillPotion"},{"floor":11,"key":"SteroidPotion"},{"floor":13,"key":"EssenceOfSteel"},{"floor":16,"key":"GamblersBrew"},{"floor":21,"key":"Swift Potion"}],"is_trial":false,"path_per_floor":["M","T","?","T","M","R","E","M","T","M","E","R","M","M","R","B",null,"M","?","M","M","M"],"character_chosen":"DEFECT","items_purchased":[],"campfire_rested":0,"item_purchase_floors":[],"current_hp_per_floor":[68,68,68,68,68,68,68,66,66,57,53,53,49,47,47,34,65,37,37,28,8,0],"gold":493,"neow_bonus":"THREE_ENEMY_KILL","is_prod":false,"is_daily":false,"chose_seed":false,"campfire_upgraded":0,"win_rate":0,"timestamp":1555189617,"path_taken":["M","?","?","?","M","R","E","M","T","M","E","R","?","M","R","BOSS","M","?","M","?","M"],"build_version":"2019-01-23","purchased_purges":0,"victory":false,"max_hp_per_floor":[75,75,75,75,75,75,75,75,75,75,75,75,75,75,75,75,75,75,75,75,75,75],"card_choices":[{"not_picked":["Redo","Turbo"],"picked":"Rebound","floor":1},{"not_picked":["Fusion","Turbo"],"picked":"Compile Driver","floor":5},{"not_picked":["Tempest","Streamline"],"picked":"Ball Lightning","floor":7},{"not_picked":["Sweeping Beam","Leap"],"picked":"Coolheaded","floor":8},{"not_picked":["Hologram","Leap"],"picked":"Seek","floor":10},{"not_picked":["Leap","Stack"],"picked":"Cold Snap","floor":11},{"not_picked":["Go for the Eyes","Cold Snap","Steam Power"],"picked":"SKIP","floor":13},{"not_picked":["Fusion","Compile Driver"],"picked":"Defragment","floor":14},{"not_picked":["Stack","Redo"],"picked":"Coolheaded","floor":18},{"not_picked":["Go for the Eyes","Auto Shields","Gash"],"picked":"SKIP","floor":20},{"not_picked":["Undo","Barrage"],"picked":"Hologram","floor":21}],"player_experience":224824,"relics_obtained":[{"floor":2,"key":"Lantern"},{"floor":4,"key":"Shovel"},{"floor":6,"key":"Potion Belt"},{"floor":7,"key":"PreservedInsect"},{"floor":9,"key":"Blood Vial"},{"floor":11,"key":"Pocketwatch"},{"floor":12,"key":"MawBank"},{"floor":15,"key":"Smiling Mask"}],"event_choices":[{"cards_removed":["Strike_B"],"damage_healed":0,"gold_gain":0,"player_choice":"Card Removal","damage_taken":0,"max_hp_gain":0,"max_hp_loss":0,"event_name":"The Cleric","floor":3,"gold_loss":50},{"damage_healed":0,"gold_gain":0,"player_choice":"Copied","damage_taken":0,"max_hp_gain":0,"max_hp_loss":0,"event_name":"Duplicator","floor":19,"gold_loss":0,"cards_obtained":["Defragment"]}],"is_beta":false,"boss_relics":[{"not_picked":["Philosopher\u0027s Stone","Sozu"],"picked":"Runic Pyramid"}],"items_purged_floors":[],"is_endless":false,"potions_floor_spawned":[5,8,11,13,16,21],"killed_by":"Centurion and Healer","ascension_level":9}