{"gold_per_floor":[214,228,245,258,25,25,86,86,112,112,123,155,169,195,195,297,297,266,16,16,30,46,46],"floor_reached":23,"playtime":1413,"items_purged":["Defend_R","Strike_R"],"score":213,"play_id":"32de98a0-e9ac-4612-9ee5-8bb0cf851781","local_time":"20190409144431","is_ascension_mode":false,"campfire_choices":[{"data":"Shrug It Off","floor":6,"key":"SMITH"},{"floor":8,"key":"REST"},{"floor":15,"key":"REST"}],"neow_cost":"NONE","seed_source_timestamp":133812829640399,"circlet_count":0,"master_deck":["Strike_R","Strike_R","Strike_R","Strike_R","Defend_R","Defend_R","Defend_R","Bash","Pommel Strike","Shrug It Off","Shrug It Off+1","Entrench","Offering","Body Slam","Flame Barrier+1"],"relics":["Burning Blood","Membership Card","Tiny Chest","Boot","Pen Nib","Mercury Hourglass","Eternal Feather","PreservedInsect","Toxic Egg 2"],"potions_floor_usage":[7,11,14,16,23],"damage_taken":[{"damage":15,"enemies":"Cultist","floor":1,"turns":4},{"damage":0,"enemies":"Small Slimes","floor":2,"turns":3},{"damage":0,"enemies":"2 Louse","floor":3,"turns":2},{"damage":9,"enemies":"Blue Slaver","floor":4,"turns":5},{"damage":27,"enemies":"3 Sentries","floor":7,"turns":10},{"damage":7,"enemies":"Gremlin Gang","floor":11,"turns":10},{"damage":48,"enemies":"Gremlin Nob","floor":12,"turns":5},{"damage":12,"enemies":"Large Slime","floor":13,"turns":8},{"damage":24,"enemies":"3 Sentries","floor":14,"turns":9},{"damage":30,"enemies":"Slime Boss","floor":16,"turns":7},{"damage":25,"enemies":"2 Thieves","floor":18,"turns":5},{"damage":31,"enemies":"Spheric Guardian","floor":21,"turns":4},{"damage":26,"enemies":"Centurion and Healer","floor":22,"turns":8},{"damage":19,"enemies":"Slavers","floor":23,"turns":3}],"seed_played":"-6940590666649437465","potions_obtained":[{"floor":1,"key":"Dexterity Potion"},{"floor":4,"key":"Explosive Potion"},{"floor":13,"key":"AttackPotion"},{"floor":14,"key":"PowerPotion"},{"floor":22,"key":"EssenceOfSteel"}],"is_trial":false,"path_per_floor":["M","M","M","M","$","R","E","R","T","?","M","E","M","E","R","B",null,"M","$","?","M","M","E"],"character_chosen":"IRONCLAD","items_purchased":["Membership Card","PreservedInsect","Toxic Egg 2"],"campfire_rested":2,"item_purchase_floors":[5,19,19],"current_hp_per_floor":[71,77,80,77,77,77,56,80,80,80,79,37,31,13,37,13,80,61,61,61,36,16,0],"gold":46,"neow_bonus":"HUNDRED_GOLD","is_prod":false,"is_daily":false,"chose_seed":false,"campfire_upgraded":1,"win_rate":0,"timestamp":1554813871,"path_taken":["M","?","M","M","$","R","E","R","T","?","?","E","M","E","R","BOSS","M","$","?","M","M","E"],"build_version":"2019-01-23","purchased_purges":2,"victory":false,"max_hp_per_floor":[80,80,80,80,80,80,80,80,80,80,80,80,80,80,80,80,80,80,80,80,80,80,80],"card_choices":[{"not_picked":["Shockwave","Seeing Red"],"picked":"Pommel Strike","floor":1},{"not_picked":["Clothesline","Thunderclap","Anger"],"picked":"SKIP","floor":2},{"not_picked":["Seeing Red","Headbutt"],"picked":"Shrug It Off","floor":3},{"not_picked":["Flame Barrier","Sword Boomerang"],"picked":"Shrug It Off","floor":4},{"not_picked":["Pommel Strike","Blood for Blood","Corruption"],"picked":"SKIP","floor":7},{"not_picked":["Intimidate","Limit Break","Heavy Blade"],"picked":"SKIP","floor":11},{"not_picked":["Armaments","Burning Pact","Perfected Strike"],"picked":"SKIP","floor":12},{"not_picked":["Twin Strike","Havoc"],"picked":"Entrench","floor":13},{"not_picked":["Power Through","Sentinel","Warcry"],"picked":"SKIP","floor":14},{"not_picked":["Immolate","Double Tap"],"picked":"Offering","floor":16},{"not_picked":["Sever Soul","Cleave+1","Perfected Strike"],"picked":"SKIP","floor":18},{"not_picked":["Havoc+1","Carnage","Iron Wave+1"],"picked":"SKIP","floor":21},{"not_picked":["Pommel Strike+1","Combust"],"picked":"Flame Barrier+1","floor":22}],"player_experience":333675,"relics_obtained":[{"floor":7,"key":"Tiny Chest"},{"floor":9,"key":"Boot"},{"floor":12,"key":"Pen Nib"},{"floor":14,"key":"Mercury Hourglass"}],"event_choices":[{"damage_healed":0,"gold_gain":0,"player_choice":"0 cards matched","damage_taken":0,"max_hp_gain":0,"max_hp_loss":0,"event_name":"Match and Keep!","floor":10,"gold_loss":0,"cards_obtained":[]},{"damage_healed":0,"gold_gain":0,"player_choice":"Read","damage_taken":0,"max_hp_gain":0,"max_hp_loss":0,"event_name":"The Library","floor":20,"gold_loss":0,"cards_obtained":["Body Slam"]}],"is_beta":false,"boss_relics":[{"not_picked":["Runic Dome","Tiny House"],"picked":"Eternal Feather"}],"items_purged_floors":[5,19],"is_endless":false,"potions_floor_spawned":[1,4,13,14,22],"killed_by":"Slavers","ascension_level":0}