{"gold_per_floor":[111,168,188,188,31,31,66,66,66,66,86,98,131,150,150,248,248,262,287,287,301,301,301,335,353,353,368,395,407,430,367,367,367],"floor_reached":33,"playtime":1246,"items_purged":["Strike_R"],"score":472,"play_id":"0c0f3448-c55c-4a07-85db-bf551f14924d","local_time":"20190420190724","is_ascension_mode":true,"campfire_choices":[{"data":"Defend_R","floor":6,"key":"SMITH"},{"data":"Carnage","floor":8,"key":"SMITH"},{"floor":10,"key":"REST"},{"data":"Hemokinesis","floor":15,"key":"SMITH"},{"floor":23,"key":"REST"},{"floor":32,"key":"REST"}],"neow_cost":"NONE","seed_source_timestamp":632442639365278,"circlet_count":0,"master_deck":["AscendersBane","Strike_R","Strike_R","Strike_R","Strike_R","Defend_R+1","Defend_R","Defend_R","Defend_R","Bash+1","Carnage+1","Sword Boomerang","Hemokinesis+1","Anger","Offering","Uppercut","Wild Strike+1","Disarm","Fire Breathing+1","Disarm","Flame Barrier"],"relics":["Burning Blood","Sundial","Art of War","Orichalcum","Red Skull","Boot","Fusion Hammer","Red Mask","MutagenicStrength","Question Card","Strawberry","MawBank"],"potions_floor_usage":[33,33],"damage_taken":[{"damage":2,"enemies":"Jaw Worm","floor":1,"turns":3},{"damage":7,"enemies":"2 Louse","floor":3,"turns":4},{"damage":56,"enemies":"3 Sentries","floor":7,"turns":13},{"damage":0,"enemies":"Cultist","floor":11,"turns":3},{"damage":0,"enemies":"2 Fungi Beasts","floor":12,"turns":3},{"damage":26,"enemies":"Lagavulin","floor":13,"turns":6},{"damage":2,"enemies":"Exordium Wildlife","floor":14,"turns":3},{"damage":22,"enemies":"Slime Boss","floor":16,"turns":8},{"damage":11,"enemies":"Shell Parasite","floor":18,"turns":3},{"damage":44,"enemies":"Masked Bandits","floor":19,"turns":4},{"damage":8,"enemies":"3 Byrds","floor":21,"turns":4},{"damage":22,"enemies":"Slavers","floor":24,"turns":4},{"damage":8,"enemies":"Centurion and Healer","floor":25,"turns":4},{"damage":14,"enemies":"Shelled Parasite and Fungi","floor":27,"turns":4},{"damage":14,"enemies":"Book of Stabbing","floor":28,"turns":4},{"damage":6,"enemies":"Snake Plant","floor":30,"turns":1},{"damage":85,"enemies":"Automaton","floor":33,"turns":6}],"seed_played":"-4870641149812906660","potions_obtained":[{"floor":7,"key":"LiquidBronze"},{"floor":12,"key":"LiquidBronze"},{"floor":14,"key":"Dexterity Potion"},{"floor":21,"key":"FearPotion"},{"floor":28,"key":"SkillPotion"}],"is_trial":false,"path_per_floor":["M","?","M","?","$","R","E","R","T","R","M","M","E","M","R","B",null,"M","?","?","M","?","R","E","M","T","M","E","?","M","$","R","B"],"character_chosen":"IRONCLAD","items_purchased":["Art of War"],"campfire_rested":3,"item_purchase_floors":[5],"current_hp_per_floor":[76,76,75,75,75,75,25,25,25,49,55,61,41,45,45,29,67,62,24,24,22,48,72,56,54,61,53,45,28,28,28,55,0],"gold":367,"neow_bonus":"UPGRADE_CARD","is_prod":false,"is_daily":false,"chose_seed":false,"campfire_upgraded":3,"win_rate":0,"timestamp":1555812444,"path_taken":["M","?","M","?","$","R","E","R","T","R","?","M","E","M","R","BOSS","M","?","?","M","?","R","E","M","T","M","E","?","M","?","R","BOSS"],"build_version":"2019-01-23","purchased_purges":1,"victory":false,"max_hp_per_floor":[80,80,80,80,80,80,80,80,80,80,80,80,80,80,80,80,80,80,80,80,80,80,80,80,80,87,87,87,92,92,92,92,92],"card_choices":[{"not_picked":["Sword Boomerang","Rage"],"picked":"Armaments","floor":1},{"not_picked":["Bloodletting","Clash","Sentinel"],"picked":"SKIP","floor":3},{"not_picked":["Feel No Pain","Havoc"],"picked":"Carnage","floor":7},{"not_picked":["Perfected Strike","Clash"],"picked":"Sword Boomerang","floor":11},{"not_picked":["Fire Breathing","Iron Wave","Clash"],"picked":"SKIP","floor":12},{"not_picked":["Thunderclap","Ghostly Armor"],"picked":"Hemokinesis","floor":13},{"not_picked":["Heavy Blade","Barricade"],"picked":"Anger","floor":14},{"not_picked":["Bludgeon","Exhume"],"picked":"Offering","floor":16},{"not_picked":["Thunderclap","Bloodletting","Sword Boomerang"],"picked":"SKIP","floor":18},{"not_picked":["Warcry","Body Slam"],"picked":"Uppercut","floor":19},{"not_picked":["True Grit","Warcry"],"picked":"Wild Strike+1","floor":21},{"not_picked":["Thunderclap","Havoc"],"picked":"Disarm","floor":24},{"not_picked":["Havoc","Body Slam","Thunderclap"],"picked":"Fire Breathing+1","floor":25},{"not_picked":["Perfected Strike","Power Through","Dual Wield"],"picked":"Disarm","floor":27},{"not_picked":["Perfected Strike","Dual Wield","Berserk"],"picked":"Flame Barrier","floor":28},{"not_picked":["Heavy Blade","Body Slam","Perfected Strike","Flex"],"picked":"SKIP","floor":30}],"player_experience":283148,"relics_obtained":[{"floor":7,"key":"Orichalcum"},{"floor":9,"key":"Red Skull"},{"floor":13,"key":"Boot"},{"floor":19,"key":"Red Mask"},{"floor":24,"key":"Question Card"},{"floor":26,"key":"Strawberry"},{"floor":28,"key":"MawBank"}],"event_choices":[{"damage_healed":0,"gold_gain":57,"player_choice":"Gained Gold","damage_taken":0,"max_hp_gain":0,"max_hp_loss":0,"event_name":"Golden Wing","floor":2,"gold_loss":0},{"cards_removed":["Armaments"],"damage_healed":0,"gold_gain":0,"player_choice":"Gave Card","damage_taken":0,"relics_obtained":["Sundial"],"max_hp_gain":0,"max_hp_loss":0,"event_name":"WeMeetAgain","floor":4,"gold_loss":0},{"damage_healed":0,"gold_gain":0,"player_choice":"Fought Bandits","damage_taken":0,"max_hp_gain":0,"max_hp_loss":0,"event_name":"Masked Bandits","floor":19,"gold_loss":0},{"damage_healed":0,"gold_gain":0,"player_choice":"Inject Mutagens","damage_taken":0,"relics_obtained":["MutagenicStrength"],"max_hp_gain":0,"max_hp_loss":0,"event_name":"Drug Dealer","floor":20,"gold_loss":0},{"damage_healed":26,"gold_gain":0,"player_choice":"Heal","damage_taken":0,"max_hp_gain":0,"max_hp_loss":0,"event_name":"The Library","floor":22,"gold_loss":0},{"damage_healed":0,"gold_gain":0,"player_choice":"Shed Blood","damage_taken":22,"max_hp_gain":5,"max_hp_loss":0,"event_name":"Forgotten Altar","floor":29,"gold_loss":0}],"is_beta":false,"boss_relics":[{"not_picked":["Tiny House","Snecko Eye"],"picked":"Fusion Hammer"}],"items_purged_floors":[31],"is_endless":false,"potions_floor_spawned":[7,12,14,19,21,25,28],"killed_by":"Automaton","ascension_level":12}