{"gold_per_floor":[109,34,47,47,47,47,82,101,101,111,124,159,176,189,189,189],"floor_reached":16,"playtime":544,"items_purged":[],"score":222,"play_id":"ddeb3784-3f89-4316-88a3-65839c8c1b02","local_time":"20190423222031","is_ascension_mode":true,"campfire_choices":[{"data":"Noxious Fumes","floor":6.0,"key":"SMITH"},{"floor":15.0,"key":"REST"}],"neow_cost":"NONE","seed_source_timestamp":0,"circlet_count":0,"master_deck":["AscendersBane","Defend_G","Defend_G","Defend_G","Defend_G","Defend_G","Strike_G","Strike_G","Strike_G","Strike_G","Survivor","Neutralize","Noxious Fumes+1","All Out Attack","All Out Attack","Poisoned Stab","Poisoned Stab","Backflip","Caltrops","Endless Agony"],"special_seed":0,"relics":["Ring of the Snake","NeowsBlessing","Letter Opener","Regal Pillow","Art of War"],"potions_floor_usage":[],"damage_taken":[{"damage":0.0,"enemies":"Cultist","floor":1.0,"turns":1.0},{"damage":0.0,"enemies":"Jaw Worm","floor":3.0,"turns":1.0},{"damage":0.0,"enemies":"Lagavulin","floor":7.0,"turns":1.0},{"damage":0.0,"enemies":"2 Louse","floor":8.0,"turns":3.0},{"damage":16.0,"enemies":"Exordium Wildlife","floor":10.0,"turns":3.0},{"damage":6.0,"enemies":"Gremlin Gang","floor":11.0,"turns":3.0},{"damage":22.0,"enemies":"3 Sentries","floor":12.0,"turns":6.0},{"damage":0.0,"enemies":"2 Fungi Beasts","floor":13.0,"turns":2.0},{"damage":0.0,"enemies":"3 Louse","floor":14.0,"turns":2.0},{"damage":58,"enemies":"Slime Boss","floor":16,"turns":7}],"seed_played":"-7228633147346056493","potions_obtained":[{"floor":3.0,"key":"Dexterity Potion"},{"floor":11.0,"key":"SteroidPotion"},{"floor":12.0,"key":"Explosive Potion"}],"is_trial":false,"path_per_floor":["M","$","M","$","?","R","E","M","T","M","M","E","M","M","R","B"],"character_chosen":"THE_SILENT","items_purchased":["Noxious Fumes"],"campfire_rested":1,"item_purchase_floors":[2],"current_hp_per_floor":[63,63,63,63,63,63,63,63,63,47,41,19,19,19,55,0],"gold":189,"neow_bonus":"THREE_ENEMY_KILL","is_prod":false,"is_daily":false,"chose_seed":false,"campfire_upgraded":1,"win_rate":0,"timestamp":1556083231,"path_taken":["M","?","?","$","?","R","E","?","T","M","M","E","M","M","R","BOSS"],"build_version":"2019-01-23","purchased_purges":0,"victory":false,"max_hp_per_floor":[70,70,70,70,70,70,70,70,70,70,70,70,70,70,70,70],"card_choices":[{"not_picked":["Dodge and Roll","Backflip","Terror"],"picked":"SKIP","floor":1.0},{"not_picked":["Outmaneuver","PiercingWail"],"picked":"All Out Attack","floor":3.0},{"not_picked":["Riddle With Holes","Prepared"],"picked":"Poisoned Stab","floor":7.0},{"not_picked":["Dagger Spray","Finisher"],"picked":"Poisoned Stab","floor":8.0},{"not_picked":["Bane","Predator","Finisher"],"picked":"SKIP","floor":10.0},{"not_picked":["Dagger Throw","Flying Knee","Quick Slash"],"picked":"SKIP","floor":11.0},{"not_picked":["Die Die Die","Poisoned Stab"],"picked":"Backflip","floor":12.0},{"not_picked":["Sucker Punch","Dash"],"picked":"Caltrops","floor":13.0},{"not_picked":["Calculated Gamble","Tactician"],"picked":"Endless Agony","floor":14.0}],"player_experience":295028,"relics_obtained":[{"floor":7.0,"key":"Letter Opener"},{"floor":9.0,"key":"Regal Pillow"},{"floor":12.0,"key":"Art of War"}],"event_choices":[{"damage_healed":0.0,"max_hp_gain":0.0,"max_hp_loss":0.0,"gold_gain":0.0,"cards_transformed":["Strike_G"],"event_name":"Transmorgrifier","player_choice":"Transformed","floor":5.0,"gold_loss":0.0,"damage_taken":0.0,"cards_obtained":["All Out Attack"]}],"is_beta":false,"boss_relics":[],"items_purged_floors":[],"is_endless":false,"potions_floor_spawned":[3,11,12,13],"killed_by":"Slime Boss","ascension_level":12}