{"gold_per_floor":[117,117,0,0,0,63,63,96,148,158,158,173,173,244,244,369,369,384,400,416,416,435,435],"floor_reached":23,"playtime":761,"items_purged":[],"score":386,"play_id":"61689496-4403-4cc5-bf84-fbf614e9b5c0","local_time":"20190417133531","is_ascension_mode":true,"campfire_choices":[{"data":"Noxious Fumes","floor":7,"key":"SMITH"},{"data":"Dash","floor":15,"key":"SMITH"}],"neow_cost":"NONE","seed_source_timestamp":353814444515379,"circlet_count":0,"master_deck":["AscendersBane","Defend_G+1","Defend_G+1","Defend_G+1","Defend_G+1","Defend_G+1","Strike_G+1","Strike_G+1","Strike_G+1","Strike_G+1","Survivor","Neutralize","Dash+1","Noxious Fumes+1","Bouncing Flask","Flying Knee","Quick Slash","Dagger Spray","Poisoned Stab","Adrenaline","Flying Knee+1","Choke"],"relics":["Ring of the Snake","NeowsBlessing","Orichalcum","Tiny Chest","Anchor","Oddly Smooth Stone","Golden Idol","Snake Skull","Snecko Eye"],"potions_floor_usage":[14,14,19,23,23],"damage_taken":[{"damage":0,"enemies":"Small Slimes","floor":1,"turns":1},{"damage":0,"enemies":"Lagavulin","floor":6,"turns":1},{"damage":0,"enemies":"Gremlin Nob","floor":8,"turns":1},{"damage":0,"enemies":"Jaw Worm","floor":10,"turns":3},{"damage":0,"enemies":"2 Louse","floor":12,"turns":2},{"damage":14,"enemies":"Gremlin Nob","floor":14,"turns":4},{"damage":7,"enemies":"Hexaghost","floor":16,"turns":8},{"damage":15,"enemies":"Shell Parasite","floor":18,"turns":5},{"damage":0,"enemies":"3 Byrds","floor":19,"turns":4},{"damage":7,"enemies":"Snecko","floor":20,"turns":4},{"damage":1,"enemies":"Shelled Parasite and Fungi","floor":22,"turns":3},{"damage":38,"enemies":"Slavers","floor":23,"turns":3}],"seed_played":"-1916557706192537073","potions_obtained":[{"floor":1,"key":"GamblersBrew"},{"floor":8,"key":"Ancient Potion"},{"floor":12,"key":"Regen Potion"},{"floor":14,"key":"AttackPotion"},{"floor":16,"key":"Swift Potion"},{"floor":19,"key":"Weak Potion"}],"is_trial":false,"path_per_floor":["M","?","$","?","$","E","R","E","T","M","?","M","?","?","R","B",null,"M","M","M","?","M","E"],"character_chosen":"THE_SILENT","items_purchased":["Noxious Fumes","Poison Potion"],"campfire_rested":0,"item_purchase_floors":[3,3],"current_hp_per_floor":[63,68,68,43,43,43,43,43,43,43,43,43,25,23,23,16,60,45,45,38,38,37,0],"gold":435,"neow_bonus":"THREE_ENEMY_KILL","is_prod":false,"is_daily":false,"chose_seed":false,"campfire_upgraded":2,"win_rate":0,"timestamp":1555533331,"path_taken":["M","?","$","?","$","E","R","E","T","?","?","?","?","?","R","BOSS","M","M","M","?","M","E"],"build_version":"2019-01-23","purchased_purges":0,"victory":false,"max_hp_per_floor":[70,75,75,75,75,75,75,75,75,75,75,75,75,75,75,75,75,75,75,75,75,75,75],"card_choices":[{"not_picked":["Setup","Reflex"],"picked":"Dash","floor":1},{"not_picked":["Predator","Bane"],"picked":"Bouncing Flask","floor":6},{"not_picked":["Backstab","Quick Slash"],"picked":"Flying Knee","floor":8},{"not_picked":["Predator","Tactician"],"picked":"Quick Slash","floor":10},{"not_picked":["Terror","Prepared"],"picked":"Dagger Spray","floor":12},{"not_picked":["Prepared","Heel Hook"],"picked":"Poisoned Stab","floor":14},{"not_picked":["A Thousand Cuts","Storm of Steel"],"picked":"Adrenaline","floor":16},{"not_picked":["Slice","Bane"],"picked":"Flying Knee+1","floor":18},{"not_picked":["Blade Dance+1","Flying Knee","Deflect"],"picked":"SKIP","floor":19},{"not_picked":["Dodge and Roll","Dagger Throw"],"picked":"Choke","floor":20},{"not_picked":["Prepared","All Out Attack","Reflex"],"picked":"SKIP","floor":22}],"player_experience":250877,"relics_obtained":[{"floor":6,"key":"Tiny Chest"},{"floor":8,"key":"Anchor"},{"floor":9,"key":"Oddly Smooth Stone"},{"floor":14,"key":"Snake Skull"}],"event_choices":[{"damage_healed":0,"gold_gain":0,"player_choice":"Donut","damage_taken":0,"max_hp_gain":5,"max_hp_loss":0,"event_name":"Big Fish","floor":2,"gold_loss":0},{"damage_healed":0,"gold_gain":0,"player_choice":"Success","damage_taken":25,"relics_obtained":["Orichalcum"],"max_hp_gain":0,"max_hp_loss":0,"event_name":"Scrap Ooze","floor":4,"gold_loss":0},{"cards_removed":["Strike_G"],"damage_healed":0,"gold_gain":0,"player_choice":"Offered Basic","damage_taken":0,"max_hp_gain":0,"max_hp_loss":0,"event_name":"Bonfire Elementals","floor":11,"gold_loss":0},{"damage_healed":0,"gold_gain":0,"player_choice":"Take Damage","damage_taken":18,"relics_obtained":["Golden Idol"],"max_hp_gain":0,"max_hp_loss":0,"event_name":"Golden Idol","floor":13,"gold_loss":0},{"damage_healed":0,"gold_gain":0,"player_choice":"Searched \u00271\u0027 times","damage_taken":0,"max_hp_gain":0,"max_hp_loss":0,"event_name":"Dead Adventurer","floor":14,"gold_loss":0},{"damage_healed":0,"gold_gain":0,"player_choice":"Simplicity","damage_taken":0,"max_hp_gain":0,"max_hp_loss":0,"event_name":"Back to Basics","floor":21,"gold_loss":0,"cards_upgraded":["Defend_G","Defend_G","Defend_G","Defend_G","Defend_G","Strike_G","Strike_G","Strike_G","Strike_G"]}],"is_beta":false,"boss_relics":[{"not_picked":["WristBlade","Astrolabe"],"picked":"Snecko Eye"}],"items_purged_floors":[],"is_endless":false,"potions_floor_spawned":[1,8,12,14,16,19,20],"killed_by":"Slavers","ascension_level":11}