{"gold_per_floor":[109,120,140,140,23,61,76,95,149,149,149,149,172,195,195,324,324,308,326,347,371,371],"floor_reached":22,"playtime":1741,"items_purged":[],"score":211,"play_id":"0392f108-3cfe-430e-aaf4-e10fffa7407a","local_time":"20190414005558","is_ascension_mode":true,"campfire_choices":[{"data":"Noxious Fumes","floor":12,"key":"SMITH"},{"data":"Deflect","floor":15,"key":"SMITH"}],"neow_cost":"NONE","seed_source_timestamp":353497671609600,"circlet_count":0,"master_deck":["Defend_G","Defend_G","Defend_G","Defend_G","Defend_G","Strike_G","Strike_G","Strike_G","Strike_G","Survivor","Neutralize","Footwork","Footwork","Leg Sweep","Deflect+1","Footwork","Noxious Fumes+1","Deflect","Acrobatics","Noxious Fumes","Burst","Dodge and Roll","Dodge and Roll","Blur","Deadly Poison","Escape Plan+1"],"relics":["Coffee Dripper","Golden Idol","Bronze Scales","Orrery"],"potions_floor_usage":[16,21,21],"damage_taken":[{"damage":0,"enemies":"Small Slimes","floor":1,"turns":3},{"damage":4,"enemies":"Jaw Worm","floor":2,"turns":5},{"damage":0,"enemies":"2 Louse","floor":3,"turns":3},{"damage":4,"enemies":"Lagavulin","floor":6,"turns":18},{"damage":9,"enemies":"Lots of Slimes","floor":7,"turns":4},{"damage":2,"enemies":"Blue Slaver","floor":8,"turns":5},{"damage":0,"enemies":"Large Slime","floor":13,"turns":8},{"damage":4,"enemies":"3 Louse","floor":14,"turns":4},{"damage":1,"enemies":"Slime Boss","floor":16,"turns":11},{"damage":3,"enemies":"2 Thieves","floor":18,"turns":5},{"damage":0,"enemies":"Chosen","floor":19,"turns":6},{"damage":5,"enemies":"Centurion and Healer","floor":20,"turns":8},{"damage":10,"enemies":"3 Cultists","floor":21,"turns":8},{"damage":78,"enemies":"Cultist and Chosen","floor":22,"turns":7}],"seed_played":"5513668762403410793","potions_obtained":[{"floor":1,"key":"Energy Potion"},{"floor":2,"key":"Regen Potion"},{"floor":3,"key":"Strength Potion"},{"floor":16,"key":"GhostInAJar"}],"is_trial":false,"path_per_floor":["M","M","M","?","$","E","M","M","T","?","?","R","M","M","R","B",null,"M","M","M","M","M"],"character_chosen":"THE_SILENT","items_purchased":["Deflect","Footwork"],"campfire_rested":0,"item_purchase_floors":[5,5],"current_hp_per_floor":[70,66,66,65,65,61,52,50,50,43,43,43,43,39,39,38,65,62,62,57,62,0],"gold":371,"neow_bonus":"BOSS_RELIC","is_prod":false,"is_daily":false,"chose_seed":false,"campfire_upgraded":2,"win_rate":0,"timestamp":1555196158,"path_taken":["M","M","M","?","?","E","M","M","T","?","?","R","M","M","R","BOSS","M","M","M","M","?"],"build_version":"2019-01-23","purchased_purges":0,"victory":false,"max_hp_per_floor":[70,70,70,65,65,65,65,65,65,65,65,65,65,65,65,65,65,65,65,65,65,65],"card_choices":[{"not_picked":["Deadly Poison","Bouncing Flask"],"picked":"Footwork","floor":1},{"not_picked":["Accuracy","Riddle With Holes"],"picked":"Footwork","floor":2},{"not_picked":["Predator","Terror"],"picked":"Leg Sweep","floor":3},{"not_picked":["All Out Attack","Bane"],"picked":"Noxious Fumes","floor":6},{"not_picked":["Acrobatics","Masterful Stab"],"picked":"Deflect","floor":7},{"not_picked":["Tactician","Accuracy","Expertise"],"picked":"SKIP","floor":8},{"not_picked":["Predator","Deadly Poison"],"picked":"Acrobatics","floor":13},{"not_picked":["Bane","Sucker Punch"],"picked":"Noxious Fumes","floor":14},{"not_picked":["Doppelganger","Malaise"],"picked":"Burst","floor":16},{"not_picked":["Terror","Finisher"],"picked":"Dodge and Roll","floor":17},{"not_picked":["Underhanded Strike","Blade Dance"],"picked":"Dodge and Roll","floor":17},{"not_picked":["Backstab","Adrenaline"],"picked":"Blur","floor":17},{"not_picked":["Bouncing Flask","Bane"],"picked":"Deadly Poison","floor":17},{"not_picked":["Deadly Poison","Sucker Punch","Flying Knee+1"],"picked":"SKIP","floor":18},{"not_picked":["Dagger Spray","Cloak And Dagger","Dagger Throw"],"picked":"SKIP","floor":19},{"not_picked":["Quick Slash","Unload"],"picked":"Escape Plan+1","floor":20},{"not_picked":["Poisoned Stab","Caltrops","Cloak And Dagger+1"],"picked":"SKIP","floor":21}],"player_experience":431013,"relics_obtained":[{"floor":6,"key":"Bronze Scales"}],"event_choices":[{"damage_healed":0,"gold_gain":0,"player_choice":"Lose Max HP","damage_taken":0,"relics_obtained":["Golden Idol"],"max_hp_gain":0,"max_hp_loss":5,"event_name":"Golden Idol","floor":4,"gold_loss":0},{"cards_removed":["Strike_G"],"damage_healed":0,"gold_gain":0,"player_choice":"Card Removal","damage_taken":7,"max_hp_gain":0,"max_hp_loss":0,"event_name":"Golden Wing","floor":10,"gold_loss":0},{"damage_healed":0,"gold_gain":0,"player_choice":"Bought 0 Potions","damage_taken":0,"max_hp_gain":0,"max_hp_loss":0,"event_name":"The Woman in Blue","floor":11,"gold_loss":0}],"is_beta":false,"boss_relics":[{"not_picked":["White Beast Statue","Busted Crown"],"picked":"Orrery"}],"items_purged_floors":[],"is_endless":false,"potions_floor_spawned":[1,2,3,8,14,16,18],"killed_by":"Cultist and Chosen","ascension_level":2}