{"gold_per_floor":[118,135,155,168,180,205,215,244,268,281,309,322,337,356,356,456,456,475,495,509,528,540,540,567,584,584,617,629,641,666,123,123,123],"floor_reached":33,"playtime":1847,"items_purged":["Strike_G"],"score":465,"play_id":"6c440578-05bc-4f6d-a0b9-ea1e0765552f","local_time":"20190412120603","is_ascension_mode":true,"campfire_choices":[{"floor":15,"key":"REST"},{"data":"After Image","floor":23,"key":"SMITH"},{"data":"Dodge and Roll","floor":28,"key":"SMITH"},{"floor":32,"key":"REST"}],"neow_cost":"NONE","seed_source_timestamp":220799321650400,"circlet_count":0,"master_deck":["Defend_G","Defend_G","Defend_G","Defend_G","Defend_G","Strike_G","Strike_G","Strike_G","Strike_G","Survivor","Neutralize","Poisoned Stab","Poisoned Stab","Dodge and Roll","Poisoned Stab","Backstab","Backflip","Dodge and Roll+1","Catalyst","Dagger Throw","Noxious Fumes","After Image+1","Deflect","Deadly Poison","Bouncing Flask+1","Outmaneuver+1","Dodge and Roll+1","PiercingWail","Parasite","Deflect","Noxious Fumes","Dodge and Roll"],"relics":["Ring of the Snake","NeowsBlessing","Oddly Smooth Stone","Mercury Hourglass","Snake Skull","Thread and Needle","Cursed Key","Centennial Puzzle","Darkstone Periapt","MawBank","Molten Egg 2","PreservedInsect"],"potions_floor_usage":[8,10,24,24,30,33],"damage_taken":[{"damage":0,"enemies":"2 Louse","floor":1,"turns":1},{"damage":0,"enemies":"Small Slimes","floor":2,"turns":1},{"damage":0,"enemies":"Cultist","floor":3,"turns":1},{"damage":14,"enemies":"Gremlin Gang","floor":4,"turns":5},{"damage":11,"enemies":"2 Fungi Beasts","floor":5,"turns":4},{"damage":31,"enemies":"3 Sentries","floor":6,"turns":9},{"damage":5,"enemies":"Exordium Thugs","floor":7,"turns":5},{"damage":7,"enemies":"Gremlin Nob","floor":8,"turns":4},{"damage":0,"enemies":"Large Slime","floor":10,"turns":4},{"damage":0,"enemies":"3 Sentries","floor":11,"turns":6},{"damage":0,"enemies":"Gremlin Gang","floor":12,"turns":4},{"damage":0,"enemies":"Exordium Wildlife","floor":13,"turns":1},{"damage":0,"enemies":"2 Fungi Beasts","floor":14,"turns":2},{"damage":0,"enemies":"Slime Boss","floor":16,"turns":7},{"damage":4,"enemies":"Shell Parasite","floor":18,"turns":5},{"damage":2,"enemies":"Spheric Guardian","floor":19,"turns":5},{"damage":2,"enemies":"Snake Plant","floor":20,"turns":4},{"damage":7,"enemies":"Shelled Parasite and Fungi","floor":21,"turns":4},{"damage":5,"enemies":"Centurion and Healer","floor":22,"turns":6},{"damage":32,"enemies":"Slavers","floor":24,"turns":4},{"damage":8,"enemies":"Snake Plant","floor":25,"turns":3},{"damage":0,"enemies":"Book of Stabbing","floor":27,"turns":5},{"damage":0,"enemies":"3 Cultists","floor":30,"turns":6},{"damage":34,"enemies":"Automaton","floor":33,"turns":6}],"seed_played":"-2816902607611423945","potions_obtained":[{"floor":5,"key":"SpeedPotion"},{"floor":7,"key":"Poison Potion"},{"floor":8,"key":"FearPotion"},{"floor":12,"key":"Fire Potion"},{"floor":13,"key":"Fire Potion"},{"floor":14,"key":"GhostInAJar"},{"floor":20,"key":"SkillPotion"},{"floor":21,"key":"AttackPotion"},{"floor":24,"key":"Ancient Potion"},{"floor":25,"key":"SpeedPotion"}],"is_trial":false,"path_per_floor":["M","M","M","M","M","E","M","E","T","M","E","M","M","M","R","B",null,"M","M","M","M","M","R","E","M","T","E","R","?","M","$","R","B"],"character_chosen":"THE_SILENT","items_purchased":["Noxious Fumes","Molten Egg 2","PreservedInsect","Dodge and Roll"],"campfire_rested":2,"item_purchase_floors":[31,31,31,31],"current_hp_per_floor":[70,70,70,56,45,14,9,2,2,2,2,2,2,2,23,23,70,66,64,62,55,50,50,18,10,10,10,10,10,10,10,31,0],"gold":123,"neow_bonus":"THREE_ENEMY_KILL","is_prod":false,"is_daily":false,"chose_seed":false,"campfire_upgraded":2,"win_rate":0,"timestamp":1555063563,"path_taken":["M","M","M","M","M","E","M","E","T","M","E","M","M","M","R","BOSS","M","M","M","M","M","R","E","M","T","E","R","?","M","$","R","BOSS"],"build_version":"2019-01-23","purchased_purges":1,"victory":false,"max_hp_per_floor":[70,70,70,70,70,70,70,70,70,70,70,70,70,70,70,70,70,70,70,70,70,70,70,70,70,70,70,70,70,70,70,70,70],"card_choices":[{"not_picked":["Dodge and Roll","Well Laid Plans"],"picked":"Poisoned Stab","floor":1},{"not_picked":["Slice","Heel Hook"],"picked":"Poisoned Stab","floor":2},{"not_picked":["Blade Dance","Well Laid Plans"],"picked":"Dodge and Roll","floor":3},{"not_picked":["Dagger Spray","Acrobatics"],"picked":"Poisoned Stab","floor":4},{"not_picked":["Underhanded Strike","Eviscerate"],"picked":"Backstab","floor":5},{"not_picked":["Quick Slash","Deflect"],"picked":"Backflip","floor":6},{"not_picked":["PiercingWail","Bane"],"picked":"Dodge and Roll","floor":7},{"not_picked":["Heel Hook","Eviscerate"],"picked":"Catalyst","floor":8},{"not_picked":["Heel Hook","Glass Knife"],"picked":"Dagger Throw","floor":10},{"not_picked":["Sucker Punch","Dagger Spray"],"picked":"Noxious Fumes","floor":11},{"not_picked":["Acrobatics","Sucker Punch","Accuracy"],"picked":"SKIP","floor":12},{"not_picked":["Flechettes","Quick Slash","Sucker Punch"],"picked":"SKIP","floor":13},{"not_picked":["Dagger Spray","Caltrops","Flechettes"],"picked":"SKIP","floor":14},{"not_picked":["Night Terror","A Thousand Cuts"],"picked":"After Image","floor":16},{"not_picked":["Flying Knee+1","Infinite Blades"],"picked":"Deflect","floor":18},{"not_picked":["Slice","Backstab+1"],"picked":"Deadly Poison","floor":19},{"not_picked":["All Out Attack","PiercingWail"],"picked":"Bouncing Flask+1","floor":20},{"not_picked":["PiercingWail","Slice","Outmaneuver"],"picked":"SKIP","floor":21},{"not_picked":["Blade Dance","Eviscerate+1"],"picked":"Outmaneuver+1","floor":22},{"not_picked":["Die Die Die","Well Laid Plans"],"picked":"Dodge and Roll+1","floor":24},{"not_picked":["Cloak And Dagger","Backflip"],"picked":"PiercingWail","floor":25},{"not_picked":["Skewer","Dagger Spray","Well Laid Plans"],"picked":"SKIP","floor":27},{"not_picked":["Endless Agony","Predator"],"picked":"Deflect","floor":30}],"player_experience":396102,"relics_obtained":[{"floor":6,"key":"Oddly Smooth Stone"},{"floor":8,"key":"Mercury Hourglass"},{"floor":9,"key":"Snake Skull"},{"floor":11,"key":"Thread and Needle"},{"floor":24,"key":"Centennial Puzzle"},{"floor":26,"key":"Darkstone Periapt"},{"floor":27,"key":"MawBank"}],"event_choices":[{"damage_healed":0,"gold_gain":0,"player_choice":"Ignored","damage_taken":0,"max_hp_gain":0,"max_hp_loss":0,"event_name":"Cursed Tome","floor":29,"gold_loss":0}],"is_beta":false,"boss_relics":[{"not_picked":["Velvet Choker","WristBlade"],"picked":"Cursed Key"}],"items_purged_floors":[31],"is_endless":false,"potions_floor_spawned":[5,7,8,12,13,14,16,20,21,24,25],"killed_by":"Automaton","ascension_level":1}