{"gold_per_floor":[112,122,135,146,161,187,202,217,217,217,217,252,252,252,252,355,355,367,381,46,69,69],"floor_reached":22,"playtime":878,"items_purged":["Strike_R"],"score":248,"play_id":"26cad4d1-4ae1-4d51-96c8-61e125c8afb9","local_time":"20190326211731","is_ascension_mode":true,"campfire_choices":[{"data":"Anger","floor":10.0,"key":"SMITH"},{"data":"Limit Break","floor":13.0,"key":"SMITH"},{"data":"Spot Weakness","floor":15.0,"key":"SMITH"}],"neow_cost":"NONE","seed_source_timestamp":0,"circlet_count":0,"master_deck":["Strike_R","Defend_R+1","Defend_R","Defend_R","Defend_R","Bash","Feel No Pain","Shrug It Off","Thunderclap","Fiend Fire","Anger+1","Shrug It Off","Thunderclap","Headbutt","Havoc+1","Limit Break+1","Spot Weakness+1","Brutality","Demon Form","True Grit+1"],"special_seed":0,"relics":["Burning Blood","Bag of Marbles","Juzu Bracelet","Matryoshka","War Paint","Empty Cage","Gremlin Horn","Paper Frog","Red Skull"],"potions_floor_usage":[16,16,18],"damage_taken":[{"damage":4.0,"enemies":"Small Slimes","floor":1.0,"turns":3.0},{"damage":6.0,"enemies":"Cultist","floor":2.0,"turns":3.0},{"damage":4.0,"enemies":"2 Louse","floor":3.0,"turns":4.0},{"damage":0.0,"enemies":"Large Slime","floor":4.0,"turns":6.0},{"damage":5.0,"enemies":"Blue Slaver","floor":5.0,"turns":3.0},{"damage":20.0,"enemies":"Lagavulin","floor":6.0,"turns":5.0},{"damage":15.0,"enemies":"Exordium Thugs","floor":7.0,"turns":5.0},{"damage":0.0,"enemies":"2 Fungi Beasts","floor":8.0,"turns":2.0},{"damage":27.0,"enemies":"3 Sentries","floor":12.0,"turns":7.0},{"damage":22,"enemies":"The Guardian","floor":16,"turns":10},{"damage":39,"enemies":"Shell Parasite","floor":18,"turns":6},{"damage":21,"enemies":"Spheric Guardian","floor":19,"turns":4},{"damage":20,"enemies":"Snake Plant","floor":22,"turns":3}],"seed_played":"-293351200032052924","potions_obtained":[{"floor":1.0,"key":"Dexterity Potion"},{"floor":3.0,"key":"Fire Potion"},{"floor":5.0,"key":"BloodPotion"},{"floor":12.0,"key":"EssenceOfSteel"},{"floor":16,"key":"Energy Potion"},{"floor":19,"key":"Swift Potion"}],"is_trial":false,"path_per_floor":["M","M","M","M","M","E","M","M","T","R","?","E","R","?","R","B",null,"M","M","$","T","M"],"character_chosen":"IRONCLAD","items_purchased":["Gremlin Horn"],"campfire_rested":0,"item_purchase_floors":[20],"current_hp_per_floor":[80,80,80,80,80,66,57,63,63,63,63,42,42,42,42,26,67,34,19,19,19,0],"gold":69,"neow_bonus":"RANDOM_COMMON_RELIC","is_prod":false,"is_daily":false,"chose_seed":false,"campfire_upgraded":3,"win_rate":0,"timestamp":1553660251,"path_taken":["M","M","M","M","M","E","M","M","T","R","?","E","R","?","R","BOSS","M","M","$","?","M"],"build_version":"2019-01-23","purchased_purges":1,"victory":false,"max_hp_per_floor":[80,80,80,80,80,80,80,80,80,80,80,80,80,80,80,80,80,80,80,80,80,80],"card_choices":[{"not_picked":["Havoc","Corruption"],"picked":"Feel No Pain","floor":1.0},{"not_picked":["Armaments","Sever Soul"],"picked":"Shrug It Off","floor":2.0},{"not_picked":["Intimidate","Twin Strike"],"picked":"Thunderclap","floor":3.0},{"not_picked":["Reckless Charge","Headbutt"],"picked":"Fiend Fire","floor":4.0},{"not_picked":["Ghostly Armor","Sentinel"],"picked":"Anger","floor":5.0},{"not_picked":["Evolve","True Grit"],"picked":"Shrug It Off","floor":6.0},{"not_picked":["Havoc","Twin Strike"],"picked":"Thunderclap","floor":7.0},{"not_picked":["Havoc","Pommel Strike"],"picked":"Headbutt","floor":8.0},{"not_picked":["Battle Trance","Warcry"],"picked":"Spot Weakness","floor":12.0},{"not_picked":["Bludgeon","Berserk"],"picked":"Demon Form","floor":16},{"not_picked":["Flex","Pommel Strike","Sentinel"],"picked":"SKIP","floor":18},{"not_picked":["Cleave","Battle Trance"],"picked":"True Grit+1","floor":19}],"player_experience":79898,"relics_obtained":[{"floor":6.0,"key":"Juzu Bracelet"},{"floor":9.0,"key":"Matryoshka"},{"floor":12.0,"key":"War Paint"},{"floor":21,"key":"Paper Frog"},{"floor":21,"key":"Red Skull"}],"event_choices":[{"damage_healed":0.0,"max_hp_gain":0.0,"max_hp_loss":0.0,"gold_gain":0.0,"event_name":"Match and Keep!","player_choice":"2 cards matched","floor":11.0,"gold_loss":0.0,"damage_taken":0.0,"cards_obtained":["Havoc","Limit Break"]},{"damage_healed":0.0,"max_hp_gain":0.0,"max_hp_loss":0.0,"gold_gain":0.0,"cards_transformed":["Strike_R"],"event_name":"Transmorgrifier","player_choice":"Transformed","floor":14.0,"gold_loss":0.0,"damage_taken":0.0,"cards_obtained":["Brutality"]}],"is_beta":false,"boss_relics":[{"not_picked":["Tiny House","Runic Cube"],"picked":"Empty Cage"}],"items_purged_floors":[20],"is_endless":false,"potions_floor_spawned":[1,3,5,12,16,19],"killed_by":"Snake Plant","ascension_level":5}