{"gold_per_floor":[112,122,197,197,215,246,258,294,331,343,378,55,89,103,103,231,231,256,279,294,312,328,367,367,367,390,413,451,451,467,35,35,165,165,186,251,251,270,293,293,324,324,324,60,60,74,74],"floor_reached":47,"playtime":1594,"items_purged":["Strike_R"],"score":975,"play_id":"41f5035d-f71e-47dc-9fdc-8416354a2cd6","local_time":"20190407160037","is_ascension_mode":true,"campfire_choices":[{"data":"Shockwave","floor":7,"key":"SMITH"},{"data":"True Grit","floor":10,"key":"SMITH"},{"floor":15,"key":"REST"},{"floor":24,"key":"REST"},{"floor":29,"key":"REST"},{"floor":32,"key":"REST"},{"floor":40,"key":"REST"},{"data":"Limit Break","floor":42,"key":"SMITH"}],"neow_cost":"CURSE","seed_source_timestamp":166018320489084,"circlet_count":0,"master_deck":["AscendersBane","Strike_R","Strike_R","Strike_R","Defend_R","Defend_R","Defend_R","Defend_R","Bash","Injury","Clothesline+1","Shockwave+1","Injury","Uppercut","Headbutt+1","True Grit+1","Demon Form","Apotheosis","Heavy Blade","Pummel","Immolate","Seeing Red","Power Through","Iron Wave+1","Heavy Blade+1","Brutality","Armaments","Rupture+1","Limit Break+1","Seeing Red","Rupture","Trip","Normality","Parasite","Pain","Warcry","Secret Technique","Feel No Pain","Thinking Ahead","Madness","Madness","Battle Trance+1"],"relics":["Burning Blood","Du-Vu Doll","Golden Idol","MawBank","Whetstone","PreservedInsect","Oddly Smooth Stone","Velvet Choker","Pen Nib","Ancient Tea Set","Boot","Paper Frog","Calling Bell","Centennial Puzzle","Self Forming Clay","Magic Flower","Turnip","Blood Vial","Omamori","Gremlin Horn"],"potions_floor_usage":[16,16,23,23,28,28,36],"damage_taken":[{"damage":7,"enemies":"Jaw Worm","floor":1,"turns":3},{"damage":0,"enemies":"Small Slimes","floor":2,"turns":3},{"damage":1,"enemies":"2 Louse","floor":5,"turns":2},{"damage":20,"enemies":"Lagavulin","floor":6,"turns":6},{"damage":9,"enemies":"Red Slaver","floor":8,"turns":3},{"damage":17,"enemies":"Large Slime","floor":11,"turns":5},{"damage":23,"enemies":"3 Sentries","floor":13,"turns":7},{"damage":9,"enemies":"Blue Slaver","floor":14,"turns":3},{"damage":41,"enemies":"Hexaghost","floor":16,"turns":8},{"damage":17,"enemies":"Spheric Guardian","floor":18,"turns":4},{"damage":13,"enemies":"Shell Parasite","floor":19,"turns":4},{"damage":6,"enemies":"3 Cultists","floor":20,"turns":4},{"damage":12,"enemies":"Cultist and Chosen","floor":21,"turns":4},{"damage":10,"enemies":"Centurion and Healer","floor":22,"turns":5},{"damage":22,"enemies":"Gremlin Leader","floor":23,"turns":4},{"damage":24,"enemies":"Snake Plant","floor":27,"turns":3},{"damage":12,"enemies":"Book of Stabbing","floor":28,"turns":4},{"damage":0,"enemies":"Chosen and Byrds","floor":30,"turns":3},{"damage":60,"enemies":"Champ","floor":33,"turns":8},{"damage":4,"enemies":"Orb Walker","floor":35,"turns":2},{"damage":43,"enemies":"2 Orb Walkers","floor":36,"turns":4},{"damage":9,"enemies":"3 Shapes","floor":38,"turns":3},{"damage":21,"enemies":"Nemesis","floor":41,"turns":3},{"damage":18,"enemies":"Sphere and 2 Shapes","floor":46,"turns":5},{"damage":42,"enemies":"Reptomancer","floor":47,"turns":3}],"seed_played":"1682287979729778671","potions_obtained":[{"floor":1,"key":"AttackPotion"},{"floor":6,"key":"Block Potion"},{"floor":14,"key":"BloodPotion"},{"floor":21,"key":"EssenceOfSteel"},{"floor":22,"key":"Strength Potion"},{"floor":23,"key":"Block Potion"},{"floor":27,"key":"Strength Potion"},{"floor":28,"key":"Dexterity Potion"},{"floor":38,"key":"Energy Potion"}],"is_trial":false,"path_per_floor":["M","M","?","?","M","E","R","M","T","R","M","$","E","M","R","B",null,"M","M","M","M","M","E","R","?","T","M","E","R","M","$","R","B",null,"M","?","?","M","T","R","E","R","T","$","?","M","E"],"character_chosen":"IRONCLAD","items_purchased":["PreservedInsect","Apotheosis","Rupture","Paper Frog","Trip","Thinking Ahead"],"campfire_rested":5,"item_purchase_floors":[12,12,31,31,31,44],"current_hp_per_floor":[71,77,66,66,71,57,57,54,54,54,43,43,26,23,47,20,65,54,47,47,41,37,21,45,45,45,27,21,45,51,51,75,21,65,70,36,36,36,36,60,51,51,51,51,41,35,0],"gold":74,"neow_bonus":"ONE_RARE_RELIC","is_prod":false,"is_daily":false,"chose_seed":false,"campfire_upgraded":3,"win_rate":0,"timestamp":1554678037,"path_taken":["M","M","?","?","M","E","R","M","T","R","M","?","E","?","R","BOSS","M","M","M","M","M","E","R","?","T","M","E","R","M","$","R","BOSS","M","?","?","M","?","R","E","R","T","$","?","M","E"],"build_version":"2019-01-23","purchased_purges":1,"victory":false,"max_hp_per_floor":[80,80,80,80,80,80,80,80,80,80,80,80,80,80,80,80,80,80,80,80,80,80,80,80,80,80,80,80,80,80,80,80,80,80,80,80,80,80,80,80,80,80,80,80,80,80,80],"card_choices":[{"not_picked":["Havoc","Infernal Blade"],"picked":"Clothesline","floor":1},{"not_picked":["Perfected Strike","Thunderclap"],"picked":"Shockwave","floor":2},{"not_picked":["Shockwave","Body Slam"],"picked":"Uppercut","floor":5},{"not_picked":["Flex","Evolve"],"picked":"Headbutt","floor":6},{"not_picked":["Thunderclap","Clothesline"],"picked":"True Grit","floor":8},{"not_picked":["Sword Boomerang","Sentinel"],"picked":"Demon Form","floor":11},{"not_picked":["Iron Wave","True Grit"],"picked":"Heavy Blade","floor":13},{"not_picked":["Pommel Strike","Dropkick"],"picked":"Pummel","floor":14},{"not_picked":["Berserk","Offering"],"picked":"Immolate","floor":16},{"not_picked":["Bloodletting","Warcry+1"],"picked":"Seeing Red","floor":18},{"not_picked":["Second Wind+1","Flex"],"picked":"Power Through","floor":19},{"not_picked":["Perfected Strike","Pommel Strike"],"picked":"Iron Wave+1","floor":20},{"not_picked":["Searing Blow+1","Sword Boomerang"],"picked":"Heavy Blade+1","floor":21},{"not_picked":["Sword Boomerang+1","Warcry"],"picked":"Brutality","floor":22},{"not_picked":["Rage+1","Combust+1"],"picked":"Armaments","floor":23},{"not_picked":["Iron Wave","Flex"],"picked":"Rupture+1","floor":27},{"not_picked":["True Grit","Rampage+1"],"picked":"Limit Break","floor":28},{"not_picked":["Sever Soul","Armaments"],"picked":"Seeing Red","floor":30},{"not_picked":["Iron Wave+1","Flex"],"picked":"Warcry","floor":35},{"not_picked":["Transmutation","PanicButton"],"picked":"Secret Technique","floor":37},{"not_picked":["Anger+1","Dual Wield+1","Perfected Strike"],"picked":"SKIP","floor":38},{"not_picked":["Combust+1","Iron Wave+1"],"picked":"Feel No Pain","floor":41},{"not_picked":["Hemokinesis","Armaments"],"picked":"Battle Trance+1","floor":46}],"player_experience":381849,"relics_obtained":[{"floor":6,"key":"MawBank"},{"floor":9,"key":"Whetstone"},{"floor":13,"key":"Oddly Smooth Stone"},{"floor":23,"key":"Pen Nib"},{"floor":26,"key":"Ancient Tea Set"},{"floor":28,"key":"Boot"},{"floor":34,"key":"Centennial Puzzle"},{"floor":34,"key":"Self Forming Clay"},{"floor":34,"key":"Magic Flower"},{"floor":36,"key":"Turnip"},{"floor":39,"key":"Blood Vial"},{"floor":41,"key":"Omamori"},{"floor":43,"key":"Gremlin Horn"}],"event_choices":[{"damage_healed":0,"gold_gain":75,"player_choice":"Gather Gold","damage_taken":11,"max_hp_gain":0,"max_hp_loss":0,"event_name":"World of Goop","floor":3,"gold_loss":0},{"damage_healed":0,"gold_gain":0,"player_choice":"Take Wound","damage_taken":0,"relics_obtained":["Golden Idol"],"max_hp_gain":0,"max_hp_loss":0,"event_name":"Golden Idol","floor":4,"gold_loss":0,"cards_obtained":["Injury"]},{"cards_removed":["Strike_R"],"damage_healed":0,"gold_gain":0,"player_choice":"Purged","damage_taken":0,"max_hp_gain":0,"max_hp_loss":0,"event_name":"Purifier","floor":25,"gold_loss":0},{"damage_healed":0,"gold_gain":0,"player_choice":"Fight","damage_taken":0,"max_hp_gain":0,"max_hp_loss":0,"event_name":"Mysterious Sphere","floor":36,"gold_loss":0},{"damage_healed":0,"gold_gain":0,"player_choice":"Memory 1","damage_taken":0,"max_hp_gain":0,"max_hp_loss":0,"event_name":"SensoryStone","floor":37,"gold_loss":0},{"damage_healed":0,"gold_gain":0,"player_choice":"Embrace Madness","damage_taken":10,"max_hp_gain":0,"max_hp_loss":0,"event_name":"Winding Halls","floor":45,"gold_loss":0,"cards_obtained":["Madness","Madness"]}],"is_beta":false,"boss_relics":[{"not_picked":["Lizard Tail","Coffee Dripper"],"picked":"Velvet Choker"},{"not_picked":["Black Star","Cursed Key"],"picked":"Calling Bell"}],"items_purged_floors":[44],"is_endless":false,"potions_floor_spawned":[1,6,11,14,21,22,23,27,28,38],"killed_by":"Reptomancer","ascension_level":11}