{"gold_per_floor":[10,27,46,58,58,58,91,111,111,143,143,178,194,213,213,311,311,321,421,440,456,50,50,84,84,108,37,70,80,90,102,102,102],"floor_reached":33,"playtime":1722,"items_purged":["Strike_R"],"score":451,"play_id":"140d5441-a6d2-4e05-b978-ce88349de756","local_time":"20190403104750","is_ascension_mode":true,"campfire_choices":[{"data":"Bash","floor":6,"key":"SMITH"},{"floor":11,"key":"REST"},{"floor":15,"key":"REST"},{"floor":23,"key":"REST"},{"data":"Feel No Pain","floor":25,"key":"SMITH"},{"floor":32,"key":"REST"}],"neow_cost":"NO_GOLD","seed_source_timestamp":63396156400551,"circlet_count":0,"master_deck":["Strike_R","Strike_R","Defend_R","Defend_R","Defend_R","Defend_R","Bash+1","Twin Strike","Headbutt","Wild Strike","Shrug It Off","Clothesline","Anger","True Grit","Cleave","Disarm","Immolate","Feel No Pain+1","Spot Weakness","Power Through","Feel No Pain","Havoc","Exhume","Seeing Red","Pummel","Havoc","Shrug It Off+1"],"relics":["Burning Blood","Bottled Flame","Paper Frog","Dodecahedron","Boot","Velvet Choker","Medical Kit","Anchor","Centennial Puzzle","Question Card"],"potions_floor_usage":[13,16,24,24,24,30,31,31,33],"damage_taken":[{"damage":10,"enemies":"Cultist","floor":1,"turns":5},{"damage":3,"enemies":"Small Slimes","floor":2,"turns":3},{"damage":9,"enemies":"Jaw Worm","floor":3,"turns":3},{"damage":28,"enemies":"Gremlin Gang","floor":4,"turns":8},{"damage":27,"enemies":"Lagavulin","floor":7,"turns":7},{"damage":15,"enemies":"2 Fungi Beasts","floor":8,"turns":4},{"damage":24,"enemies":"Gremlin Nob","floor":10,"turns":4},{"damage":30,"enemies":"Lagavulin","floor":12,"turns":6},{"damage":2,"enemies":"Lots of Slimes","floor":13,"turns":4},{"damage":9,"enemies":"Looter","floor":14,"turns":2},{"damage":37,"enemies":"Hexaghost","floor":16,"turns":11},{"damage":26,"enemies":"2 Thieves","floor":18,"turns":3},{"damage":20,"enemies":"Shell Parasite","floor":20,"turns":5},{"damage":18,"enemies":"Centurion and Healer","floor":21,"turns":5},{"damage":15,"enemies":"Book of Stabbing","floor":24,"turns":6},{"damage":16,"enemies":"Gremlin Leader","floor":28,"turns":8},{"damage":10,"enemies":"Snecko","floor":29,"turns":4},{"damage":7,"enemies":"Sentry and Sphere","floor":30,"turns":6},{"damage":5,"enemies":"Shelled Parasite and Fungi","floor":31,"turns":6},{"damage":67,"enemies":"Collector","floor":33,"turns":7}],"seed_played":"5435307592788958374","potions_obtained":[{"floor":4,"key":"Ancient Potion"},{"floor":7,"key":"Block Potion"},{"floor":10,"key":"Fire Potion"},{"floor":13,"key":"SkillPotion"},{"floor":14,"key":"EssenceOfSteel"},{"floor":16,"key":"Block Potion"},{"floor":24,"key":"Explosive Potion"},{"floor":29,"key":"EssenceOfSteel"},{"floor":30,"key":"BloodPotion"},{"floor":31,"key":"SneckoOil"}],"is_trial":false,"path_per_floor":["M","M","M","M","?","R","E","M","T","E","R","E","M","M","R","B",null,"M","?","M","M","$","R","E","R","T","$","E","M","M","M","R","B"],"character_chosen":"IRONCLAD","items_purchased":["Medical Kit","Feel No Pain","Havoc","Seeing Red"],"campfire_rested":4,"item_purchase_floors":[22,22,22,27],"current_hp_per_floor":[68,71,68,46,72,72,51,42,42,24,48,24,28,25,49,18,65,45,45,31,19,19,43,34,34,34,34,24,20,19,28,52,0],"gold":102,"neow_bonus":"REMOVE_TWO","is_prod":false,"is_daily":false,"chose_seed":false,"campfire_upgraded":2,"win_rate":0,"timestamp":1554313670,"path_taken":["M","?","M","M","?","R","E","M","T","E","R","E","M","M","R","BOSS","M","?","?","M","$","R","E","R","T","$","E","M","M","M","R","BOSS"],"build_version":"2019-01-23","purchased_purges":1,"victory":false,"max_hp_per_floor":[80,80,80,80,80,80,80,80,80,80,80,80,80,80,80,80,80,80,80,80,80,80,80,80,80,80,80,80,80,80,80,80,80],"card_choices":[{"not_picked":["Warcry","Sword Boomerang"],"picked":"Twin Strike","floor":1},{"not_picked":["Flex","Thunderclap"],"picked":"Headbutt","floor":2},{"not_picked":["Flex","Barricade"],"picked":"Wild Strike","floor":3},{"not_picked":["True Grit","Battle Trance"],"picked":"Shrug It Off","floor":4},{"not_picked":["Thunderclap","Intimidate"],"picked":"Clothesline","floor":7},{"not_picked":["Perfected Strike","Entrench"],"picked":"Anger","floor":8},{"not_picked":["Corruption","Twin Strike"],"picked":"True Grit","floor":10},{"not_picked":["Iron Wave","Dual Wield"],"picked":"Cleave","floor":12},{"not_picked":["Headbutt","Fire Breathing"],"picked":"Disarm","floor":13},{"not_picked":["Flex","Fire Breathing","Rupture"],"picked":"SKIP","floor":14},{"not_picked":["Exhume","Brutality"],"picked":"Immolate","floor":16},{"not_picked":["Intimidate","Rage"],"picked":"Feel No Pain","floor":18},{"not_picked":["Entrench+1","Armaments+1"],"picked":"Spot Weakness","floor":20},{"not_picked":["True Grit","Corruption"],"picked":"Power Through","floor":21},{"not_picked":["Anger+1","Body Slam+1"],"picked":"Exhume","floor":24},{"not_picked":["Bloodletting","Pommel Strike"],"picked":"Pummel","floor":28},{"not_picked":["Clothesline","Pommel Strike","Burning Pact"],"picked":"Havoc","floor":29},{"not_picked":["Warcry","Rampage","Perfected Strike"],"picked":"Shrug It Off+1","floor":30},{"not_picked":["Flex+1","Ghostly Armor+1","Twin Strike","Iron Wave"],"picked":"SKIP","floor":31}],"player_experience":362681,"relics_obtained":[{"floor":7,"key":"Bottled Flame"},{"floor":9,"key":"Paper Frog"},{"floor":10,"key":"Dodecahedron"},{"floor":12,"key":"Boot"},{"floor":24,"key":"Anchor"},{"floor":26,"key":"Centennial Puzzle"},{"floor":28,"key":"Question Card"}],"event_choices":[{"damage_healed":26,"gold_gain":0,"player_choice":"Banana","damage_taken":0,"max_hp_gain":0,"max_hp_loss":0,"event_name":"Big Fish","floor":5,"gold_loss":0},{"damage_healed":0,"gold_gain":100,"player_choice":"Pray","damage_taken":0,"max_hp_gain":0,"max_hp_loss":0,"event_name":"Golden Shrine","floor":19,"gold_loss":0}],"is_beta":false,"boss_relics":[{"not_picked":["Sozu","Fusion Hammer"],"picked":"Velvet Choker"}],"items_purged_floors":[22],"is_endless":false,"potions_floor_spawned":[4,7,10,13,14,16,24,29,30,31],"killed_by":"Collector","ascension_level":9}