{"gold_per_floor":[110,110,125,136,153,181,195,195,277,277,70,99,99,115,115,115],"floor_reached":16,"playtime":619,"items_purged":["Strike_R"],"score":218,"play_id":"c8bbb6a0-1598-4d42-973a-575e06800b7d","local_time":"20190506105404","is_ascension_mode":true,"campfire_choices":[{"data":"Bash","floor":8.0,"key":"SMITH"},{"data":"Flame Barrier","floor":10.0,"key":"SMITH"},{"floor":15,"key":"REST"}],"neow_cost":"NONE","seed_source_timestamp":0,"circlet_count":0,"master_deck":["AscendersBane","Strike_R","Strike_R","Strike_R","Defend_R","Defend_R","Defend_R","Defend_R","Bash+1","Flame Barrier+1","True Grit","Anger","Armaments","Feed","Battle Trance","Inflame","Battle Trance","Heavy Blade"],"special_seed":0,"relics":["Burning Blood","Anchor","Ornamental Fan","Champion Belt","Golden Idol"],"potions_floor_usage":[12,12],"damage_taken":[{"damage":14.0,"enemies":"Jaw Worm","floor":1.0,"turns":4.0},{"damage":1.0,"enemies":"Cultist","floor":3.0,"turns":4.0},{"damage":1.0,"enemies":"2 Louse","floor":4.0,"turns":4.0},{"damage":5.0,"enemies":"2 Fungi Beasts","floor":5.0,"turns":4.0},{"damage":25.0,"enemies":"Lagavulin","floor":6.0,"turns":7.0},{"damage":5.0,"enemies":"3 Louse","floor":7.0,"turns":6.0},{"damage":54,"enemies":"Gremlin Nob","floor":12,"turns":5},{"damage":0,"enemies":"Looter","floor":14,"turns":3},{"damage":37,"enemies":"Hexaghost","floor":16,"turns":9}],"seed_played":"498436515090360836","potions_obtained":[{"floor":0.0,"key":"Strength Potion"},{"floor":0.0,"key":"Block Potion"},{"floor":3.0,"key":"Dexterity Potion"},{"floor":7.0,"key":"Explosive Potion"}],"is_trial":false,"path_per_floor":["M","?","M","M","M","E","M","R","T","R","$","E","?","M","R","B"],"character_chosen":"IRONCLAD","items_purchased":["Battle Trance","Inflame"],"campfire_rested":1,"item_purchase_floors":[11,11],"current_hp_per_floor":[60,60,65,70,71,52,56,56,56,56,56,8,8,14,35,0],"gold":115,"neow_bonus":"THREE_SMALL_POTIONS","is_prod":false,"is_daily":false,"chose_seed":false,"campfire_upgraded":2,"win_rate":0,"timestamp":1557165244,"path_taken":["M","?","?","M","M","E","M","R","T","R","$","E","?","M","R","BOSS"],"build_version":"2019-01-23","purchased_purges":1,"victory":false,"max_hp_per_floor":[75,75,75,75,75,75,78,78,78,78,78,78,71,71,71,71],"card_choices":[{"not_picked":["Clash","Hemokinesis"],"picked":"Flame Barrier","floor":1.0},{"not_picked":["Power Through","Flex"],"picked":"True Grit","floor":3.0},{"not_picked":["Twin Strike","Warcry"],"picked":"Anger","floor":4.0},{"not_picked":["True Grit","Anger"],"picked":"Armaments","floor":5.0},{"not_picked":["True Grit","Perfected Strike"],"picked":"Feed","floor":6.0},{"not_picked":["Perfected Strike","Sever Soul","Armaments"],"picked":"SKIP","floor":7.0},{"not_picked":["Heavy Blade","Rage"],"picked":"Battle Trance","floor":12},{"not_picked":["Burning Pact","Havoc"],"picked":"Heavy Blade","floor":14}],"player_experience":558885,"relics_obtained":[{"floor":6.0,"key":"Anchor"},{"floor":9.0,"key":"Ornamental Fan"},{"floor":12,"key":"Champion Belt"}],"event_choices":[{"cards_removed":["Strike_R"],"damage_healed":0.0,"max_hp_gain":0.0,"max_hp_loss":0.0,"gold_gain":0.0,"event_name":"Purifier","player_choice":"Purged","floor":2.0,"gold_loss":0.0,"damage_taken":0.0},{"damage_healed":0,"gold_gain":0,"player_choice":"Lose Max HP","damage_taken":0,"relics_obtained":["Golden Idol"],"max_hp_gain":0,"max_hp_loss":7,"event_name":"Golden Idol","floor":13,"gold_loss":0}],"is_beta":false,"boss_relics":[],"items_purged_floors":[11],"is_endless":false,"potions_floor_spawned":[3,4,7],"killed_by":"Hexaghost","ascension_level":19}