{"gold_per_floor":[214,226,226,176,190,221,232,261,284,129,140,153,153,153,153,278,278,301,316,316,28,46,46],"floor_reached":23,"playtime":932,"items_purged":["Strike_R"],"score":354,"play_id":"159730a7-154a-46d6-af46-3f3352fa3e26","local_time":"20190408175006","is_ascension_mode":true,"campfire_choices":[{"data":"Bash","floor":13,"key":"SMITH"},{"floor":15,"key":"REST"}],"neow_cost":"NONE","seed_source_timestamp":231744061718591,"circlet_count":0,"master_deck":["Strike_R","Strike_R","Strike_R","Defend_R","Defend_R","Defend_R","Defend_R","Bash+1","Flame Barrier","Pommel Strike","Thunderclap","Inflame","Barricade","Corruption","Shockwave","Bludgeon","Clash","Disarm"],"relics":["Burning Blood","Red Skull","Vajra","Ancient Tea Set","Oddly Smooth Stone","Bloody Idol","Black Star","Unceasing Top"],"potions_floor_usage":[22,23,23],"damage_taken":[{"damage":1,"enemies":"2 Louse","floor":1,"turns":3},{"damage":7,"enemies":"Small Slimes","floor":2,"turns":4},{"damage":2,"enemies":"Jaw Worm","floor":5,"turns":4},{"damage":61,"enemies":"3 Sentries","floor":6,"turns":10},{"damage":2,"enemies":"2 Fungi Beasts","floor":7,"turns":4},{"damage":8,"enemies":"Gremlin Nob","floor":8,"turns":3},{"damage":0,"enemies":"Exordium Thugs","floor":11,"turns":4},{"damage":3,"enemies":"3 Louse","floor":12,"turns":4},{"damage":0,"enemies":"The Guardian","floor":16,"turns":14},{"damage":25,"enemies":"Chosen","floor":18,"turns":6},{"damage":26,"enemies":"Shell Parasite","floor":19,"turns":7},{"damage":8,"enemies":"Snecko","floor":22,"turns":4},{"damage":50,"enemies":"Slavers","floor":23,"turns":4}],"seed_played":"7049454183348573970","potions_obtained":[{"floor":2,"key":"Swift Potion"},{"floor":6,"key":"Block Potion"},{"floor":8,"key":"Regen Potion"},{"floor":22,"key":"Strength Potion"}],"is_trial":false,"path_per_floor":["M","M","?","?","M","E","M","E","T","$","M","M","R","?","R","B",null,"M","M","?","$","M","E"],"character_chosen":"IRONCLAD","items_purchased":["Corruption","Unceasing Top"],"campfire_rested":1,"item_purchase_floors":[10,21],"current_hp_per_floor":[77,76,69,69,73,18,22,20,20,20,26,29,29,9,33,39,70,51,31,31,31,46,0],"gold":46,"neow_bonus":"HUNDRED_GOLD","is_prod":false,"is_daily":false,"chose_seed":false,"campfire_upgraded":1,"win_rate":0,"timestamp":1554771006,"path_taken":["M","M","?","?","M","E","M","E","T","$","M","M","R","?","R","BOSS","M","M","?","$","M","E"],"build_version":"2019-01-23","purchased_purges":1,"victory":false,"max_hp_per_floor":[80,80,80,80,80,80,80,80,80,80,80,80,80,80,80,80,80,80,80,80,80,80,80],"card_choices":[{"not_picked":["Iron Wave","Perfected Strike"],"picked":"Flame Barrier","floor":1},{"not_picked":["Feel No Pain","Clash"],"picked":"Pommel Strike","floor":2},{"not_picked":["Sword Boomerang","Pommel Strike"],"picked":"Thunderclap","floor":5},{"not_picked":["Warcry","Ghostly Armor","Wild Strike"],"picked":"SKIP","floor":6},{"not_picked":["Intimidate","Sentinel"],"picked":"Inflame","floor":7},{"not_picked":["Searing Blow","Blood for Blood"],"picked":"Barricade","floor":8},{"not_picked":["True Grit","Seeing Red"],"picked":"Shockwave","floor":11},{"not_picked":["Clash","Ghostly Armor","Reckless Charge"],"picked":"SKIP","floor":12},{"not_picked":["Fiend Fire","Berserk"],"picked":"Bludgeon","floor":16},{"not_picked":["Iron Wave","Heavy Blade","Flex"],"picked":"SKIP","floor":18},{"not_picked":["Wild Strike","Intimidate"],"picked":"Clash","floor":19},{"not_picked":["Armaments","Cleave"],"picked":"Disarm","floor":22}],"player_experience":199065,"relics_obtained":[{"floor":6,"key":"Vajra"},{"floor":8,"key":"Ancient Tea Set"},{"floor":9,"key":"Oddly Smooth Stone"}],"event_choices":[{"damage_healed":0,"gold_gain":0,"player_choice":"Success","damage_taken":7,"relics_obtained":["Red Skull"],"max_hp_gain":0,"max_hp_loss":0,"event_name":"Scrap Ooze","floor":3,"gold_loss":0},{"cards_removed":["Strike_R"],"damage_healed":0,"gold_gain":0,"player_choice":"Card Removal","damage_taken":0,"max_hp_gain":0,"max_hp_loss":0,"event_name":"The Cleric","floor":4,"gold_loss":50},{"damage_healed":0,"gold_gain":0,"player_choice":"Take Damage","damage_taken":20,"relics_obtained":["Golden Idol"],"max_hp_gain":0,"max_hp_loss":0,"event_name":"Golden Idol","floor":14,"gold_loss":0},{"damage_healed":0,"gold_gain":0,"player_choice":"Gave Idol","damage_taken":0,"relics_obtained":["Bloody Idol"],"max_hp_gain":0,"max_hp_loss":0,"event_name":"Forgotten Altar","floor":20,"relics_lost":["Golden Idol"],"gold_loss":0}],"is_beta":false,"boss_relics":[{"not_picked":["White Beast Statue","Runic Dome"],"picked":"Black Star"}],"items_purged_floors":[10],"is_endless":false,"potions_floor_spawned":[2,6,8,19,22],"killed_by":"Slavers","ascension_level":8}