{"gold_per_floor":[113,113,44,60,60,60,75,75,99,99,118,135,163,183,183,286,286,296,396,408,408],"floor_reached":21,"playtime":710,"items_purged":[],"score":208,"play_id":"7187ce3e-1ab5-455a-bd6a-a99cf922ddae","local_time":"20190419181444","is_ascension_mode":true,"campfire_choices":[{"data":"Capacitor","floor":6,"key":"SMITH"},{"data":"Tempest","floor":8,"key":"SMITH"},{"data":"Zap","floor":10,"key":"SMITH"},{"floor":15,"key":"REST"}],"neow_cost":"NONE","seed_source_timestamp":159448668523944,"circlet_count":0,"master_deck":["Strike_B","Strike_B","Strike_B","Strike_B","Defend_B","Defend_B","Defend_B","Defend_B","Zap+1","Dualcast","Tempest+1","Capacitor+1","Sweeping Beam","Cold Snap","Glacier","Loop","Consume","Redo","Amplify","White Noise"],"relics":["Cracked Core","NeowsBlessing","Meat on the Bone","Inserter"],"potions_floor_usage":[11,12,13,16,20,21,21],"damage_taken":[{"damage":0,"enemies":"Small Slimes","floor":1,"turns":1},{"damage":0,"enemies":"Cultist","floor":4,"turns":1},{"damage":0,"enemies":"2 Louse","floor":7,"turns":1},{"damage":11,"enemies":"Lots of Slimes","floor":11,"turns":3},{"damage":8,"enemies":"Exordium Thugs","floor":12,"turns":4},{"damage":35,"enemies":"3 Sentries","floor":13,"turns":5},{"damage":0,"enemies":"3 Louse","floor":14,"turns":2},{"damage":18,"enemies":"Slime Boss","floor":16,"turns":12},{"damage":64,"enemies":"3 Byrds","floor":18,"turns":7},{"damage":17,"enemies":"Chosen","floor":20,"turns":4},{"damage":19,"enemies":"Snake Plant","floor":21,"turns":3}],"seed_played":"5826944613445636557","potions_obtained":[{"floor":1,"key":"SkillPotion"},{"floor":4,"key":"Regen Potion"},{"floor":11,"key":"SpeedPotion"},{"floor":14,"key":"PowerPotion"},{"floor":16,"key":"SteroidPotion"},{"floor":18,"key":"LiquidBronze"},{"floor":20,"key":"Weak Potion"}],"is_trial":false,"path_per_floor":["M","?","$","M","$","R","M","R","T","R","M","M","E","M","R","B",null,"M","?","M","M"],"character_chosen":"DEFECT","items_purchased":["Capacitor"],"campfire_rested":1,"item_purchase_floors":[3],"current_hp_per_floor":[75,75,75,75,75,75,75,75,75,75,64,68,33,45,67,49,75,23,23,18,0],"gold":408,"neow_bonus":"THREE_ENEMY_KILL","is_prod":false,"is_daily":false,"chose_seed":false,"campfire_upgraded":3,"win_rate":0,"timestamp":1555722884,"path_taken":["M","?","$","?","$","R","M","R","T","R","M","?","E","M","R","BOSS","M","?","?","M"],"build_version":"2019-01-23","purchased_purges":0,"victory":false,"max_hp_per_floor":[75,75,75,75,75,75,75,75,75,75,75,75,75,75,75,75,75,75,75,75,75],"card_choices":[{"not_picked":["Cold Snap","Gash"],"picked":"Tempest","floor":1},{"not_picked":["Leap","Gash"],"picked":"Sweeping Beam","floor":4},{"not_picked":["Core Surge","Gash"],"picked":"Cold Snap","floor":7},{"not_picked":["Turbo","Capacitor"],"picked":"Glacier","floor":11},{"not_picked":["Leap","Coolheaded"],"picked":"Loop","floor":12},{"not_picked":["Fusion","Compile Driver"],"picked":"Consume","floor":13},{"not_picked":["Compile Driver","Hologram"],"picked":"Redo","floor":14},{"not_picked":["Machine Learning","Core Surge"],"picked":"Amplify","floor":16},{"not_picked":["Conserve Battery","Go for the Eyes","Recycle"],"picked":"SKIP","floor":18},{"not_picked":["Blizzard","Cold Snap"],"picked":"White Noise","floor":20}],"player_experience":434638,"relics_obtained":[{"floor":13,"key":"Meat on the Bone"}],"event_choices":[{"damage_healed":0,"gold_gain":0,"player_choice":"Bought 0 Potions","damage_taken":0,"max_hp_gain":0,"max_hp_loss":0,"event_name":"The Woman in Blue","floor":2,"gold_loss":0},{"damage_healed":0,"gold_gain":100,"player_choice":"Pray","damage_taken":0,"max_hp_gain":0,"max_hp_loss":0,"event_name":"Golden Shrine","floor":19,"gold_loss":0}],"is_beta":false,"boss_relics":[{"not_picked":["Snecko Eye","Fusion Hammer"],"picked":"Inserter"}],"items_purged_floors":[],"is_endless":false,"potions_floor_spawned":[1,4,11,14,16,18,20],"killed_by":"Snake Plant","ascension_level":3}