{"gold_per_floor":[116,132,148,165,180,210,210,245,245,245],"floor_reached":10,"playtime":2802,"items_purged":[],"score":92,"play_id":"d5b80c17-f201-47ed-af1d-b646640b8253","local_time":"20190424121131","is_ascension_mode":true,"campfire_choices":[{"floor":7,"key":"REST"}],"neow_cost":"PERCENT_DAMAGE","seed_source_timestamp":1256969107317700,"circlet_count":0,"master_deck":["Defend_G","Defend_G","Defend_G","Defend_G","Defend_G","Strike_G","Strike_G","Strike_G","Strike_G","Strike_G","Survivor","Neutralize","After Image","Backflip","Outmaneuver","After Image","Backflip","Blur","Deflect"],"relics":["Ring of the Snake","Mummified Hand","Sundial","Ornamental Fan"],"potions_floor_usage":[6,6,8],"damage_taken":[{"damage":0,"enemies":"Cultist","floor":1,"turns":4},{"damage":0,"enemies":"Jaw Worm","floor":2,"turns":6},{"damage":0,"enemies":"2 Louse","floor":3,"turns":4},{"damage":5,"enemies":"Blue Slaver","floor":4,"turns":7},{"damage":18,"enemies":"Exordium Wildlife","floor":5,"turns":9},{"damage":18,"enemies":"Gremlin Nob","floor":6,"turns":5},{"damage":6,"enemies":"Lagavulin","floor":8,"turns":16},{"damage":23,"enemies":"Gremlin Nob","floor":10,"turns":6}],"seed_played":"6827498997724437887","potions_obtained":[{"floor":1,"key":"FearPotion"},{"floor":2,"key":"Swift Potion"},{"floor":6,"key":"Block Potion"}],"is_trial":false,"path_per_floor":["M","M","M","M","M","E","R","E","T","E"],"character_chosen":"THE_SILENT","items_purchased":[],"campfire_rested":1,"item_purchase_floors":[],"current_hp_per_floor":[49,49,49,44,26,8,29,23,23,0],"gold":245,"neow_bonus":"THREE_RARE_CARDS","is_prod":false,"is_daily":false,"chose_seed":false,"campfire_upgraded":0,"win_rate":0,"timestamp":1556100691,"path_taken":["M","M","M","M","M","E","R","E","T","E"],"build_version":"2019-01-23","purchased_purges":0,"victory":false,"max_hp_per_floor":[70,70,70,70,70,70,70,70,70,70],"card_choices":[{"not_picked":["Unload","Doppelganger"],"picked":"After Image","floor":0},{"not_picked":["Accuracy","Masterful Stab"],"picked":"Backflip","floor":1},{"not_picked":["Blade Dance","Deflect"],"picked":"Outmaneuver","floor":2},{"not_picked":["Acrobatics","Outmaneuver"],"picked":"After Image","floor":3},{"not_picked":["Blade Dance","Poisoned Stab"],"picked":"Backflip","floor":4},{"not_picked":["Poisoned Stab","Underhanded Strike"],"picked":"Blur","floor":5},{"not_picked":["Quick Slash","Reflex"],"picked":"Deflect","floor":6},{"not_picked":["Phantasmal Killer","Dagger Throw","Flying Knee"],"picked":"SKIP","floor":8}],"player_experience":669578,"relics_obtained":[{"floor":6,"key":"Mummified Hand"},{"floor":8,"key":"Sundial"},{"floor":9,"key":"Ornamental Fan"}],"event_choices":[],"is_beta":false,"boss_relics":[],"items_purged_floors":[],"is_endless":false,"potions_floor_spawned":[1,2,6],"killed_by":"Gremlin Nob","ascension_level":3}