{"gold_per_floor":[116,39,51,64,74,74,102,102,125,125,138,154,154,154,154,275,275,296,320,335,127,147,147,170,190,190,204,204,204,228,252,252,378,378,393,407,87,87,100,119,119,154,154,154,172,233,25,39,39,39],"floor_reached":50,"playtime":3651,"items_purged":["Defend_R","Defend_R"],"score":581,"play_id":"185fc63a-f080-45c3-8b61-e28376c59f01","local_time":"20190310124431","is_ascension_mode":true,"campfire_choices":[{"floor":6,"key":"RECALL"},{"floor":8,"key":"REST"},{"data":"Flex","floor":10,"key":"SMITH"},{"data":"Uppercut","floor":13,"key":"SMITH"},{"data":"Armaments","floor":15,"key":"SMITH"},{"floor":23,"key":"REST"},{"floor":29,"key":"REST"},{"data":"Flex","floor":32,"key":"SMITH"},{"floor":41,"key":"REST"},{"data":"Perfected Strike","floor":49,"key":"SMITH"}],"neow_cost":"NONE","seed_source_timestamp":527269475868651,"circlet_count":0,"master_deck":["Strike_R","Strike_R","Strike_R","Strike_R","Strike_R","Defend_R","Defend_R","Bash","Headbutt","Shrug It Off","Flex+1","Headbutt","Thunderclap","Armaments+1","Pummel","Pommel Strike","Uppercut+1","Feed","Shrug It Off+1","Perfected Strike+1","Power Through","Flex","Finesse","Sword Boomerang","Impervious","Flex+1","Dual Wield","Ghostly Armor","Offering","Heavy Blade+1","Perfected Strike","Inflame","Madness","Madness","Flex","Limit Break","Burning Pact+1","Clash"],"relics":["Burning Blood","Omamori","PreservedInsect","Golden Idol","Velvet Choker","Gremlin Horn","Bronze Scales","Philosopher\u0027s Stone","Vajra","Regal Pillow","Shuriken","Mango","Sling"],"potions_floor_usage":[7,16,19,25,27,33,42,42,46,50],"damage_taken":[{"damage":6,"enemies":"Jaw Worm","floor":1,"turns":4},{"damage":0,"enemies":"2 Louse","floor":3,"turns":3},{"damage":8,"enemies":"Small Slimes","floor":4,"turns":2},{"damage":10,"enemies":"Looter","floor":5,"turns":3},{"damage":44,"enemies":"Lagavulin","floor":7,"turns":8},{"damage":0,"enemies":"3 Louse","floor":11,"turns":2},{"damage":19,"enemies":"Blue Slaver","floor":12,"turns":4},{"damage":44,"enemies":"Hexaghost","floor":16,"turns":9},{"damage":14,"enemies":"3 Byrds","floor":18,"turns":5},{"damage":25,"enemies":"2 Thieves","floor":19,"turns":3},{"damage":11,"enemies":"Chosen and Byrds","floor":20,"turns":5},{"damage":35,"enemies":"Snake Plant","floor":22,"turns":3},{"damage":27,"enemies":"Shelled Parasite and Fungi","floor":24,"turns":5},{"damage":10,"enemies":"Cultist and Chosen","floor":25,"turns":4},{"damage":4,"enemies":"Centurion and Healer","floor":27,"turns":5},{"damage":10,"enemies":"3 Cultists","floor":30,"turns":3},{"damage":9,"enemies":"Snake Plant","floor":31,"turns":3},{"damage":55,"enemies":"Automaton","floor":33,"turns":10},{"damage":27,"enemies":"3 Darklings","floor":35,"turns":3},{"damage":28,"enemies":"3 Shapes","floor":36,"turns":5},{"damage":25,"enemies":"Jaw Worm Horde","floor":39,"turns":3},{"damage":5,"enemies":"4 Shapes","floor":40,"turns":4},{"damage":53,"enemies":"Giant Head","floor":42,"turns":7},{"damage":0,"enemies":"Spire Growth","floor":45,"turns":3},{"damage":15,"enemies":"2 Orb Walkers","floor":46,"turns":3},{"damage":3,"enemies":"Jaw Worm Horde","floor":48,"turns":4},{"damage":116,"enemies":"Awakened One","floor":50,"turns":6}],"seed_played":"-2551484642610583641","potions_obtained":[{"floor":3,"key":"PowerPotion"},{"floor":12,"key":"Poison Potion"},{"floor":16,"key":"SpeedPotion"},{"floor":18,"key":"AttackPotion"},{"floor":24,"key":"SkillPotion"},{"floor":30,"key":"LiquidBronze"},{"floor":36,"key":"Weak Potion"},{"floor":39,"key":"SpeedPotion"},{"floor":42,"key":"Strength Potion"},{"floor":46,"key":"LiquidBronze"}],"is_trial":false,"path_per_floor":["M","$","M","M","M","R","E","R","T","R","M","M","R","?","R","B",null,"M","M","M","$","M","R","M","M","T","M","?","R","M","M","R","B",null,"M","M","$","?","M","M","R","E","T","?","M","?","$","M","R","B"],"character_chosen":"IRONCLAD","items_purchased":["Shrug It Off","Flex","Flex","Finesse","Vajra","Inflame","Sling"],"campfire_rested":4,"item_purchase_floors":[2,2,21,21,37,37,47],"current_hp_per_floor":[80,80,80,78,74,74,36,60,60,60,66,53,53,53,53,15,80,75,59,54,54,28,54,33,29,29,34,34,61,60,60,60,11,98,77,55,55,43,24,28,58,11,11,88,88,93,93,96,96,0],"gold":39,"neow_bonus":"RANDOM_COMMON_RELIC","is_prod":false,"is_daily":false,"chose_seed":false,"campfire_upgraded":5,"win_rate":0,"timestamp":1552189471,"path_taken":["M","$","M","M","M","R","E","R","T","R","M","M","R","?","R","BOSS","M","M","M","$","M","R","M","M","T","M","?","R","M","M","R","BOSS","M","M","$","?","M","M","R","E","T","?","M","?","?","M","R","BOSS"],"build_version":"2019-01-23","purchased_purges":2,"victory":false,"max_hp_per_floor":[80,80,80,80,80,80,80,80,80,80,80,80,80,80,80,80,80,83,86,86,86,89,89,89,89,89,92,92,92,95,98,98,98,98,98,98,98,98,98,101,101,101,101,88,88,102,102,102,102,102],"card_choices":[{"not_picked":["Sword Boomerang","Cleave"],"picked":"Headbutt","floor":1},{"not_picked":["Clash","Anger"],"picked":"Headbutt","floor":3},{"not_picked":["Shrug It Off","Power Through"],"picked":"Thunderclap","floor":4},{"not_picked":["Twin Strike","Power Through"],"picked":"Armaments","floor":5},{"not_picked":["Brutality","Thunderclap"],"picked":"Pummel","floor":7},{"not_picked":["Cleave","Warcry"],"picked":"Pommel Strike","floor":11},{"not_picked":["Shockwave","Pummel"],"picked":"Uppercut","floor":12},{"not_picked":["Fiend Fire","Double Tap"],"picked":"Feed","floor":16},{"not_picked":["Anger","Twin Strike"],"picked":"Shrug It Off+1","floor":18},{"not_picked":["Iron Wave+1","Pommel Strike"],"picked":"Perfected Strike","floor":19},{"not_picked":["Blood for Blood","Uppercut"],"picked":"Power Through","floor":20},{"not_picked":["Body Slam+1","Rupture"],"picked":"Sword Boomerang","floor":22},{"not_picked":["Warcry","Clash"],"picked":"Impervious","floor":24},{"not_picked":["Hemokinesis","Rupture","Shrug It Off"],"picked":"SKIP","floor":25},{"not_picked":["Clothesline","Armaments+1"],"picked":"Flex","floor":27},{"not_picked":["Iron Wave+1","Rampage"],"picked":"Dual Wield","floor":30},{"not_picked":["Clothesline","Bloodletting+1"],"picked":"Ghostly Armor","floor":31},{"not_picked":["Fiend Fire","Feed"],"picked":"Offering","floor":33},{"not_picked":["Iron Wave","Anger+1"],"picked":"Heavy Blade+1","floor":35},{"not_picked":["Clash+1","Sword Boomerang"],"picked":"Perfected Strike","floor":36},{"not_picked":["Clothesline","Armaments"],"picked":"Flex","floor":39},{"not_picked":["Clothesline","Body Slam"],"picked":"Limit Break","floor":40},{"not_picked":["Anger+1","Headbutt"],"picked":"Burning Pact+1","floor":42},{"not_picked":["Body Slam+1","Metallicize","Sword Boomerang"],"picked":"SKIP","floor":45},{"not_picked":["Anger","Rupture+1"],"picked":"Clash","floor":46},{"not_picked":["Offering","Dual Wield","Body Slam+1"],"picked":"SKIP","floor":48}],"player_experience":65526,"relics_obtained":[{"floor":7,"key":"PreservedInsect"},{"floor":26,"key":"Gremlin Horn"},{"floor":42,"key":"Regal Pillow"},{"floor":43,"key":"Shuriken"},{"floor":46,"key":"Mango"}],"event_choices":[{"damage_healed":0,"gold_gain":0,"player_choice":"Take Wound","damage_taken":0,"relics_obtained":["Golden Idol"],"max_hp_gain":0,"max_hp_loss":0,"event_name":"Golden Idol","floor":14,"gold_loss":0,"cards_obtained":["Injury"]},{"damage_healed":0,"gold_gain":0,"player_choice":"Opened","damage_taken":0,"relics_obtained":["Bronze Scales"],"max_hp_gain":0,"max_hp_loss":0,"event_name":"The Mausoleum","floor":28,"gold_loss":0},{"damage_healed":0,"gold_gain":0,"player_choice":"Embrace Madness","damage_taken":12,"max_hp_gain":0,"max_hp_loss":0,"event_name":"Winding Halls","floor":38,"gold_loss":0,"cards_obtained":["Madness","Madness"]},{"damage_healed":88,"gold_gain":0,"player_choice":"Heal","damage_taken":0,"max_hp_gain":0,"max_hp_loss":13,"event_name":"The Moai Head","floor":44,"gold_loss":0},{"damage_healed":0,"gold_gain":0,"player_choice":"Fight","damage_taken":0,"max_hp_gain":0,"max_hp_loss":0,"event_name":"Mysterious Sphere","floor":46,"gold_loss":0}],"is_beta":false,"boss_relics":[{"not_picked":["Pandora\u0027s Box","Tiny House"],"picked":"Velvet Choker"},{"not_picked":["Fusion Hammer","Coffee Dripper"],"picked":"Philosopher\u0027s Stone"}],"items_purged_floors":[21,37],"is_endless":false,"potions_floor_spawned":[3,12,16,18,24,30,36,39,42,46],"killed_by":"Awakened One","ascension_level":1}