{"gold_per_floor":[118,130,130,145,145,145,178,202,214,254,191,224,224,201,201,298,298,316,23,35,35,35,66,66,92,92,92,111,139,14,14,14,118,118,131,148,148,0,12,12,40,40,40,54,66,86,86,186,186,186],"floor_reached":50,"playtime":2396,"items_purged":["Strike_R","Strike_R","Strike_R"],"score":792,"play_id":"5c8fd55b-478b-4d9b-9ab9-146a9cf42105","local_time":"20190425224421","is_ascension_mode":true,"campfire_choices":[{"data":"Rampage","floor":6.0,"key":"SMITH"},{"data":"Double Tap","floor":13.0,"key":"SMITH"},{"data":"Armaments","floor":15.0,"key":"SMITH"},{"data":"Hemokinesis","floor":24.0,"key":"SMITH"},{"data":"Bash","floor":27.0,"key":"SMITH"},{"data":"Warcry","floor":32.0,"key":"SMITH"},{"data":"True Grit","floor":40.0,"key":"SMITH"},{"floor":42.0,"key":"REST"},{"floor":49.0,"key":"RECALL"}],"neow_cost":"NONE","seed_source_timestamp":1083010341961315,"circlet_count":0,"master_deck":["Defend_R","Defend_R","Defend_R","Defend_R","Bash+1","Armaments+1","Rampage+1","Double Tap+1","Headbutt","Headbutt","Headbutt","Hemokinesis+1","Reaper+1","Immolate+1","Impervious","Clothesline+1","Iron Wave+1","Pommel Strike+1","Reaper+1","Warcry+1","Shame","Impervious","Shrug It Off","Evolve+1","True Grit+1","Burning Pact+1","Seeing Red"],"special_seed":0,"relics":["Burning Blood","NeowsBlessing","MawBank","Juzu Bracelet","Molten Egg 2","Sozu","Nloth\u0027s Gift","Red Skull","Pen Nib","Pear","Darkstone Periapt","Paper Frog","Black Star","Red Mask","Ornamental Fan","Meat on the Bone","Unceasing Top"],"potions_floor_usage":[],"damage_taken":[{"damage":0.0,"enemies":"Jaw Worm","floor":1.0,"turns":1.0},{"damage":0.0,"enemies":"Cultist","floor":2.0,"turns":1.0},{"damage":0.0,"enemies":"2 Louse","floor":4.0,"turns":1.0},{"damage":30.0,"enemies":"3 Sentries","floor":7.0,"turns":6.0},{"damage":2.0,"enemies":"Exordium Thugs","floor":8.0,"turns":4.0},{"damage":6.0,"enemies":"Gremlin Nob","floor":10.0,"turns":3.0},{"damage":23.0,"enemies":"Lagavulin","floor":12.0,"turns":3.0},{"damage":36.0,"enemies":"The Guardian","floor":16.0,"turns":7.0},{"damage":28.0,"enemies":"Shell Parasite","floor":18.0,"turns":4.0},{"damage":22.0,"enemies":"3 Byrds","floor":20.0,"turns":5.0},{"damage":20.0,"enemies":"Gremlin Leader","floor":23.0,"turns":5.0},{"damage":50.0,"enemies":"Slavers","floor":25.0,"turns":5.0},{"damage":4.0,"enemies":"Centurion and Healer","floor":28.0,"turns":4.0},{"damage":43.0,"enemies":"Book of Stabbing","floor":29.0,"turns":5.0},{"damage":27.0,"enemies":"Champ","floor":33.0,"turns":6.0},{"damage":56.0,"enemies":"3 Darklings","floor":35.0,"turns":5.0},{"damage":6.0,"enemies":"3 Shapes","floor":36.0,"turns":3.0},{"damage":53.0,"enemies":"Spire Growth","floor":39.0,"turns":7.0},{"damage":63.0,"enemies":"Reptomancer","floor":41.0,"turns":8.0},{"damage":43.0,"enemies":"3 Darklings","floor":44.0,"turns":6.0},{"damage":44.0,"enemies":"Writhing Mass","floor":45.0,"turns":7.0},{"damage":6.0,"enemies":"Sphere and 2 Shapes","floor":46.0,"turns":4.0},{"damage":30.0,"enemies":"Mind Bloom Boss Battle","floor":48.0,"turns":10.0},{"damage":82,"enemies":"Awakened One","floor":50,"turns":13}],"seed_played":"6089978170399051962","potions_obtained":[{"floor":1.0,"key":"Block Potion"},{"floor":4.0,"key":"PowerPotion"},{"floor":12.0,"key":"Weak Potion"},{"floor":16.0,"key":"Dexterity Potion"}],"is_trial":false,"path_per_floor":["M","M","?","M","?","R","E","M","T","E","$","E","R","?","R","B",null,"M","$","M","?","$","E","R","E","T","R","M","E","$","?","R","B",null,"M","M","$","?","M","R","E","R","T","M","M","M","?","?","R","B"],"character_chosen":"IRONCLAD","items_purchased":["Impervious","Clothesline+1"],"campfire_rested":1,"item_purchase_floors":[19,19],"current_hp_per_floor":[78,80,80,80,80,80,56,60,60,60,60,43,43,43,43,13,63,51,51,52,52,52,38,38,33,43,43,71,68,68,74,74,57,86,46,89,89,89,63,63,16,44,44,39,24,52,52,56,56,0],"gold":186,"neow_bonus":"THREE_ENEMY_KILL","is_prod":false,"is_daily":false,"chose_seed":false,"campfire_upgraded":7,"win_rate":0,"timestamp":1556199861,"path_taken":["M","M","?","?","?","R","E","M","T","E","?","E","R","?","R","BOSS","M","$","M","?","$","E","R","E","T","R","M","E","$","?","R","BOSS","M","M","$","?","M","R","E","R","T","M","M","M","?","?","R","BOSS"],"build_version":"2019-01-23","purchased_purges":3,"victory":false,"max_hp_per_floor":[80,80,80,80,80,80,80,80,80,80,80,80,80,80,80,80,80,80,80,80,80,80,80,80,80,90,90,90,90,90,96,96,96,96,96,96,96,96,96,96,96,96,96,96,96,96,91,91,91,91],"card_choices":[{"not_picked":["Second Wind","Havoc"],"picked":"Armaments","floor":1.0},{"not_picked":["Wild Strike","Headbutt"],"picked":"Rampage","floor":2.0},{"not_picked":["Burning Pact","Flex"],"picked":"Headbutt","floor":4.0},{"not_picked":["Rupture","Juggernaut"],"picked":"Headbutt","floor":7.0},{"not_picked":["Heavy Blade","Body Slam"],"picked":"Headbutt","floor":8.0},{"not_picked":["Sword Boomerang","Heavy Blade"],"picked":"Hemokinesis","floor":10.0},{"not_picked":["Power Through","Cleave"],"picked":"Reaper","floor":12.0},{"not_picked":["Barricade","Bludgeon+1"],"picked":"Immolate+1","floor":16.0},{"not_picked":["Rage","Wild Strike+1","Carnage+1"],"picked":"SKIP","floor":18.0},{"not_picked":["Dual Wield","Bloodletting"],"picked":"Iron Wave+1","floor":20.0},{"not_picked":["Wild Strike+1","Dark Embrace"],"picked":"Pommel Strike+1","floor":23.0},{"not_picked":["Fiend Fire+1","Twin Strike+1"],"picked":"Reaper+1","floor":25.0},{"not_picked":["Body Slam+1","Wild Strike+1"],"picked":"Warcry","floor":28.0},{"not_picked":["Flex","Feed+1","Clash+1"],"picked":"SKIP","floor":29.0},{"not_picked":["Juggernaut","Feed+1"],"picked":"Impervious","floor":33.0},{"not_picked":["Cleave+1","Flex"],"picked":"Shrug It Off","floor":35.0},{"not_picked":["Fiend Fire+1","Heavy Blade+1"],"picked":"Evolve+1","floor":36.0},{"not_picked":["Clothesline+1","Armaments+1"],"picked":"True Grit","floor":39.0},{"not_picked":["Berserk","Reckless Charge+1"],"picked":"Burning Pact+1","floor":41.0},{"not_picked":["Body Slam+1","Perfected Strike+1"],"picked":"Seeing Red","floor":44.0},{"not_picked":["Warcry","Immolate+1","Anger+1"],"picked":"SKIP","floor":45.0},{"not_picked":["Body Slam+1","Anger+1","Ghostly Armor+1"],"picked":"SKIP","floor":46.0}],"player_experience":432688,"relics_obtained":[{"floor":7.0,"key":"MawBank"},{"floor":9.0,"key":"Juzu Bracelet"},{"floor":10.0,"key":"Bottled Lightning"},{"floor":12.0,"key":"Molten Egg 2"},{"floor":23.0,"key":"Red Skull"},{"floor":25.0,"key":"Pen Nib"},{"floor":26.0,"key":"Pear"},{"floor":29.0,"key":"Darkstone Periapt"},{"floor":41.0,"key":"Ornamental Fan"},{"floor":41.0,"key":"Meat on the Bone"},{"floor":48.0,"key":"Unceasing Top"}],"event_choices":[{"damage_healed":0.0,"max_hp_gain":0.0,"max_hp_loss":0.0,"gold_gain":0.0,"cards_transformed":["Strike_R"],"event_name":"Transmorgrifier","player_choice":"Transformed","floor":3.0,"gold_loss":0.0,"damage_taken":0.0,"cards_obtained":["Double Tap"]},{"cards_removed":["Strike_R"],"damage_healed":0.0,"max_hp_gain":0.0,"max_hp_loss":0.0,"gold_gain":0.0,"event_name":"Purifier","player_choice":"Purged","floor":5.0,"gold_loss":0.0,"damage_taken":0.0},{"damage_healed":0.0,"max_hp_gain":0.0,"max_hp_loss":0.0,"gold_gain":0.0,"event_name":"World of Goop","player_choice":"Left Gold","floor":14.0,"gold_loss":23.0,"damage_taken":0.0},{"damage_healed":0.0,"max_hp_gain":0.0,"max_hp_loss":0.0,"gold_gain":0.0,"event_name":"N\u0027loth","player_choice":"Traded Relic","floor":21.0,"relics_lost":["Bottled Lightning"],"gold_loss":0.0,"damage_taken":0.0,"relics_obtained":["Nloth\u0027s Gift"]},{"damage_healed":0.0,"max_hp_gain":0.0,"max_hp_loss":0.0,"gold_gain":0.0,"event_name":"Addict","player_choice":"Stole Relic","floor":31.0,"gold_loss":0.0,"damage_taken":0.0,"relics_obtained":["Paper Frog"],"cards_obtained":["Shame"]},{"damage_healed":0.0,"max_hp_gain":0.0,"max_hp_loss":0.0,"gold_gain":0.0,"event_name":"Tomb of Lord Red Mask","player_choice":"Paid","floor":38.0,"gold_loss":148.0,"damage_taken":0.0,"relics_obtained":["Red Mask"]},{"damage_healed":0.0,"max_hp_gain":0.0,"max_hp_loss":5.0,"gold_gain":0.0,"event_name":"Winding Halls","player_choice":"Max HP","floor":47.0,"gold_loss":0.0,"damage_taken":0.0},{"damage_healed":0.0,"max_hp_gain":0.0,"max_hp_loss":0.0,"gold_gain":0.0,"event_name":"MindBloom","player_choice":"Fight","floor":48.0,"gold_loss":0.0,"damage_taken":0.0}],"is_beta":false,"boss_relics":[{"not_picked":["Snecko Eye","Tiny House"],"picked":"Sozu"},{"not_picked":["Velvet Choker","Runic Pyramid"],"picked":"Black Star"}],"items_purged_floors":[11,19,30],"is_endless":false,"potions_floor_spawned":[1,4,12,16,20,25,28,33,41,45,46],"killed_by":"Awakened One","ascension_level":9}