{"gold_per_floor":[115,129,129,149,69,69,69,69,69,69,94,114,114,134,134,257,257,241,0,19,118,136,136,136],"floor_reached":24,"playtime":1212,"items_purged":[],"score":274,"play_id":"41b4a1c8-68c0-4886-ace9-9df9c77c567a","local_time":"20190417132010","is_ascension_mode":true,"campfire_choices":[{"data":"Zap","floor":6,"key":"SMITH"},{"data":"Redo","floor":13,"key":"SMITH"},{"data":"Hologram","floor":15,"key":"SMITH"},{"data":"Redo","floor":23,"key":"SMITH"}],"neow_cost":"NONE","seed_source_timestamp":657879496369800,"circlet_count":0,"master_deck":["Strike_B","Strike_B","Strike_B","Defend_B","Defend_B","Defend_B","Defend_B","Zap+1","Dualcast+1","Gash","Redo+1","Stack","FTL","Regret","Hologram","Hologram+1","Echo Form","Gash","Redo+1","Go for the Eyes"],"relics":["Cracked Core","NeowsBlessing","Golden Idol","Pocketwatch","Happy Flower","Inserter","Meat on the Bone"],"potions_floor_usage":[16,16,16,22],"damage_taken":[{"damage":0,"enemies":"Cultist","floor":1,"turns":1},{"damage":0,"enemies":"Small Slimes","floor":2,"turns":1},{"damage":0,"enemies":"2 Louse","floor":4,"turns":1},{"damage":9,"enemies":"2 Fungi Beasts","floor":11,"turns":2},{"damage":5,"enemies":"Blue Slaver","floor":12,"turns":3},{"damage":15,"enemies":"Large Slime","floor":14,"turns":5},{"damage":2,"enemies":"Slime Boss","floor":16,"turns":6},{"damage":28,"enemies":"2 Thieves","floor":18,"turns":4},{"damage":14,"enemies":"3 Byrds","floor":20,"turns":4},{"damage":17,"enemies":"Centurion and Healer","floor":22,"turns":4},{"damage":37,"enemies":"Gremlin Leader","floor":24,"turns":4}],"seed_played":"53367128135044446","potions_obtained":[{"floor":1,"key":"SkillPotion"},{"floor":11,"key":"FocusPotion"},{"floor":14,"key":"Fire Potion"},{"floor":20,"key":"Swift Potion"},{"floor":22,"key":"Dexterity Potion"}],"is_trial":false,"path_per_floor":["M","M","?","M","$","R","?","?","T","?","M","M","R","M","R","B",null,"M","$","M","?","M","R","E"],"character_chosen":"DEFECT","items_purchased":["FTL","Meat on the Bone"],"campfire_rested":0,"item_purchase_floors":[5,19],"current_hp_per_floor":[75,75,69,69,69,69,69,62,62,62,53,48,48,33,33,31,69,41,41,39,39,34,34,0],"gold":136,"neow_bonus":"THREE_ENEMY_KILL","is_prod":false,"is_daily":false,"chose_seed":false,"campfire_upgraded":4,"win_rate":0,"timestamp":1555500010,"path_taken":["M","M","?","M","$","R","?","?","T","?","M","M","R","M","R","BOSS","M","$","M","?","M","R","E"],"build_version":"2019-01-23","purchased_purges":0,"victory":false,"max_hp_per_floor":[75,75,69,69,69,69,69,69,69,69,69,69,69,69,69,69,69,69,69,69,69,69,69,69],"card_choices":[{"not_picked":["Tempest","Compile Driver"],"picked":"Gash","floor":1},{"not_picked":["Leap","Rebound"],"picked":"Redo","floor":2},{"not_picked":["Lockon","Tempest"],"picked":"Stack","floor":4},{"not_picked":["Sweeping Beam","Sunder"],"picked":"Hologram","floor":11},{"not_picked":["Darkness","Rebound"],"picked":"Hologram","floor":12},{"not_picked":["Machine Learning","Heatsinks","Coolheaded"],"picked":"SKIP","floor":14},{"not_picked":["Buffer","Thunder Strike"],"picked":"Echo Form","floor":16},{"not_picked":["Conserve Battery","Barrage"],"picked":"Gash","floor":18},{"not_picked":["Recycle","Cold Snap"],"picked":"Redo","floor":20},{"not_picked":["Hologram","Auto Shields"],"picked":"Go for the Eyes","floor":22}],"player_experience":541179,"relics_obtained":[{"floor":9,"key":"Pocketwatch"}],"event_choices":[{"damage_healed":0,"gold_gain":0,"player_choice":"Lose Max HP","damage_taken":0,"relics_obtained":["Golden Idol"],"max_hp_gain":0,"max_hp_loss":6,"event_name":"Golden Idol","floor":3,"gold_loss":0},{"damage_healed":0,"gold_gain":0,"player_choice":"Grow","damage_taken":0,"max_hp_gain":0,"max_hp_loss":0,"event_name":"Living Wall","floor":7,"gold_loss":0,"cards_upgraded":["Dualcast"]},{"cards_removed":["Strike_B"],"damage_healed":0,"gold_gain":0,"player_choice":"Card Removal","damage_taken":7,"max_hp_gain":0,"max_hp_loss":0,"event_name":"Golden Wing","floor":8,"gold_loss":0},{"damage_healed":0,"gold_gain":0,"player_choice":"Box","damage_taken":0,"relics_obtained":["Happy Flower"],"max_hp_gain":0,"max_hp_loss":0,"event_name":"Big Fish","floor":10,"gold_loss":0,"cards_obtained":["Regret"]},{"damage_healed":0,"gold_gain":99,"player_choice":"Stole From Cult","damage_taken":0,"max_hp_gain":0,"max_hp_loss":0,"event_name":"Nest","floor":21,"gold_loss":0}],"is_beta":false,"boss_relics":[{"not_picked":["Snecko Eye","Busted Crown"],"picked":"Inserter"}],"items_purged_floors":[],"is_endless":false,"potions_floor_spawned":[1,11,14,20,22],"killed_by":"Gremlin Leader","ascension_level":3}