{"gold_per_floor":[16,32,48,62,237,264,264,297,297,297],"floor_reached":10,"playtime":328,"items_purged":[],"score":101,"play_id":"c7334219-c3cb-448d-9f33-9173c0a9b774","local_time":"20190430234840","is_ascension_mode":true,"campfire_choices":[{"data":"Buffer","floor":7,"key":"SMITH"}],"neow_cost":"NO_GOLD","seed_source_timestamp":86182800153300,"circlet_count":0,"master_deck":["Strike_B","Strike_B","Strike_B","Strike_B","Defend_B","Defend_B","Defend_B","Defend_B","Zap","Dualcast","Buffer+1","Hologram","Cold Snap","BootSequence","Genetic Algorithm","Doubt","Steam","Auto Shields"],"relics":["Cracked Core","Question Card","Incense Burner","Kunai"],"potions_floor_usage":[6],"damage_taken":[{"damage":2,"enemies":"Jaw Worm","floor":1,"turns":4},{"damage":7,"enemies":"Small Slimes","floor":2,"turns":3},{"damage":1,"enemies":"2 Louse","floor":3,"turns":3},{"damage":11,"enemies":"2 Fungi Beasts","floor":4,"turns":4},{"damage":26,"enemies":"Gremlin Nob","floor":6,"turns":6},{"damage":16,"enemies":"Lagavulin","floor":8,"turns":10},{"damage":9,"enemies":"3 Louse","floor":10,"turns":2}],"seed_played":"-2112160465684905691","potions_obtained":[{"floor":1,"key":"Block Potion"},{"floor":8,"key":"FocusPotion"}],"is_trial":false,"path_per_floor":["M","M","M","M","?","E","R","E","T","M"],"character_chosen":"DEFECT","items_purchased":[],"campfire_rested":0,"item_purchase_floors":[],"current_hp_per_floor":[66,59,58,47,47,21,21,5,5,0],"gold":297,"neow_bonus":"THREE_RARE_CARDS","is_prod":false,"is_daily":false,"chose_seed":false,"campfire_upgraded":1,"win_rate":0,"timestamp":1556660920,"path_taken":["M","M","M","M","?","E","R","E","T","M"],"build_version":"2019-01-23","purchased_purges":0,"victory":false,"max_hp_per_floor":[75,75,75,75,75,75,75,75,75,75],"card_choices":[{"not_picked":["Rainbow","Machine Learning"],"picked":"Buffer","floor":0},{"not_picked":["Auto Shields","Gash"],"picked":"Hologram","floor":1},{"not_picked":["Conserve Battery","FTL"],"picked":"Cold Snap","floor":2},{"not_picked":["Compile Driver","Gash"],"picked":"BootSequence","floor":3},{"not_picked":["Go for the Eyes","Gash"],"picked":"Genetic Algorithm","floor":4},{"not_picked":["Stack","Hyperbeam"],"picked":"Steam","floor":6},{"not_picked":["Fusion","Steam","Tempest"],"picked":"Auto Shields","floor":8}],"player_experience":915736,"relics_obtained":[{"floor":6,"key":"Question Card"},{"floor":8,"key":"Incense Burner"},{"floor":9,"key":"Kunai"}],"event_choices":[{"damage_healed":0,"gold_gain":175,"player_choice":"AGREE","damage_taken":0,"max_hp_gain":0,"max_hp_loss":0,"event_name":"Liars Game","floor":5,"gold_loss":0,"cards_obtained":["Doubt"]}],"is_beta":false,"boss_relics":[],"items_purged_floors":[],"is_endless":false,"potions_floor_spawned":[1,8],"killed_by":"3 Louse","ascension_level":6}