{"gold_per_floor":[117,117,135,85,99,99,99,99,99,113,131,156,174,64,64,193,193,217,232,255,279,299,299,335,354,354,374,374,394,394,143,143,267,267,288,303,428,428,447,447],"floor_reached":40,"playtime":3290,"items_purged":["Strike_B","Injury"],"score":487,"play_id":"94c282b9-8df3-4f30-b437-86cec89e0629","local_time":"20190330105550","is_ascension_mode":true,"campfire_choices":[{"data":"Chaos","floor":6,"key":"SMITH"},{"data":"Zap","floor":8,"key":"SMITH"},{"floor":15,"key":"REST"},{"data":"Defragment","floor":23,"key":"SMITH"},{"data":"Defragment","floor":30,"key":"SMITH"},{"floor":32,"key":"REST"}],"neow_cost":"NONE","seed_source_timestamp":1346016659343991,"circlet_count":0,"master_deck":["Strike_B","Defend_B","Defend_B","Defend_B","Defend_B","Zap","Dualcast","Go for the Eyes","Chaos+1","Reprogram","Ball Lightning","Zap+1","Ball Lightning","Hologram","Cold Snap","Turbo","Defragment+1","Electrodynamics","Self Repair","Compile Driver+1","Chill","Coolheaded","Leap","Glacier","Undo+1","Defragment+1","Echo Form","Amplify","FTL+1","Stack+1","Rebound+1","Glacier","Rebound","Sunder"],"relics":["Cracked Core","NeowsBlessing","Golden Idol","Symbiotic Virus","Cursed Key","Sundial","Orrery","Prayer Wheel"],"potions_floor_usage":[16,16,20,24,27,29,39,40,40],"damage_taken":[{"damage":0,"enemies":"Small Slimes","floor":1,"turns":1},{"damage":0,"enemies":"Jaw Worm","floor":3,"turns":1},{"damage":0,"enemies":"Cultist","floor":5,"turns":1},{"damage":8,"enemies":"Gremlin Gang","floor":10,"turns":3},{"damage":6,"enemies":"Looter","floor":11,"turns":2},{"damage":6,"enemies":"Red Slaver","floor":12,"turns":2},{"damage":7,"enemies":"Large Slime","floor":13,"turns":4},{"damage":16,"enemies":"The Guardian","floor":16,"turns":8},{"damage":0,"enemies":"3 Byrds","floor":18,"turns":1},{"damage":4,"enemies":"Chosen","floor":19,"turns":3},{"damage":17,"enemies":"Snake Plant","floor":20,"turns":3},{"damage":16,"enemies":"Centurion and Healer","floor":21,"turns":5},{"damage":0,"enemies":"3 Cultists","floor":22,"turns":2},{"damage":20,"enemies":"Book of Stabbing","floor":24,"turns":5},{"damage":1,"enemies":"Cultist and Chosen","floor":25,"turns":6},{"damage":13,"enemies":"Snecko","floor":27,"turns":5},{"damage":6,"enemies":"Snake Plant","floor":29,"turns":4},{"damage":33,"enemies":"Collector","floor":33,"turns":10},{"damage":18,"enemies":"3 Shapes","floor":35,"turns":7},{"damage":6,"enemies":"Orb Walker","floor":36,"turns":4},{"damage":11,"enemies":"Mind Bloom Boss Battle","floor":37,"turns":8},{"damage":28,"enemies":"Sphere and 2 Shapes","floor":39,"turns":6},{"damage":75,"enemies":"Giant Head","floor":40,"turns":9}],"seed_played":"-5814917002703030933","potions_obtained":[{"floor":1,"key":"Weak Potion"},{"floor":13,"key":"PowerPotion"},{"floor":16,"key":"SkillPotion"},{"floor":20,"key":"Weak Potion"},{"floor":21,"key":"Weak Potion"},{"floor":27,"key":"AttackPotion"},{"floor":35,"key":"SteroidPotion"},{"floor":37,"key":"SkillPotion"},{"floor":39,"key":"Swift Potion"}],"is_trial":false,"path_per_floor":["M","?","M","?","M","R","?","R","T","M","M","M","M","$","R","B",null,"M","M","M","M","M","R","E","M","T","M","?","M","R","$","R","B",null,"M","M","?","?","M","E"],"character_chosen":"DEFECT","items_purchased":["Defragment","Echo Form"],"campfire_rested":2,"item_purchase_floors":[14,31],"current_hp_per_floor":[75,57,57,57,57,57,57,57,57,49,43,37,30,30,52,36,75,75,75,65,56,63,63,50,49,49,36,36,37,37,37,59,26,75,64,65,61,61,40,0],"gold":447,"neow_bonus":"THREE_ENEMY_KILL","is_prod":false,"is_daily":false,"chose_seed":false,"campfire_upgraded":4,"win_rate":0,"timestamp":1553910950,"path_taken":["M","?","M","?","?","R","?","R","T","M","M","M","M","?","R","BOSS","M","?","M","M","M","R","E","M","T","M","?","?","R","$","R","BOSS","M","M","?","?","M","E"],"build_version":"2019-01-23","purchased_purges":2,"victory":false,"max_hp_per_floor":[75,75,75,75,75,75,75,75,75,75,75,75,75,75,75,75,75,75,75,75,75,75,75,75,75,75,75,75,75,75,75,75,75,75,75,75,75,75,75,75],"card_choices":[{"not_picked":["Steam Power","Capacitor"],"picked":"Go for the Eyes","floor":1},{"not_picked":["Ball Lightning","Reprogram"],"picked":"Chaos","floor":3},{"not_picked":["Loop","Static Discharge"],"picked":"Reprogram","floor":5},{"not_picked":["Rebound","Sweeping Beam"],"picked":"Ball Lightning","floor":10},{"not_picked":["Rip and Tear","Force Field"],"picked":"Hologram","floor":11},{"not_picked":["Force Field","Recycle"],"picked":"Cold Snap","floor":12},{"not_picked":["Hello World","Go for the Eyes"],"picked":"Turbo","floor":13},{"not_picked":["All For One","Echo Form"],"picked":"Electrodynamics","floor":16},{"not_picked":["Stack","Heatsinks"],"picked":"Self Repair","floor":18},{"not_picked":["Gash","Loop+1"],"picked":"Compile Driver+1","floor":19},{"not_picked":["Steam","Turbo"],"picked":"Chill","floor":20},{"not_picked":["Ball Lightning","Hello World"],"picked":"Coolheaded","floor":21},{"not_picked":["Doom and Gloom","Gash"],"picked":"Leap","floor":22},{"not_picked":["Turbo","Coolheaded+1"],"picked":"Glacier","floor":24},{"not_picked":["Rip and Tear","Ball Lightning"],"picked":"Undo+1","floor":25},{"not_picked":["Compile Driver","Sweeping Beam","Leap"],"picked":"SKIP","floor":27},{"not_picked":["Compile Driver","Coolheaded"],"picked":"Defragment","floor":29},{"not_picked":["Machine Learning","Electrodynamics"],"picked":"Amplify","floor":33},{"not_picked":["Conserve Battery","Turbo"],"picked":"FTL+1","floor":34},{"not_picked":["Steam","White Noise"],"picked":"Stack+1","floor":34},{"not_picked":["Gash+1","Scrape+1"],"picked":"Rebound+1","floor":34},{"not_picked":["Stack","Turbo","Conserve Battery"],"picked":"SKIP","floor":35},{"not_picked":["Stack+1","Rebound+1"],"picked":"Glacier","floor":36},{"not_picked":["Double Energy+1","Multi-Cast"],"picked":"Sunder","floor":39},{"not_picked":["Compile Driver","Turbo","White Noise+1"],"picked":"SKIP","floor":39}],"player_experience":193057,"relics_obtained":[{"floor":9,"key":"Symbiotic Virus"},{"floor":24,"key":"Sundial"},{"floor":37,"key":"Prayer Wheel"}],"event_choices":[{"damage_healed":0,"gold_gain":0,"player_choice":"Take Damage","damage_taken":18,"relics_obtained":["Golden Idol"],"max_hp_gain":0,"max_hp_loss":0,"event_name":"Golden Idol","floor":2,"gold_loss":0},{"cards_removed":["Strike_B"],"damage_healed":0,"gold_gain":0,"player_choice":"Card Removal","damage_taken":0,"max_hp_gain":0,"max_hp_loss":0,"event_name":"The Cleric","floor":4,"gold_loss":50},{"damage_healed":0,"gold_gain":0,"player_choice":"2 cards matched","damage_taken":0,"max_hp_gain":0,"max_hp_loss":0,"event_name":"Match and Keep!","floor":7,"gold_loss":0,"cards_obtained":["Ball Lightning","Zap"]},{"damage_healed":0,"gold_gain":0,"player_choice":"Bought 0 Potions","damage_taken":0,"max_hp_gain":0,"max_hp_loss":0,"event_name":"The Woman in Blue","floor":28,"gold_loss":0},{"damage_healed":0,"gold_gain":0,"player_choice":"Fight","damage_taken":0,"max_hp_gain":0,"max_hp_loss":0,"event_name":"MindBloom","floor":37,"gold_loss":0},{"damage_healed":0,"gold_gain":0,"cards_transformed":["Strike_B"],"player_choice":"Transformed","damage_taken":0,"max_hp_gain":0,"max_hp_loss":0,"event_name":"Transmorgrifier","floor":38,"gold_loss":0,"cards_obtained":["Rebound"]}],"is_beta":false,"boss_relics":[{"not_picked":["Eternal Feather","Philosopher\u0027s Stone"],"picked":"Cursed Key"},{"not_picked":["Fusion Hammer","Black Star"],"picked":"Orrery"}],"items_purged_floors":[14,31],"is_endless":false,"potions_floor_spawned":[1,13,16,20,21,27,35,37,39],"killed_by":"Giant Head","ascension_level":4}