{"gold_per_floor":[111,121,121,121,139,173,71,71,122,137,171,189,206,236,236,236],"floor_reached":16,"playtime":566,"items_purged":["Strike_R"],"score":122,"play_id":"2a8dee60-6ff2-4ce5-93fb-dc43aeb5f0a4","local_time":"20190226123812","is_ascension_mode":false,"campfire_choices":[{"data":"Limit Break","floor":8,"key":"SMITH"},{"data":"Limit Break","floor":15,"key":"SMITH"}],"neow_cost":"NONE","seed_source_timestamp":501883425145570,"circlet_count":0,"master_deck":["Strike_R","Strike_R+1","Strike_R","Strike_R+1","Defend_R","Defend_R","Defend_R","Defend_R","Bash","Uppercut+1","Clothesline","Limit Break+1","Flex","Limit Break+1"],"relics":["Burning Blood","NeowsBlessing","Bronze Scales","Centennial Puzzle","Dodecahedron","The Courier"],"potions_floor_usage":[11,14,14,16],"damage_taken":[{"damage":0,"enemies":"Jaw Worm","floor":1,"turns":1},{"damage":0,"enemies":"Small Slimes","floor":2,"turns":1},{"damage":0,"enemies":"Cultist","floor":5,"turns":1},{"damage":11,"enemies":"Gremlin Nob","floor":6,"turns":4},{"damage":2,"enemies":"2 Fungi Beasts","floor":10,"turns":3},{"damage":21,"enemies":"Lagavulin","floor":11,"turns":6},{"damage":8,"enemies":"Exordium Thugs","floor":12,"turns":5},{"damage":5,"enemies":"3 Louse","floor":13,"turns":3},{"damage":30,"enemies":"3 Sentries","floor":14,"turns":7},{"damage":44,"enemies":"Slime Boss","floor":16,"turns":7}],"seed_played":"6454365729620879554","potions_obtained":[{"floor":1,"key":"Explosive Potion"},{"floor":5,"key":"GamblersBrew"},{"floor":6,"key":"AttackPotion"},{"floor":11,"key":"Regen Potion"}],"is_trial":false,"path_per_floor":["M","M","?","?","M","E","$","R","T","M","E","M","M","E","R","B"],"character_chosen":"IRONCLAD","items_purchased":["Flex"],"campfire_rested":0,"item_purchase_floors":[7],"current_hp_per_floor":[80,80,64,64,70,65,65,65,65,69,54,52,53,44,44,0],"gold":236,"neow_bonus":"THREE_ENEMY_KILL","is_prod":false,"is_daily":false,"chose_seed":false,"campfire_upgraded":2,"win_rate":0,"timestamp":1551213492,"path_taken":["M","M","?","?","M","E","$","R","T","M","E","?","M","E","R","BOSS"],"build_version":"2019-01-23","purchased_purges":1,"victory":false,"max_hp_per_floor":[80,80,80,80,80,80,80,80,80,80,80,80,80,80,80,80],"card_choices":[{"not_picked":["Anger","Pommel Strike"],"picked":"Uppercut","floor":1},{"not_picked":["Iron Wave","Perfected Strike"],"picked":"Clothesline","floor":2},{"not_picked":["Anger","Perfected Strike"],"picked":"Limit Break","floor":5},{"not_picked":["Blood for Blood","Fire Breathing","Hemokinesis"],"picked":"SKIP","floor":6},{"not_picked":["Sword Boomerang","Bloodletting","Infernal Blade"],"picked":"SKIP","floor":10},{"not_picked":["Headbutt","Reckless Charge","Combust"],"picked":"SKIP","floor":11},{"not_picked":["Seeing Red","Fire Breathing","Uppercut"],"picked":"SKIP","floor":12},{"not_picked":["Ghostly Armor","Cleave","Rupture"],"picked":"SKIP","floor":13},{"not_picked":["Cleave","Bludgeon"],"picked":"Limit Break","floor":14}],"player_experience":462064,"relics_obtained":[{"floor":6,"key":"Bronze Scales"},{"floor":9,"key":"Centennial Puzzle"},{"floor":11,"key":"Dodecahedron"},{"floor":14,"key":"The Courier"}],"event_choices":[{"damage_healed":0,"gold_gain":0,"player_choice":"Entered Light","damage_taken":16,"max_hp_gain":0,"max_hp_loss":0,"event_name":"Shining Light","floor":3,"gold_loss":0,"cards_upgraded":["Strike_R","Strike_R"]},{"damage_healed":0,"gold_gain":0,"player_choice":"Upgraded","damage_taken":0,"max_hp_gain":0,"max_hp_loss":0,"event_name":"Upgrade Shrine","floor":4,"gold_loss":0,"cards_upgraded":["Uppercut"]}],"is_beta":false,"boss_relics":[],"items_purged_floors":[7],"is_endless":false,"potions_floor_spawned":[1,5,6,11,12],"killed_by":"Slime Boss","ascension_level":0}