{"gold_per_floor":[114,129,54,129,129,129,129,141,141,41,41,53,72,72,72,167,167,179,190,190,204,204,204,237,112,165,141,156,175,100,119,119,214,214,230,230,247,264,114,114],"floor_reached":40,"playtime":1516,"items_purged":["Defend_B","Strike_B","Dualcast","Defend_B"],"score":423,"play_id":"bdf8c308-c633-4a8b-ade0-3315cb79a354","local_time":"20190222183147","is_ascension_mode":false,"campfire_choices":[{"data":"Beam Cell","floor":6,"key":"SMITH"},{"data":"Gash","floor":15,"key":"SMITH"},{"floor":23,"key":"REST"},{"floor":32,"key":"REST"}],"neow_cost":"NONE","seed_source_timestamp":176516338725524,"circlet_count":0,"master_deck":["Defend_B","Beam Cell+1","Gash+1","Gash","Conserve Battery+1","Glacier","Glacier","Coolheaded"],"relics":["Cracked Core","Molten Egg 2","Pantograph","Pear","MawBank","Black Star"],"potions_floor_usage":[16,21,24,33,33,38],"damage_taken":[{"damage":0,"enemies":"Cultist","floor":1,"turns":3},{"damage":1,"enemies":"2 Louse","floor":2,"turns":2},{"damage":1,"enemies":"Jaw Worm","floor":8,"turns":2},{"damage":14,"enemies":"Large Slime","floor":12,"turns":4},{"damage":7,"enemies":"3 Louse","floor":13,"turns":3},{"damage":48,"enemies":"The Guardian","floor":16,"turns":7},{"damage":18,"enemies":"3 Byrds","floor":18,"turns":5},{"damage":27,"enemies":"Shell Parasite","floor":19,"turns":4},{"damage":13,"enemies":"Sentry and Sphere","floor":21,"turns":5},{"damage":25,"enemies":"Gremlin Leader","floor":24,"turns":7},{"damage":4,"enemies":"Snecko","floor":28,"turns":8},{"damage":1,"enemies":"Shelled Parasite and Fungi","floor":29,"turns":7},{"damage":0,"enemies":"Centurion and Healer","floor":31,"turns":7},{"damage":9,"enemies":"Champ","floor":33,"turns":11},{"damage":4,"enemies":"3 Darklings","floor":35,"turns":11},{"damage":0,"enemies":"3 Shapes","floor":37,"turns":8},{"damage":20,"enemies":"Transient","floor":38,"turns":5},{"damage":80,"enemies":"Reptomancer","floor":40,"turns":6}],"seed_played":"2886221911665309634","potions_obtained":[{"floor":12,"key":"FearPotion"},{"floor":13,"key":"SpeedPotion"},{"floor":16,"key":"Explosive Potion"},{"floor":18,"key":"Dexterity Potion"},{"floor":31,"key":"Swift Potion"},{"floor":35,"key":"Weak Potion"}],"is_trial":false,"path_per_floor":["M","M","$","?","?","R","?","M","T","$","?","M","M","?","R","B",null,"M","M","?","M","?","R","E","$","T","$","M","M","?","M","R","B",null,"M","?","M","M","$","E"],"character_chosen":"DEFECT","items_purchased":["Glacier"],"campfire_rested":2,"item_purchase_floors":[27],"current_hp_per_floor":[75,74,74,63,56,56,61,60,60,60,60,46,39,39,39,16,80,62,35,35,22,7,32,17,17,17,17,13,12,12,12,40,56,95,91,91,91,71,71,0],"gold":114,"neow_bonus":"REMOVE_CARD","is_prod":false,"is_daily":false,"chose_seed":false,"campfire_upgraded":2,"win_rate":0,"timestamp":1550889107,"path_taken":["M","M","$","?","?","R","?","?","T","$","?","M","M","?","R","BOSS","M","M","?","M","?","R","E","$","T","?","M","M","?","M","R","BOSS","M","?","M","?","$","E"],"build_version":"2019-01-23","purchased_purges":4,"victory":false,"max_hp_per_floor":[75,75,75,75,75,75,80,80,80,80,80,80,80,80,80,80,80,80,80,80,80,85,85,95,95,95,95,95,95,95,95,95,95,95,95,95,95,95,95,95],"card_choices":[{"not_picked":["Barrage","Ball Lightning"],"picked":"Beam Cell","floor":1},{"not_picked":["White Noise","Reboot"],"picked":"Gash","floor":2},{"not_picked":["Darkness","Lockon"],"picked":"Gash","floor":8},{"not_picked":["Hello World","Compile Driver+1","Barrage+1"],"picked":"SKIP","floor":12},{"not_picked":["Auto Shields","Lockon+1","Consume"],"picked":"SKIP","floor":13},{"not_picked":["Sweeping Beam+1","Go for the Eyes+1","Streamline+1"],"picked":"SKIP","floor":18},{"not_picked":["Gash+1","Lockon+1"],"picked":"Conserve Battery+1","floor":19},{"not_picked":["Auto Shields","FTL+1","Hologram"],"picked":"SKIP","floor":21},{"not_picked":["Double Energy","Go for the Eyes+1","Steam Power"],"picked":"SKIP","floor":24},{"not_picked":["Stack","Ball Lightning+1"],"picked":"Glacier","floor":28},{"not_picked":["Sweeping Beam+1","Tempest","Ball Lightning+1"],"picked":"SKIP","floor":29},{"not_picked":["Self Repair+1","Stack"],"picked":"Coolheaded","floor":31},{"not_picked":["Streamline+1","Barrage+1","Leap"],"picked":"SKIP","floor":35},{"not_picked":["Gash+1","BootSequence+1","Sunder+1"],"picked":"SKIP","floor":37},{"not_picked":["Leap+1","Barrage+1","Multi-Cast"],"picked":"SKIP","floor":38}],"player_experience":439033,"relics_obtained":[{"floor":9,"key":"Molten Egg 2"},{"floor":24,"key":"Pear"},{"floor":26,"key":"MawBank"}],"event_choices":[{"damage_healed":0,"gold_gain":75,"player_choice":"Gather Gold","damage_taken":11,"max_hp_gain":0,"max_hp_loss":0,"event_name":"World of Goop","floor":4,"gold_loss":0},{"cards_removed":["Defend_B"],"damage_healed":0,"gold_gain":0,"player_choice":"Card Removal","damage_taken":7,"max_hp_gain":0,"max_hp_loss":0,"event_name":"Golden Wing","floor":5,"gold_loss":0},{"damage_healed":0,"gold_gain":0,"player_choice":"Donut","damage_taken":0,"max_hp_gain":5,"max_hp_loss":0,"event_name":"Big Fish","floor":7,"gold_loss":0},{"cards_removed":["Strike_B"],"damage_healed":0,"gold_gain":0,"player_choice":"Forget","damage_taken":0,"max_hp_gain":0,"max_hp_loss":0,"event_name":"Living Wall","floor":11,"gold_loss":0},{"damage_healed":0,"gold_gain":0,"player_choice":"Searched \u00271\u0027 times","damage_taken":0,"relics_obtained":["Pantograph"],"max_hp_gain":0,"max_hp_loss":0,"event_name":"Dead Adventurer","floor":14,"gold_loss":0},{"cards_removed":["Strike_B"],"damage_healed":0,"gold_gain":0,"player_choice":"Elegance","damage_taken":0,"max_hp_gain":0,"max_hp_loss":0,"event_name":"Back to Basics","floor":20,"gold_loss":0},{"damage_healed":0,"gold_gain":0,"player_choice":"Shed Blood","damage_taken":20,"max_hp_gain":5,"max_hp_loss":0,"event_name":"Forgotten Altar","floor":22,"gold_loss":0},{"cards_removed":["Zap"],"damage_healed":0,"gold_gain":0,"player_choice":"Gave Gold","damage_taken":0,"max_hp_gain":0,"max_hp_loss":0,"event_name":"Beggar","floor":30,"gold_loss":75},{"damage_healed":0,"gold_gain":0,"player_choice":"Ignored","damage_taken":0,"max_hp_gain":0,"max_hp_loss":0,"event_name":"NoteForYourself","floor":36,"gold_loss":0}],"is_beta":false,"boss_relics":[{"not_picked":["Calling Bell","Velvet Choker","Snecko Eye"]},{"not_picked":["Coffee Dripper","Philosopher\u0027s Stone"],"picked":"Black Star"}],"items_purged_floors":[3,10,25,39],"is_endless":false,"potions_floor_spawned":[12,13,16,18,19,31,35],"killed_by":"Reptomancer","ascension_level":0}