{"gold_per_floor":[361,436,436,35,49,74,74,108,108,108,120,100,120,138,138,240,240,257,41,41,57,72,72,72,72,72,83,182,212,222,222,222,323,323,337,337,349,367,391,391,421,22,22,22,50,67,102,114,114,114],"floor_reached":51,"playtime":5444,"items_purged":["Strike_R"],"score":1013,"play_id":"4889cd84-05f8-4dc6-ae8e-44d2653bbd96","local_time":"20190327201950","is_ascension_mode":true,"campfire_choices":[{"floor":7,"key":"REST"},{"floor":10,"key":"REST"},{"data":"Bash","floor":15,"key":"SMITH"},{"data":"Barricade","floor":23,"key":"SMITH"},{"data":"Corruption","floor":25,"key":"SMITH"},{"data":"Rage","floor":32,"key":"SMITH"},{"floor":40,"key":"REST"},{"floor":44,"key":"REST"},{"floor":49,"key":"REST"}],"neow_cost":"PERCENT_DAMAGE","seed_source_timestamp":55709036400841,"circlet_count":0,"master_deck":["Bash+1","Cleave","True Grit","Thunderclap","Rage+1","Sever Soul","Metallicize","Twin Strike","Barricade+1","Corruption+1","Feel No Pain","Disarm","Havoc","Shame","Dark Embrace","Entrench+1","Warcry+1","Exhume","Anger","Cleave","Limit Break","True Grit","Warcry","True Grit","Heavy Blade","Shrug It Off","Body Slam+1","Intimidate+1","Infernal Blade","Havoc+1","Feel No Pain","Pummel+1","Havoc+1","Warcry+1"],"relics":["Burning Blood","Bag of Marbles","ClockworkSouvenir","Gremlin Horn","Dead Branch","Letter Opener","Sozu","Darkstone Periapt","Calipers","Charon\u0027s Ashes","NlothsMask","Pandora\u0027s Box","Bronze Scales","Blood Vial","Toxic Egg 2","Mummified Hand","Mercury Hourglass","Question Card"],"potions_floor_usage":[16,21,33],"damage_taken":[{"damage":4,"enemies":"2 Louse","floor":1,"turns":3},{"damage":2,"enemies":"Jaw Worm","floor":5,"turns":4},{"damage":21,"enemies":"Gremlin Nob","floor":6,"turns":4},{"damage":51,"enemies":"Lagavulin","floor":8,"turns":6},{"damage":0,"enemies":"Small Slimes","floor":11,"turns":2},{"damage":1,"enemies":"Exordium Wildlife","floor":13,"turns":2},{"damage":16,"enemies":"Large Slime","floor":14,"turns":3},{"damage":37,"enemies":"Hexaghost","floor":16,"turns":11},{"damage":26,"enemies":"Shell Parasite","floor":18,"turns":7},{"damage":18,"enemies":"2 Thieves","floor":21,"turns":4},{"damage":16,"enemies":"Centurion and Healer","floor":22,"turns":7},{"damage":0,"enemies":"3 Cultists","floor":27,"turns":3},{"damage":14,"enemies":"Book of Stabbing","floor":29,"turns":5},{"damage":1,"enemies":"Snecko","floor":30,"turns":5},{"damage":30,"enemies":"Collector","floor":33,"turns":6},{"damage":0,"enemies":"3 Darklings","floor":35,"turns":2},{"damage":6,"enemies":"Orb Walker","floor":37,"turns":2},{"damage":69,"enemies":"Jaw Worm Horde","floor":38,"turns":4},{"damage":11,"enemies":"Reptomancer","floor":41,"turns":4},{"damage":19,"enemies":"Giant Head","floor":45,"turns":5},{"damage":3,"enemies":"Transient","floor":46,"turns":5},{"damage":0,"enemies":"Nemesis","floor":47,"turns":3},{"damage":18,"enemies":"Writhing Mass","floor":48,"turns":2},{"damage":24,"enemies":"Awakened One","floor":50,"turns":8}],"seed_played":"-3090455493252232632","potions_obtained":[{"floor":6,"key":"Swift Potion"},{"floor":11,"key":"Fire Potion"},{"floor":12,"key":"LiquidBronze"}],"is_trial":false,"path_per_floor":["?","?","?","M","?","?","?","?","?","T","M"],"character_chosen":"IRONCLAD","items_purchased":["True Grit","Bag of Marbles","ClockworkSouvenir","Feel No Pain","Disarm","Blood Vial","Toxic Egg 2"],"campfire_rested":5,"item_purchase_floors":[4,4,4,19,19,42,42],"current_hp_per_floor":[58,47,52,52,56,41,66,21,21,46,52,52,57,47,47,16,68,48,48,76,64,54,54,60,60,60,66,66,58,63,63,63,39,78,84,84,84,21,21,46,41,41,41,66,55,60,68,58,83,67],"gold":114,"neow_bonus":"TWO_FIFTY_GOLD","is_prod":false,"is_daily":false,"chose_seed":false,"campfire_upgraded":4,"win_rate":0,"timestamp":1553739590,"path_taken":["M","?","?","$","M","E","R","E","T","R","M","?","?","M","R","BOSS","M","$","?","M","M","R","?","R","T","M","?","E","M","?","R","BOSS","M","?","M","M","?","R","E","$","T","R","E","?","E","M","R","BOSS"],"build_version":"2019-01-23","purchased_purges":1,"victory":true,"max_hp_per_floor":[80,80,85,85,85,85,85,85,85,85,85,85,85,85,85,85,85,85,85,85,85,85,85,91,91,91,91,91,91,91,91,91,91,91,91,86,86,86,86,86,86,86,86,86,86,86,86,86,86,86],"card_choices":[{"not_picked":["Body Slam","Clash"],"picked":"Cleave","floor":1},{"not_picked":["Corruption","Clash"],"picked":"Thunderclap","floor":5},{"not_picked":["Dark Embrace","Twin Strike"],"picked":"Rage","floor":6},{"not_picked":["Flex","Hemokinesis"],"picked":"Sever Soul","floor":8},{"not_picked":["Warcry","Sword Boomerang"],"picked":"Metallicize","floor":11},{"not_picked":["Dropkick","Heavy Blade","Clash"],"picked":"SKIP","floor":13},{"not_picked":["Blood for Blood","Heavy Blade"],"picked":"Twin Strike","floor":14},{"not_picked":["Fiend Fire","Bludgeon"],"picked":"Barricade","floor":16},{"not_picked":["Clash+1","Armaments"],"picked":"Corruption","floor":18},{"not_picked":["Perfected Strike","Twin Strike"],"picked":"Havoc","floor":21},{"not_picked":["Bloodletting","Thunderclap+1","Twin Strike"],"picked":"SKIP","floor":22},{"not_picked":["Sword Boomerang","Thunderclap"],"picked":"Dark Embrace","floor":27},{"not_picked":["Power Through","Clash"],"picked":"Entrench+1","floor":29},{"not_picked":["Corruption","Rage"],"picked":"Warcry+1","floor":30},{"not_picked":["Double Tap","Demon Form"],"picked":"Exhume","floor":33},{"not_picked":["Rampage+1","Battle Trance+1"],"picked":"Body Slam+1","floor":35},{"not_picked":["Shrug It Off","Pommel Strike"],"picked":"Intimidate+1","floor":37},{"not_picked":["Double Tap","Cleave+1"],"picked":"Infernal Blade","floor":38},{"not_picked":["Shrug It Off","Uppercut+1"],"picked":"Havoc+1","floor":41},{"not_picked":["Intimidate+1","True Grit+1"],"picked":"Feel No Pain","floor":45},{"not_picked":["Body Slam","Anger+1"],"picked":"Pummel+1","floor":46},{"not_picked":["Hemokinesis","Bludgeon"],"picked":"Havoc+1","floor":47},{"not_picked":["Ghostly Armor+1","Flex+1","Perfected Strike"],"picked":"Warcry+1","floor":48}],"player_experience":370802,"relics_obtained":[{"floor":6,"key":"Gremlin Horn"},{"floor":8,"key":"Dead Branch"},{"floor":9,"key":"Letter Opener"},{"floor":26,"key":"Calipers"},{"floor":29,"key":"Charon\u0027s Ashes"},{"floor":41,"key":"Bronze Scales"},{"floor":43,"key":"Mummified Hand"},{"floor":45,"key":"Mercury Hourglass"},{"floor":47,"key":"Question Card"}],"event_choices":[{"damage_healed":0,"gold_gain":75,"player_choice":"Gather Gold","damage_taken":11,"max_hp_gain":0,"max_hp_loss":0,"event_name":"World of Goop","floor":2,"gold_loss":0},{"damage_healed":0,"gold_gain":0,"player_choice":"Donut","damage_taken":0,"max_hp_gain":5,"max_hp_loss":0,"event_name":"Big Fish","floor":3,"gold_loss":0},{"damage_healed":0,"gold_gain":0,"player_choice":"Bought 1 Potion","damage_taken":0,"max_hp_gain":0,"max_hp_loss":0,"event_name":"The Woman in Blue","floor":12,"gold_loss":0},{"damage_healed":28,"gold_gain":0,"player_choice":"Heal","damage_taken":0,"max_hp_gain":0,"max_hp_loss":0,"event_name":"The Library","floor":20,"gold_loss":0},{"damage_healed":0,"gold_gain":0,"player_choice":"Stole Relic","damage_taken":0,"relics_obtained":["Darkstone Periapt"],"max_hp_gain":0,"max_hp_loss":0,"event_name":"Addict","floor":24,"gold_loss":0,"cards_obtained":["Shame"]},{"damage_healed":0,"gold_gain":99,"player_choice":"Stole From Cult","damage_taken":0,"max_hp_gain":0,"max_hp_loss":0,"event_name":"Nest","floor":28,"gold_loss":0},{"damage_healed":0,"gold_gain":0,"player_choice":"Trade","damage_taken":0,"relics_obtained":["NlothsMask"],"max_hp_gain":0,"max_hp_loss":0,"event_name":"FaceTrader","floor":31,"gold_loss":0},{"damage_healed":0,"gold_gain":0,"player_choice":"Max HP","damage_taken":0,"max_hp_gain":0,"max_hp_loss":5,"event_name":"Winding Halls","floor":36,"gold_loss":0}],"is_beta":false,"boss_relics":[{"not_picked":["Calling Bell","Runic Cube"],"picked":"Sozu"},{"not_picked":["Eternal Feather","Runic Pyramid"],"picked":"Pandora\u0027s Box"}],"items_purged_floors":[19],"is_endless":false,"potions_floor_spawned":[6,11,14,18,27,30,37,45,46,47],"ascension_level":5}