{"gold_per_floor":[111,261,12,25,25,55,55,68,148,179,193,224,235,245,245,319,319,336,350,365,365,77,77],"floor_reached":23,"playtime":552,"items_purged":["Doubt"],"score":473,"play_id":"a1bc0ae8-bb4a-4a48-a325-c59f84f257a1","local_time":"20190504214338","is_ascension_mode":true,"campfire_choices":[{"data":"Bludgeon","floor":7,"key":"SMITH"},{"data":"Flame Barrier","floor":15,"key":"SMITH"}],"neow_cost":"NONE","seed_source_timestamp":424057212480700,"circlet_count":0,"master_deck":["AscendersBane","Strike_R","Strike_R","Strike_R","Strike_R","Defend_R","Defend_R","Defend_R","Defend_R","Bash","Armaments","Bludgeon+1","True Grit","Battle Trance","Flame Barrier+1","Limit Break+1","Battle Trance+1","Shrug It Off"],"relics":["Black Blood","NeowsBlessing","Ancient Tea Set","Kunai","PreservedInsect","Happy Flower","Frozen Egg 2"],"potions_floor_usage":[23,23,23,23],"damage_taken":[{"damage":0,"enemies":"2 Louse","floor":1,"turns":1},{"damage":0,"enemies":"Small Slimes","floor":4,"turns":1},{"damage":0,"enemies":"Lagavulin","floor":6,"turns":1},{"damage":0,"enemies":"Cultist","floor":8,"turns":3},{"damage":10,"enemies":"3 Sentries","floor":10,"turns":5},{"damage":11,"enemies":"Exordium Thugs","floor":11,"turns":4},{"damage":0,"enemies":"Gremlin Nob","floor":12,"turns":2},{"damage":0,"enemies":"Red Slaver","floor":13,"turns":4},{"damage":0,"enemies":"Looter","floor":14,"turns":2},{"damage":37,"enemies":"Hexaghost","floor":16,"turns":10},{"damage":33,"enemies":"Spheric Guardian","floor":18,"turns":5},{"damage":7,"enemies":"Chosen","floor":19,"turns":5},{"damage":19,"enemies":"Snecko","floor":20,"turns":5},{"damage":45,"enemies":"Slavers","floor":23,"turns":3}],"seed_played":"4477463923633816989","potions_obtained":[{"floor":8,"key":"Swift Potion"},{"floor":10,"key":"GamblersBrew"},{"floor":12,"key":"EntropicBrew"}],"is_trial":false,"path_per_floor":["M","?","$","M","?","E","R","M","T","E","M","E","M","M","R","B",null,"M","M","M","?","$","E"],"character_chosen":"IRONCLAD","items_purchased":["Bludgeon","Frozen Egg 2"],"campfire_rested":0,"item_purchase_floors":[3,22],"current_hp_per_floor":[74,74,74,75,75,75,75,75,75,71,66,72,75,75,75,44,67,44,47,38,38,38,0],"gold":77,"neow_bonus":"THREE_ENEMY_KILL","is_prod":false,"is_daily":false,"chose_seed":false,"campfire_upgraded":2,"win_rate":0,"timestamp":1556999018,"path_taken":["M","?","$","M","?","E","R","M","T","E","?","E","M","M","R","BOSS","M","M","M","?","$","E"],"build_version":"2019-01-23","purchased_purges":1,"victory":false,"max_hp_per_floor":[75,75,75,75,75,75,75,75,75,75,75,75,75,75,75,75,75,75,75,75,75,75,75],"card_choices":[{"not_picked":["Feel No Pain","Flex"],"picked":"Armaments","floor":1},{"not_picked":["Anger","Reckless Charge","Combust"],"picked":"SKIP","floor":4},{"not_picked":["Flex","Seeing Red"],"picked":"True Grit","floor":6},{"not_picked":["Flex","Anger"],"picked":"Battle Trance","floor":8},{"not_picked":["Sword Boomerang","Clash","Corruption"],"picked":"SKIP","floor":10},{"not_picked":["Blood for Blood","Reaper"],"picked":"Flame Barrier","floor":11},{"not_picked":["Hemokinesis","Clothesline","Feel No Pain"],"picked":"SKIP","floor":12},{"not_picked":["Thunderclap","Second Wind","Searing Blow"],"picked":"SKIP","floor":13},{"not_picked":["Sword Boomerang","Anger","Iron Wave"],"picked":"SKIP","floor":14},{"not_picked":["Fiend Fire","Immolate"],"picked":"Limit Break","floor":16},{"not_picked":["Heavy Blade","Metallicize"],"picked":"Battle Trance+1","floor":18},{"not_picked":["Bloodletting","Warcry","Sword Boomerang"],"picked":"SKIP","floor":19},{"not_picked":["Cleave","Twin Strike"],"picked":"Shrug It Off","floor":20}],"player_experience":1089612,"relics_obtained":[{"floor":6,"key":"Ancient Tea Set"},{"floor":9,"key":"Kunai"},{"floor":10,"key":"PreservedInsect"},{"floor":12,"key":"Happy Flower"}],"event_choices":[{"damage_healed":0,"gold_gain":150,"player_choice":"AGREE","damage_taken":0,"max_hp_gain":0,"max_hp_loss":0,"event_name":"Liars Game","floor":2,"gold_loss":0,"cards_obtained":["Doubt"]},{"cards_removed":["Strike_R"],"damage_healed":0,"gold_gain":0,"player_choice":"Purged","damage_taken":0,"max_hp_gain":0,"max_hp_loss":0,"event_name":"Purifier","floor":5,"gold_loss":0},{"damage_healed":0,"gold_gain":0,"player_choice":"Upgraded","damage_taken":0,"max_hp_gain":0,"max_hp_loss":0,"event_name":"Upgrade Shrine","floor":21,"gold_loss":0,"cards_upgraded":["Limit Break"]}],"is_beta":false,"boss_relics":[{"not_picked":["Busted Crown","Calling Bell"],"picked":"Black Blood"}],"items_purged_floors":[3],"is_endless":false,"potions_floor_spawned":[8,10,12,14],"killed_by":"Slavers","ascension_level":16}