{"gold_per_floor":[112,131,145,95,106,106,131,131,131,144,29,40,40,54,54,152,152,162,178,278,278,8,8,23,23,23,23,23,23,57,69,69,69],"floor_reached":33,"playtime":5369,"items_purged":[],"score":292,"play_id":"c6e91850-8ee9-44be-b946-cc40df331635","local_time":"20190306130224","is_ascension_mode":false,"campfire_choices":[{"floor":6.0,"key":"REST"},{"data":"Dualcast","floor":8.0,"key":"SMITH"},{"floor":15.0,"key":"REST"},{"floor":23.0,"key":"REST"},{"data":"Echo Form","floor":25.0,"key":"SMITH"},{"data":"Streamline","floor":27.0,"key":"SMITH"},{"data":"Thunder Strike","floor":29.0,"key":"SMITH"},{"floor":32,"key":"REST"}],"neow_cost":"NONE","seed_source_timestamp":0,"circlet_count":0,"master_deck":["Defend_B","Defend_B","Defend_B","Defend_B","Zap","Dualcast+1","Thunder Strike+1","Defragment+1","Streamline+1","Redo","Glacier","Leap","Blizzard","Chill","Ball Lightning","Lockon","Echo Form+1","Compile Driver+1","Hello World","BootSequence","Bite","Bite","Bite","Bite","Bite","Redo","Doom and Gloom","Writhe","Cold Snap+1","Streamline+1"],"special_seed":0,"relics":["Cracked Core","Question Card","Incense Burner","Black Star","Bird Faced Urn","Pantograph","Gremlin Horn","Sundial","Du-Vu Doll","Vajra","Ancient Tea Set"],"potions_floor_usage":[33,33],"damage_taken":[{"damage":1.0,"enemies":"Jaw Worm","floor":1.0,"turns":3.0},{"damage":8.0,"enemies":"Small Slimes","floor":2.0,"turns":3.0},{"damage":0.0,"enemies":"2 Louse","floor":3.0,"turns":2.0},{"damage":35.0,"enemies":"Gremlin Gang","floor":5.0,"turns":5.0},{"damage":34.0,"enemies":"Gremlin Nob","floor":7.0,"turns":4.0},{"damage":3.0,"enemies":"Exordium Wildlife","floor":10.0,"turns":5.0},{"damage":3.0,"enemies":"Exordium Thugs","floor":12.0,"turns":6.0},{"damage":0.0,"enemies":"Blue Slaver","floor":14.0,"turns":3.0},{"damage":22.0,"enemies":"Hexaghost","floor":16.0,"turns":10.0},{"damage":5.0,"enemies":"Spheric Guardian","floor":18.0,"turns":8.0},{"damage":11.0,"enemies":"2 Thieves","floor":19.0,"turns":3.0},{"damage":9.0,"enemies":"Colosseum Slavers","floor":20.0,"turns":5.0},{"damage":13.0,"enemies":"Colosseum Nobs","floor":20.0,"turns":5.0},{"damage":10.0,"enemies":"Snake Plant","floor":24.0,"turns":6.0},{"damage":30.0,"enemies":"Gremlin Leader","floor":30.0,"turns":8.0},{"damage":32.0,"enemies":"Snecko","floor":31.0,"turns":5.0},{"damage":58,"enemies":"Champ","floor":33,"turns":7}],"seed_played":"-1557587168837986485","potions_obtained":[{"floor":1.0,"key":"Poison Potion"},{"floor":2.0,"key":"FocusPotion"},{"floor":3.0,"key":"SteroidPotion"},{"floor":12.0,"key":"Fire Potion"},{"floor":14.0,"key":"GamblersBrew"},{"floor":18.0,"key":"AttackPotion"},{"floor":20.0,"key":"Block Potion"},{"floor":30.0,"key":"Poison Potion"},{"floor":31.0,"key":"LiquidBronze"}],"is_trial":false,"path_per_floor":["M","M","M","?","M","R","E","R","T","M","$","M","?","M","R","B",null,"M","M","?","?","$","R","M","R","T","R","?","R","E","M","R","B"],"character_chosen":"DEFECT","items_purchased":["Blizzard","Chill","Gremlin Horn","Redo"],"campfire_rested":4,"item_purchase_floors":[11,11,22,22],"current_hp_per_floor":[74,66,66,66,31,53,19,19,19,16,16,13,13,13,35,13,75,70,59,37,37,37,52,52,52,52,52,52,52,34,10,25,0],"gold":69,"neow_bonus":"ONE_RANDOM_RARE_CARD","is_prod":false,"is_daily":false,"chose_seed":false,"campfire_upgraded":4,"win_rate":0.0,"timestamp":1551873744,"path_taken":["M","M","M","?","M","R","E","R","T","M","$","M","?","M","R","BOSS","M","M","?","?","$","R","M","R","T","R","?","R","E","M","R","BOSS"],"build_version":"2019-01-23","purchased_purges":0,"victory":false,"max_hp_per_floor":[75,75,75,75,75,75,75,75,75,75,75,75,75,75,75,75,75,75,75,75,52,52,52,52,52,52,52,52,52,52,52,52,52],"card_choices":[{"not_picked":["Gash","Darkness"],"picked":"Defragment","floor":1.0},{"not_picked":["Sweeping Beam","Tempest"],"picked":"Streamline","floor":2.0},{"not_picked":["Aggregate","Hologram","Tempest"],"picked":"SKIP","floor":3.0},{"not_picked":["Undo","Gash"],"picked":"Redo","floor":5.0},{"not_picked":["Rainbow","Thunder Strike"],"picked":"Glacier","floor":7.0},{"not_picked":["Tempest","Sunder","Beam Cell"],"picked":"Leap","floor":10.0},{"not_picked":["Steam","Melter","Glacier"],"picked":"Ball Lightning","floor":12.0},{"not_picked":["Rebound","Go for the Eyes","Beam Cell"],"picked":"Lockon","floor":14.0},{"not_picked":["Thunder Strike","Core Surge","Amplify"],"picked":"Echo Form","floor":16.0},{"not_picked":["Force Field","Darkness","Rip and Tear"],"picked":"Compile Driver+1","floor":18.0},{"not_picked":["Redo","Rebound","Turbo"],"picked":"Hello World","floor":19.0},{"not_picked":["Cold Snap","Coolheaded","Rip and Tear"],"picked":"BootSequence","floor":20.0},{"not_picked":["Redo","Blizzard","Cold Snap"],"picked":"Doom and Gloom","floor":24.0},{"not_picked":["FTL","Buffer","Go for the Eyes+1"],"picked":"Cold Snap+1","floor":30.0},{"not_picked":["Rebound+1","Sweeping Beam","Hologram"],"picked":"Streamline+1","floor":31.0}],"player_experience":100986,"relics_obtained":[{"floor":7.0,"key":"Question Card"},{"floor":9.0,"key":"Incense Burner"},{"floor":20.0,"key":"Bird Faced Urn"},{"floor":20.0,"key":"Pantograph"},{"floor":26.0,"key":"Sundial"},{"floor":30.0,"key":"Vajra"},{"floor":30.0,"key":"Ancient Tea Set"}],"event_choices":[{"cards_removed":["Strike_B"],"damage_healed":0.0,"max_hp_gain":0.0,"max_hp_loss":0.0,"gold_gain":0.0,"event_name":"The Cleric","player_choice":"Card Removal","floor":4.0,"gold_loss":50.0,"damage_taken":0.0},{"damage_healed":0.0,"max_hp_gain":0.0,"max_hp_loss":0.0,"gold_gain":0.0,"event_name":"Living Wall","player_choice":"Grow","floor":13.0,"gold_loss":0.0,"damage_taken":0.0,"cards_upgraded":["Defragment"]},{"damage_healed":0.0,"max_hp_gain":0.0,"max_hp_loss":0.0,"gold_gain":0.0,"event_name":"Colosseum","player_choice":"Fight","floor":20.0,"gold_loss":0.0,"damage_taken":0.0},{"damage_healed":0.0,"max_hp_gain":0.0,"max_hp_loss":0.0,"gold_gain":0.0,"event_name":"Colosseum","player_choice":"Fought Nobs","floor":20.0,"gold_loss":0.0,"damage_taken":0.0},{"damage_healed":0.0,"max_hp_gain":0.0,"max_hp_loss":23.0,"gold_gain":0.0,"event_name":"Vampires","player_choice":"Became a vampire","floor":21.0,"gold_loss":0.0,"damage_taken":0.0,"cards_obtained":["Bite","Bite","Bite","Bite","Bite"]},{"damage_healed":0.0,"max_hp_gain":0.0,"max_hp_loss":0.0,"gold_gain":0.0,"event_name":"The Mausoleum","player_choice":"Opened","floor":28.0,"gold_loss":0.0,"damage_taken":0.0,"relics_obtained":["Du-Vu Doll"],"cards_obtained":["Writhe"]}],"is_beta":false,"boss_relics":[{"not_picked":["Coffee Dripper","Philosopher\u0027s Stone"],"picked":"Black Star"}],"items_purged_floors":[],"is_endless":false,"potions_floor_spawned":[1,2,3,12,14,18,20,30,31],"killed_by":"Champ","ascension_level":0}