{"gold_per_floor":[114,131,146,146,146,146,180,180,180,206,267,298,312,330,330,330],"floor_reached":16,"playtime":994,"items_purged":[],"score":254,"play_id":"eca96665-0337-48e7-b76f-198e82387076","local_time":"20190503124520","is_ascension_mode":true,"campfire_choices":[{"data":"Footwork","floor":6,"key":"SMITH"},{"data":"Survivor","floor":8,"key":"SMITH"},{"floor":15,"key":"REST"}],"neow_cost":"NONE","seed_source_timestamp":1732972884046663,"circlet_count":0,"master_deck":["AscendersBane","Defend_G","Defend_G","Defend_G","Defend_G","Defend_G","Strike_G","Strike_G","Strike_G","Strike_G","Strike_G","Survivor+1","Neutralize+1","Footwork+1","Dash+1","Escape Plan","Blur"],"relics":["Ring of the Snake","Kunai","Letter Opener","Dream Catcher","Singing Bowl"],"potions_floor_usage":[7,10,12],"damage_taken":[{"damage":0,"enemies":"2 Louse","floor":1,"turns":5},{"damage":5,"enemies":"Jaw Worm","floor":2,"turns":4},{"damage":8,"enemies":"Small Slimes","floor":3,"turns":5},{"damage":11,"enemies":"Gremlin Nob","floor":7,"turns":6},{"damage":6,"enemies":"Lagavulin","floor":10,"turns":10},{"damage":0,"enemies":"3 Sentries","floor":12,"turns":11},{"damage":7,"enemies":"3 Louse","floor":13,"turns":4},{"damage":8,"enemies":"Lots of Slimes","floor":14,"turns":5},{"damage":50,"enemies":"Slime Boss","floor":16,"turns":19}],"seed_played":"6042326101609102968","potions_obtained":[{"floor":1,"key":"EssenceOfSteel"},{"floor":7,"key":"Swift Potion"},{"floor":10,"key":"EssenceOfSteel"}],"is_trial":false,"path_per_floor":["M","M","M","?","?","R","E","R","T","E","?","E","M","M","R","B"],"character_chosen":"THE_SILENT","items_purchased":[],"campfire_rested":1,"item_purchase_floors":[],"current_hp_per_floor":[59,54,46,46,51,51,40,40,40,34,34,36,31,25,48,0],"gold":330,"neow_bonus":"UPGRADE_CARD","is_prod":false,"is_daily":false,"chose_seed":false,"campfire_upgraded":2,"win_rate":0,"timestamp":1556912720,"path_taken":["M","M","M","?","?","R","E","R","T","E","?","E","M","M","R","BOSS"],"build_version":"2019-01-23","purchased_purges":0,"victory":false,"max_hp_per_floor":[66,66,66,66,71,71,71,71,71,71,71,73,75,77,77,77],"card_choices":[{"not_picked":["Blade Dance","Outmaneuver"],"picked":"Footwork","floor":1},{"not_picked":["Footwork","Poisoned Stab"],"picked":"Dash","floor":2},{"not_picked":["Reflex","Skewer","Blade Dance"],"picked":"SKIP","floor":3},{"not_picked":["Reflex","Deflect","Grand Finale"],"picked":"SKIP","floor":7},{"not_picked":["Outmaneuver","Concentrate"],"picked":"Escape Plan","floor":10},{"not_picked":["Poisoned Stab","Flechettes","Sucker Punch"],"picked":"Singing Bowl","floor":12},{"not_picked":["Outmaneuver","Prepared","Choke"],"picked":"Singing Bowl","floor":13},{"not_picked":["Dagger Spray","Flechettes","Acrobatics"],"picked":"Singing Bowl","floor":14},{"not_picked":["Venomology","Underhanded Strike"],"picked":"Blur","floor":15}],"player_experience":386234,"relics_obtained":[{"floor":7,"key":"Kunai"},{"floor":9,"key":"Letter Opener"},{"floor":10,"key":"Dream Catcher"},{"floor":12,"key":"Singing Bowl"}],"event_choices":[{"damage_healed":0,"gold_gain":0,"player_choice":"Grow","damage_taken":0,"max_hp_gain":0,"max_hp_loss":0,"event_name":"Living Wall","floor":4,"gold_loss":0,"cards_upgraded":["Dash"]},{"damage_healed":0,"gold_gain":0,"player_choice":"Donut","damage_taken":0,"max_hp_gain":5,"max_hp_loss":0,"event_name":"Big Fish","floor":5,"gold_loss":0},{"damage_healed":0,"gold_gain":61,"player_choice":"Gained Gold","damage_taken":0,"max_hp_gain":0,"max_hp_loss":0,"event_name":"Golden Wing","floor":11,"gold_loss":0}],"is_beta":false,"boss_relics":[],"items_purged_floors":[],"is_endless":false,"potions_floor_spawned":[1,7,10],"killed_by":"Slime Boss","ascension_level":15}