{"gold_per_floor":[112,123,140,90,90,90,18,53,53,53,66,79,79,91,91,91],"floor_reached":16,"playtime":640,"items_purged":[],"score":173,"play_id":"efa65a5a-9933-46ec-b7ba-b644b8ae6e0d","local_time":"20190411110203","is_ascension_mode":true,"campfire_choices":[{"data":"Uppercut","floor":6,"key":"SMITH"},{"data":"Bash","floor":10,"key":"SMITH"},{"floor":13,"key":"REST"},{"floor":15,"key":"REST"}],"neow_cost":"NONE","seed_source_timestamp":42419004298264,"circlet_count":0,"master_deck":["AscendersBane","Strike_R","Strike_R","Defend_R","Defend_R","Defend_R","Defend_R","Bash+1","Uppercut+1","Shrug It Off","Shrug It Off","Flame Barrier","Power Through","Cleave","Hemokinesis","Double Tap"],"relics":["Burning Blood","Frozen Egg 2","Strawberry"],"potions_floor_usage":[12,12],"damage_taken":[{"damage":5,"enemies":"2 Louse","floor":1,"turns":4},{"damage":2,"enemies":"Small Slimes","floor":2,"turns":3},{"damage":6,"enemies":"Jaw Worm","floor":3,"turns":4},{"damage":43,"enemies":"Lagavulin","floor":8,"turns":10},{"damage":3,"enemies":"Looter","floor":11,"turns":4},{"damage":9,"enemies":"Gremlin Gang","floor":12,"turns":4},{"damage":26,"enemies":"Exordium Thugs","floor":14,"turns":5},{"damage":71,"enemies":"The Guardian","floor":16,"turns":17}],"seed_played":"9168626190132398121","potions_obtained":[{"floor":3,"key":"Poison Potion"},{"floor":8,"key":"Weak Potion"},{"floor":12,"key":"Ancient Potion"},{"floor":14,"key":"Explosive Potion"}],"is_trial":false,"path_per_floor":["M","M","M","?","?","R","$","E","T","R","M","M","R","M","R","B"],"character_chosen":"IRONCLAD","items_purchased":["Flame Barrier"],"campfire_rested":2,"item_purchase_floors":[7],"current_hp_per_floor":[69,73,73,73,66,66,66,29,36,36,39,36,60,40,64,0],"gold":91,"neow_bonus":"REMOVE_CARD","is_prod":false,"is_daily":false,"chose_seed":false,"campfire_upgraded":2,"win_rate":0,"timestamp":1555005723,"path_taken":["M","M","M","?","?","R","?","E","T","R","M","M","R","M","R","BOSS"],"build_version":"2019-01-23","purchased_purges":0,"victory":false,"max_hp_per_floor":[75,75,75,75,75,75,75,75,82,82,82,82,82,82,82,82],"card_choices":[{"not_picked":["Pommel Strike","Fire Breathing"],"picked":"Uppercut","floor":1},{"not_picked":["Combust","Havoc"],"picked":"Shrug It Off","floor":2},{"not_picked":["True Grit","Sentinel"],"picked":"Shrug It Off","floor":3},{"not_picked":["Ghostly Armor","Perfected Strike"],"picked":"Power Through","floor":8},{"not_picked":["Armaments","Twin Strike"],"picked":"Cleave","floor":11},{"not_picked":["Dual Wield","Flex"],"picked":"Hemokinesis","floor":12},{"not_picked":["Pommel Strike","Cleave"],"picked":"Double Tap","floor":14}],"player_experience":413439,"relics_obtained":[{"floor":8,"key":"Frozen Egg 2"},{"floor":9,"key":"Strawberry"}],"event_choices":[{"cards_removed":["Strike_R"],"damage_healed":0,"gold_gain":0,"player_choice":"Card Removal","damage_taken":0,"max_hp_gain":0,"max_hp_loss":0,"event_name":"The Cleric","floor":4,"gold_loss":50},{"cards_removed":["Strike_R"],"damage_healed":0,"gold_gain":0,"player_choice":"Card Removal","damage_taken":7,"max_hp_gain":0,"max_hp_loss":0,"event_name":"Golden Wing","floor":5,"gold_loss":0}],"is_beta":false,"boss_relics":[],"items_purged_floors":[],"is_endless":false,"potions_floor_spawned":[3,8,11,12,14],"killed_by":"The Guardian","ascension_level":14}