{"gold_per_floor":[13,26,46,221,221,235,247,18,18,18,18,18,35,60,60,160,160,160],"floor_reached":18,"playtime":420,"items_purged":["Doubt"],"score":162,"play_id":"6e2cee3b-7a0a-46f1-8c91-18f2807a34cf","local_time":"20190131155849","is_ascension_mode":false,"campfire_choices":[{"data":"Bash","floor":10,"key":"SMITH"},{"data":"Dropkick","floor":15,"key":"SMITH"}],"neow_cost":"NO_GOLD","seed_source_timestamp":1885107398532663,"circlet_count":0,"master_deck":["Strike_R","Strike_R+1","Defend_R","Defend_R","Defend_R+1","Defend_R","Bash+1","Dropkick+1","Immolate","Rage","Flex","Flex","Offering","Reaper"],"relics":["Burning Blood","Oddly Smooth Stone","Juzu Bracelet","Question Card","Du-Vu Doll","Fusion Hammer"],"potions_floor_usage":[16],"damage_taken":[{"damage":0,"enemies":"2 Louse","floor":1,"turns":2},{"damage":8,"enemies":"Jaw Worm","floor":2,"turns":2},{"damage":0,"enemies":"Small Slimes","floor":3,"turns":2},{"damage":7,"enemies":"Red Slaver","floor":6,"turns":4},{"damage":9,"enemies":"Lots of Slimes","floor":7,"turns":3},{"damage":1,"enemies":"Looter","floor":13,"turns":2},{"damage":22,"enemies":"Gremlin Nob","floor":14,"turns":3},{"damage":40,"enemies":"Slime Boss","floor":16,"turns":8},{"damage":3,"enemies":"Shell Parasite","floor":18,"turns":2}],"seed_played":"5958452877381929901","potions_obtained":[{"floor":3,"key":"Regen Potion"},{"floor":6,"key":"SneckoOil"},{"floor":7,"key":"Block Potion"}],"is_trial":false,"path_per_floor":["M","M","M","?","?","M","M","$","T","R","?","?","M","E","R","B",null,"M"],"character_chosen":"IRONCLAD","items_purchased":["Juzu Bracelet"],"campfire_rested":0,"item_purchase_floors":[8],"current_hp_per_floor":[80,78,80,80,77,76,73,73,73,73,73,57,62,46,46,12,80,77],"gold":160,"neow_bonus":"TRANSFORM_TWO_CARDS","is_prod":false,"is_daily":false,"chose_seed":false,"campfire_upgraded":2,"win_rate":0,"timestamp":1548979129,"path_taken":["M","M","M","?","?","M","M","?","T","R","?","?","M","E","R","BOSS","M"],"build_version":"2019-01-23","purchased_purges":1,"victory":false,"max_hp_per_floor":[80,80,80,80,80,80,80,80,80,80,80,80,80,80,80,80,80,80],"card_choices":[{"not_picked":["Warcry","Anger"],"picked":"Rage","floor":1},{"not_picked":["Thunderclap","Anger","Warcry"],"picked":"SKIP","floor":2},{"not_picked":["Clothesline","Intimidate"],"picked":"Flex","floor":3},{"not_picked":["Flex","Combust","Twin Strike"],"picked":"SKIP","floor":6},{"not_picked":["Thunderclap","Armaments"],"picked":"Flex","floor":7},{"not_picked":["Burning Pact","Evolve","Perfected Strike"],"picked":"Offering","floor":13},{"not_picked":["Heavy Blade","Pummel","Clash","Body Slam"],"picked":"SKIP","floor":14},{"not_picked":["Brutality","Feed","Juggernaut"],"picked":"Reaper","floor":16}],"player_experience":385688,"relics_obtained":[{"floor":9,"key":"Question Card"},{"floor":14,"key":"Du-Vu Doll"}],"event_choices":[{"damage_healed":0,"gold_gain":175,"player_choice":"AGREE","damage_taken":0,"max_hp_gain":0,"max_hp_loss":0,"event_name":"Liars Game","floor":4,"gold_loss":0,"cards_obtained":["Doubt"]},{"damage_healed":0,"gold_gain":0,"player_choice":"Success","damage_taken":3,"relics_obtained":["Oddly Smooth Stone"],"max_hp_gain":0,"max_hp_loss":0,"event_name":"Scrap Ooze","floor":5,"gold_loss":0},{"cards_removed":["Strike_R"],"damage_healed":0,"gold_gain":0,"player_choice":"Forget","damage_taken":0,"max_hp_gain":0,"max_hp_loss":0,"event_name":"Living Wall","floor":11,"gold_loss":0},{"damage_healed":0,"gold_gain":0,"player_choice":"Entered Light","damage_taken":16,"max_hp_gain":0,"max_hp_loss":0,"event_name":"Shining Light","floor":12,"gold_loss":0,"cards_upgraded":["Defend_R","Strike_R"]}],"is_beta":false,"boss_relics":[{"not_picked":["Eternal Feather","Mark of Pain"],"picked":"Fusion Hammer"}],"items_purged_floors":[8],"is_endless":false,"potions_floor_spawned":[3,6,7,14],"killed_by":"Shell Parasite","ascension_level":0}