{"gold_per_floor":[113,42,57,57,57,57,91,91,163,193,212,228,258,274,274,375,375,386,486,486,486,506,506,181,181,181,197,210,223,234,268,268,268],"floor_reached":33,"playtime":1214,"items_purged":["Strike_R"],"score":484,"play_id":"4cbb5c62-a92f-4577-9d88-703782634582","local_time":"20190501220059","is_ascension_mode":true,"campfire_choices":[{"data":"Whirlwind","floor":6.0,"key":"SMITH"},{"data":"Inflame","floor":8.0,"key":"SMITH"},{"data":"Warcry","floor":15.0,"key":"SMITH"},{"data":"Double Tap","floor":23.0,"key":"SMITH"},{"floor":25.0,"key":"REST"},{"floor":32.0,"key":"REST"}],"neow_cost":"NONE","seed_source_timestamp":1599902789799795,"circlet_count":0,"master_deck":["AscendersBane","Strike_R","Defend_R","Defend_R","Defend_R","Defend_R","Bash","Inflame+1","Whirlwind+1","Heavy Blade","Havoc","Headbutt","Bloodletting","Shrug It Off","Warcry+1","Pummel","Double Tap+1","Disarm+1","Warcry+1","Rage","Shockwave","Flex","Combust"],"special_seed":0,"relics":["Burning Blood","NeowsBlessing","Bottled Tornado","The Courier","Regal Pillow","Vajra","Sozu","WingedGreaves","Mummified Hand","Membership Card","Ancient Tea Set","Juzu Bracelet","Ice Cream","Dodecahedron"],"potions_floor_usage":[],"damage_taken":[{"damage":0.0,"enemies":"Jaw Worm","floor":1.0,"turns":1.0},{"damage":0.0,"enemies":"Cultist","floor":3.0,"turns":1.0},{"damage":0.0,"enemies":"Lagavulin","floor":7.0,"turns":1.0},{"damage":15.0,"enemies":"3 Sentries","floor":10.0,"turns":4.0},{"damage":7.0,"enemies":"2 Louse","floor":11.0,"turns":2.0},{"damage":18.0,"enemies":"Large Slime","floor":12.0,"turns":3.0},{"damage":8.0,"enemies":"Gremlin Nob","floor":13.0,"turns":3.0},{"damage":11.0,"enemies":"Blue Slaver","floor":14.0,"turns":3.0},{"damage":39.0,"enemies":"Hexaghost","floor":16.0,"turns":8.0},{"damage":10.0,"enemies":"3 Byrds","floor":18.0,"turns":4.0},{"damage":14.0,"enemies":"Colosseum Slavers","floor":19.0,"turns":3.0},{"damage":34.0,"enemies":"Colosseum Nobs","floor":19.0,"turns":4.0},{"damage":14.0,"enemies":"Shell Parasite","floor":22.0,"turns":2.0},{"damage":1.0,"enemies":"Centurion and Healer","floor":27.0,"turns":2.0},{"damage":7.0,"enemies":"Cultist and Chosen","floor":28.0,"turns":3.0},{"damage":9.0,"enemies":"Shelled Parasite and Fungi","floor":29.0,"turns":3.0},{"damage":32.0,"enemies":"Sentry and Sphere","floor":30.0,"turns":4.0},{"damage":34.0,"enemies":"Book of Stabbing","floor":31.0,"turns":6.0},{"damage":69,"enemies":"Automaton","floor":33,"turns":6}],"seed_played":"4892354912201277767","potions_obtained":[{"floor":1.0,"key":"AttackPotion"},{"floor":7.0,"key":"BloodPotion"},{"floor":12.0,"key":"SteroidPotion"}],"is_trial":false,"path_per_floor":["M","$","M","$","?","R","E","R","T","E","M","M","E","M","R","B",null,"M","?","?","?","M","R","$","R","T","M","M","M","M","E","R","B"],"character_chosen":"IRONCLAD","items_purchased":["Whirlwind","Membership Card","Ancient Tea Set","Juzu Bracelet"],"campfire_rested":2,"item_purchase_floors":[2,24,24,24],"current_hp_per_floor":[78,78,80,80,80,80,80,80,80,71,70,58,56,51,51,18,65,61,25,25,25,17,17,17,56,56,61,60,57,31,11,50,0],"gold":268,"neow_bonus":"THREE_ENEMY_KILL","is_prod":false,"is_daily":false,"chose_seed":false,"campfire_upgraded":4,"win_rate":0,"timestamp":1556715659,"path_taken":["M","$","M","$","?","R","E","R","T","E","M","M","E","M","R","BOSS","M","?","?","?","M","R","$","R","T","M","M","M","M","E","R","BOSS"],"build_version":"2019-01-23","purchased_purges":1,"victory":false,"max_hp_per_floor":[80,80,80,80,80,80,80,80,80,80,80,80,80,80,80,80,80,80,80,80,80,80,80,80,80,80,80,80,80,80,80,80,80],"card_choices":[{"not_picked":["Bloodletting","Combust"],"picked":"Inflame","floor":1.0},{"not_picked":["Hemokinesis","Whirlwind"],"picked":"Heavy Blade","floor":3.0},{"not_picked":["Iron Wave","Whirlwind"],"picked":"Headbutt","floor":7.0},{"not_picked":["Reckless Charge","Body Slam"],"picked":"Bloodletting","floor":10.0},{"not_picked":["Body Slam","Clash","Searing Blow"],"picked":"SKIP","floor":11.0},{"not_picked":["Wild Strike","Burning Pact"],"picked":"Shrug It Off","floor":12.0},{"not_picked":["Corruption","Shrug It Off"],"picked":"Warcry","floor":13.0},{"not_picked":["Shrug It Off","Blood for Blood"],"picked":"Pummel","floor":14.0},{"not_picked":["Limit Break","Brutality"],"picked":"Double Tap","floor":16.0},{"not_picked":["Thunderclap","True Grit"],"picked":"Disarm+1","floor":18.0},{"not_picked":["Cleave","Whirlwind"],"picked":"Warcry+1","floor":19.0},{"not_picked":["Burning Pact","Carnage"],"picked":"Flex","floor":22.0},{"not_picked":["Fire Breathing","Twin Strike","Shrug It Off"],"picked":"SKIP","floor":27.0},{"not_picked":["Bludgeon","Flex"],"picked":"Combust","floor":28.0},{"not_picked":["Entrench","Clothesline","Burning Pact"],"picked":"SKIP","floor":29.0},{"not_picked":["Havoc+1","Iron Wave","Uppercut"],"picked":"SKIP","floor":30.0},{"not_picked":["Iron Wave","True Grit","Flex"],"picked":"SKIP","floor":31.0}],"player_experience":470723,"relics_obtained":[{"floor":7.0,"key":"Bottled Tornado"},{"floor":9.0,"key":"The Courier"},{"floor":10.0,"key":"Regal Pillow"},{"floor":13.0,"key":"Vajra"},{"floor":19.0,"key":"WingedGreaves"},{"floor":19.0,"key":"Mummified Hand"},{"floor":26.0,"key":"Ice Cream"},{"floor":31.0,"key":"Dodecahedron"}],"event_choices":[{"damage_healed":0.0,"max_hp_gain":0.0,"max_hp_loss":0.0,"gold_gain":0.0,"cards_transformed":["Strike_R"],"event_name":"Transmorgrifier","player_choice":"Transformed","floor":5.0,"gold_loss":0.0,"damage_taken":0.0,"cards_obtained":["Havoc"]},{"damage_healed":0.0,"max_hp_gain":0.0,"max_hp_loss":0.0,"gold_gain":0.0,"event_name":"Colosseum","player_choice":"Fight","floor":19.0,"gold_loss":0.0,"damage_taken":0.0},{"damage_healed":0.0,"max_hp_gain":0.0,"max_hp_loss":0.0,"gold_gain":0.0,"event_name":"Colosseum","player_choice":"Fought Nobs","floor":19.0,"gold_loss":0.0,"damage_taken":0.0},{"damage_healed":0.0,"max_hp_gain":0.0,"max_hp_loss":0.0,"gold_gain":0.0,"cards_transformed":["Strike_R","Strike_R"],"event_name":"Drug Dealer","player_choice":"Became Test Subject","floor":20.0,"gold_loss":0.0,"damage_taken":0.0,"cards_obtained":["Rage","Shockwave"]},{"damage_healed":0.0,"max_hp_gain":0.0,"max_hp_loss":0.0,"gold_gain":0.0,"event_name":"Ghosts","player_choice":"Ignored","floor":21.0,"gold_loss":0.0,"damage_taken":0.0}],"is_beta":false,"boss_relics":[{"not_picked":["Lizard Tail","Black Star"],"picked":"Sozu"}],"items_purged_floors":[24],"is_endless":false,"potions_floor_spawned":[1,7,12,14,19,29],"killed_by":"Automaton","ascension_level":11}