{"gold_per_floor":[114,124,124,27,37,37,50,50,50,63,78,109,121,121,121,121],"floor_reached":16,"playtime":426,"items_purged":["Defend_R"],"score":104,"play_id":"8325a742-4ced-4c16-ab51-4de703eb910c","local_time":"20180913180051","is_ascension_mode":false,"campfire_choices":[{"data":"Perfected Strike","floor":6,"key":"SMITH"},{"data":"Bash","floor":8,"key":"SMITH"},{"data":"Armaments","floor":15,"key":"SMITH"}],"neow_cost":"NONE","seed_source_timestamp":941824150790559,"circlet_count":0,"master_deck":["Strike_R","Strike_R","Strike_R","Strike_R","Strike_R","Defend_R","Defend_R","Bash+1","Perfected Strike+1","Armaments+1","Pommel Strike","Shrug It Off","Pommel Strike","Clothesline+1"],"relics":["Burning Blood","NeowsBlessing","Blood Vial","Molten Egg 2","Golden Idol"],"potions_floor_usage":[16,16],"damage_taken":[{"damage":0,"enemies":"Jaw Worm","floor":1,"turns":1},{"damage":0,"enemies":"Cultist","floor":2,"turns":1},{"damage":0,"enemies":"Small Slimes","floor":5,"turns":1},{"damage":0,"enemies":"2 Fungi Beasts","floor":7,"turns":3},{"damage":9,"enemies":"3 Louse","floor":10,"turns":3},{"damage":9,"enemies":"Blue Slaver","floor":11,"turns":3},{"damage":32,"enemies":"3 Sentries","floor":12,"turns":7},{"damage":6,"enemies":"Exordium Wildlife","floor":13,"turns":3},{"damage":37,"enemies":"Hexaghost","floor":16,"turns":9}],"seed_played":"-7269442095245923623","potions_obtained":[{"floor":2,"key":"SpeedPotion"},{"floor":11,"key":"Swift Potion"},{"floor":12,"key":"SneckoOil"}],"is_trial":false,"path_per_floor":["M","M","?","$","M","R","M","R","T","M","M","E","M","?","R"],"character_chosen":"IRONCLAD","items_purchased":["Armaments"],"campfire_rested":0,"item_purchase_floors":[4],"current_hp_per_floor":[80,80,80,80,80,80,80,80,80,77,76,52,54,34,34,0],"gold":121,"neow_bonus":"THREE_ENEMY_KILL","is_prod":false,"is_daily":false,"chose_seed":false,"campfire_upgraded":3,"win_rate":0,"timestamp":1536886851,"path_taken":["M","M","?","$","?","R","M","R","T","M","M","E","M","?","R","BOSS"],"build_version":"2018-09-06","purchased_purges":1,"victory":false,"max_hp_per_floor":[80,80,80,80,80,80,80,80,80,80,80,80,80,80,80,80],"card_choices":[{"not_picked":["Twin Strike","Evolve"],"picked":"Perfected Strike","floor":1},{"not_picked":["Clothesline","Heavy Blade","Anger"],"picked":"SKIP","floor":2},{"not_picked":["Twin Strike","Headbutt"],"picked":"Pommel Strike","floor":5},{"not_picked":["Rupture","Iron Wave","Twin Strike"],"picked":"SKIP","floor":7},{"not_picked":["Dark Embrace","Combust"],"picked":"Shrug It Off","floor":10},{"not_picked":["Combust","Second Wind"],"picked":"Pommel Strike","floor":11},{"not_picked":["Blood for Blood","Anger"],"picked":"Clothesline","floor":12},{"not_picked":["Ghostly Armor","True Grit","Blood for Blood+1"],"picked":"SKIP","floor":13}],"player_experience":220348,"relics_obtained":[{"floor":9,"key":"Blood Vial"},{"floor":12,"key":"Molten Egg 2"}],"event_choices":[{"event_name":"Wheel of Change","player_choice":"Card Removal","floor":3,"damage_taken":0},{"event_name":"Golden Idol","player_choice":"Take Damage","floor":14,"damage_taken":0}],"is_beta":false,"boss_relics":[],"items_purged_floors":[4],"is_endless":false,"potions_floor_spawned":[2,11,12],"killed_by":"Hexaghost","ascension_level":0}