{"gold_per_floor":[118,131,30,46,66,94,94,124,124,143,143,174,188,288,288,385,385,398,408,408,427,252,281,281,300,300,300,329,329,361,371,371,474,474,488,508,508,508,527,527,554,186,186,212,5,23,23,41,41,41],"floor_reached":51,"playtime":3482,"items_purged":["Strike_R","Strike_R","Wild Strike+1"],"score":957,"play_id":"95147493-96b6-42ac-a4ab-3318f5558d15","local_time":"20180824124447","is_ascension_mode":false,"campfire_choices":[{"data":"Searing Blow","floor":7,"key":"SMITH"},{"data":"Searing Blow+1","floor":11,"key":"SMITH"},{"data":"Searing Blow+2","floor":15,"key":"SMITH"},{"data":"Searing Blow+3","floor":24,"key":"SMITH"},{"data":"Searing Blow+4","floor":27,"key":"SMITH"},{"data":"Searing Blow+5","floor":32,"key":"SMITH"},{"data":"Searing Blow+7","floor":40,"key":"SMITH"},{"data":"Searing Blow+8","floor":47,"key":"SMITH"},{"data":"Searing Blow+9","floor":49,"key":"SMITH"}],"neow_cost":"NONE","seed_source_timestamp":515253866902465,"circlet_count":0,"master_deck":["Bash+1","Iron Wave","Pommel Strike","Searing Blow+10","Metallicize","Uppercut","Barricade","Impervious","Disarm","Evolve+1","Entrench","Whirlwind","Flame Barrier","Metallicize","True Grit+1","Dual Wield+1","Impervious+1","Armaments+1","Feed+1","Clash+1","Pummel+1","Twin Strike+1","Pommel Strike+1","Flex+1","Dropkick+1","Shrug It Off+1","Uppercut+1","Searing Blow+8"],"relics":["Burning Blood","Meat on the Bone","Oddly Smooth Stone","Dodecahedron","Blue Candle","Snecko Eye","Toxic Egg 2","Bottled Tornado","Strawberry","Molten Egg 2","Pandora\u0027s Box","Self Forming Clay","Mummified Hand","Dream Catcher","Pen Nib","DollysMirror"],"potions_floor_usage":[6,16,28,39,50],"damage_taken":[{"damage":6,"enemies":"Cultist","floor":1,"turns":4},{"damage":0,"enemies":"2 Louse","floor":2,"turns":3},{"damage":1,"enemies":"Jaw Worm","floor":4,"turns":4},{"damage":7,"enemies":"3 Louse","floor":5,"turns":4},{"damage":14,"enemies":"Gremlin Nob","floor":6,"turns":4},{"damage":31,"enemies":"Lagavulin","floor":8,"turns":8},{"damage":7,"enemies":"Looter","floor":10,"turns":3},{"damage":18,"enemies":"Gremlin Nob","floor":12,"turns":5},{"damage":16,"enemies":"Exordium Wildlife","floor":13,"turns":6},{"damage":22,"enemies":"The Guardian","floor":16,"turns":14},{"damage":0,"enemies":"Chosen","floor":18,"turns":4},{"damage":0,"enemies":"Shell Parasite","floor":19,"turns":3},{"damage":0,"enemies":"Snake Plant","floor":21,"turns":4},{"damage":2,"enemies":"Book of Stabbing","floor":23,"turns":8},{"damage":0,"enemies":"Shelled Parasite and Fungi","floor":25,"turns":6},{"damage":0,"enemies":"Gremlin Leader","floor":28,"turns":7},{"damage":0,"enemies":"Book of Stabbing","floor":30,"turns":6},{"damage":0,"enemies":"Snecko","floor":31,"turns":6},{"damage":0,"enemies":"Champ","floor":33,"turns":13},{"damage":0,"enemies":"Flame Bruiser 1 Orb","floor":35,"turns":9},{"damage":0,"enemies":"3 Shapes","floor":36,"turns":10},{"damage":3,"enemies":"Transient","floor":39,"turns":5},{"damage":0,"enemies":"Giant Head","floor":41,"turns":6},{"damage":0,"enemies":"3 Darklings","floor":46,"turns":5},{"damage":0,"enemies":"Maw","floor":48,"turns":5},{"damage":0,"enemies":"Time Eater","floor":50,"turns":12}],"seed_played":"4717669018726839862","potions_obtained":[{"floor":4,"key":"GamblersBrew"},{"floor":5,"key":"AttackPotion"},{"floor":6,"key":"BloodPotion"},{"floor":12,"key":"SteroidPotion"},{"floor":18,"key":"Explosive Potion"},{"floor":23,"key":"Fire Potion"},{"floor":39,"key":"Energy Potion"},{"floor":41,"key":"EssenceOfSteel"}],"is_trial":false,"path_per_floor":["M","M","$","M","M","E","R","E","T","M","R","E","M","?","R","B",null,"M","M","?","M","$","E","R","M","T","R","E","?","E","M","R","B",null,"M","M","?","?","M","R","E","$","T","T","$","M","R","M","R","B"],"character_chosen":"IRONCLAD","items_purchased":["Pommel Strike","Flame Barrier","Mummified Hand","DollysMirror"],"campfire_rested":0,"item_purchase_floors":[3,22,42,45],"current_hp_per_floor":[80,80,80,80,79,71,71,58,58,57,57,57,47,47,47,43,80,80,80,80,80,80,80,80,80,80,80,87,70,76,82,82,88,92,96,108,108,108,108,108,108,108,108,108,108,108,108,108,108,108],"gold":41,"neow_bonus":"UPGRADE_CARD","is_prod":false,"is_daily":false,"chose_seed":false,"campfire_upgraded":9,"win_rate":0,"timestamp":1535139887,"path_taken":["M","M","$","M","M","E","R","E","T","M","R","E","?","?","R","BOSS","M","M","?","M","$","E","R","?","T","R","E","?","E","M","R","BOSS","M","M","?","?","M","R","E","$","T","?","$","?","R","M","R","BOSS"],"build_version":"2018-08-23v2","purchased_purges":3,"victory":true,"max_hp_per_floor":[80,80,80,80,80,80,80,80,80,80,80,80,80,80,80,80,80,80,80,80,80,80,80,80,80,80,80,87,92,92,92,92,92,92,96,108,108,108,108,108,108,108,108,108,108,108,108,108,108,108],"card_choices":[{"not_picked":["Cleave","Clash"],"picked":"Iron Wave","floor":1},{"not_picked":["Warcry","Flex","Reckless Charge"],"picked":"SKIP","floor":2},{"not_picked":["True Grit","Hemokinesis"],"picked":"Searing Blow","floor":4},{"not_picked":["Clash","Reckless Charge"],"picked":"Metallicize","floor":5},{"not_picked":["Flex","Second Wind","Twin Strike"],"picked":"SKIP","floor":6},{"not_picked":["Sentinel","Evolve"],"picked":"Uppercut","floor":8},{"not_picked":["Warcry","Havoc","Pummel"],"picked":"SKIP","floor":10},{"not_picked":["Evolve","Body Slam"],"picked":"Barricade","floor":12},{"not_picked":["True Grit","Shrug It Off"],"picked":"Inflame","floor":13},{"not_picked":["Berserk","Feed"],"picked":"Impervious","floor":16},{"not_picked":["Iron Wave+1","Heavy Blade"],"picked":"Disarm","floor":18},{"not_picked":["Uppercut","Clothesline"],"picked":"Evolve+1","floor":19},{"not_picked":["Sentinel","Clash+1"],"picked":"Whirlwind","floor":21},{"not_picked":["Wild Strike","Armaments+1"],"picked":"Metallicize","floor":23},{"not_picked":["Rupture","Havoc+1"],"picked":"True Grit+1","floor":25},{"not_picked":["Pommel Strike","Cleave+1"],"picked":"Dual Wield+1","floor":28},{"not_picked":["Infernal Blade+1","Flame Barrier+1"],"picked":"Impervious+1","floor":30},{"not_picked":["True Grit+1","Carnage+1"],"picked":"Armaments+1","floor":31},{"not_picked":["Fiend Fire+1","Reaper+1"],"picked":"Feed+1","floor":33},{"not_picked":["Armaments+1","Pommel Strike+1"],"picked":"Shrug It Off+1","floor":35},{"not_picked":["Clash+1","Burning Pact+1"],"picked":"Uppercut+1","floor":36},{"not_picked":["Thunderclap+1","Havoc+1","Whirlwind+1"],"picked":"SKIP","floor":39},{"not_picked":["Cleave+1","Blood for Blood+1","Battle Trance+1"],"picked":"SKIP","floor":41},{"not_picked":["Spot Weakness+1","Blood for Blood+1","Battle Trance+1"],"picked":"SKIP","floor":46},{"not_picked":["Evolve","Intimidate+1","Clothesline+1"],"picked":"SKIP","floor":48}],"player_experience":133873,"relics_obtained":[{"floor":6,"key":"Meat on the Bone"},{"floor":8,"key":"Oddly Smooth Stone"},{"floor":9,"key":"Dodecahedron"},{"floor":12,"key":"Blue Candle"},{"floor":23,"key":"Toxic Egg 2"},{"floor":26,"key":"Bottled Tornado"},{"floor":28,"key":"Strawberry"},{"floor":30,"key":"Molten Egg 2"},{"floor":41,"key":"Self Forming Clay"},{"floor":43,"key":"Dream Catcher"},{"floor":44,"key":"Pen Nib"}],"event_choices":[{"event_name":"Golden Shrine","player_choice":"Pray","floor":14,"damage_taken":0},{"event_name":"The Library","player_choice":"Read","floor":20,"damage_taken":0},{"event_name":"Forgotten Altar","player_choice":"Shed Blood","floor":29,"damage_taken":0},{"event_name":"Upgrade Shrine","player_choice":"Upgraded","floor":37,"damage_taken":0},{"event_name":"Falling","player_choice":"Removed Power","floor":38,"damage_taken":0}],"is_beta":false,"boss_relics":[{"not_picked":["Runic Pyramid","Black Star"],"picked":"Snecko Eye"},{"not_picked":["Orrery","Fusion Hammer"],"picked":"Pandora\u0027s Box"}],"items_purged_floors":[3,22,42],"is_endless":false,"potions_floor_spawned":[4,5,6,12,13,18,23,25,39,41,46],"ascension_level":0}