{"gold_per_floor":[109,109,109,128,151,151,184,197,197,197,211,244,344,362,362,455,455,471,75,94,117,141,141,141],"floor_reached":24,"playtime":905,"items_purged":["Strike_R"],"score":347,"play_id":"78a37b83-09c1-4961-83d7-203a6b3174bd","local_time":"20190503135734","is_ascension_mode":true,"campfire_choices":[{"data":"Limit Break","floor":6,"key":"SMITH"},{"data":"Whirlwind","floor":10,"key":"SMITH"},{"data":"Flame Barrier","floor":15,"key":"SMITH"},{"floor":23,"key":"REST"}],"neow_cost":"NONE","seed_source_timestamp":309339795128500,"circlet_count":0,"master_deck":["AscendersBane","Strike_R","Strike_R","Strike_R","Strike_R","Defend_R","Defend_R","Defend_R","Defend_R","Bash","Headbutt","Limit Break+1","Ghostly Armor","Inflame","Inflame","Whirlwind+1","Inflame+1","Heavy Blade","Flame Barrier+1","Shrug It Off","Seeing Red","Whirlwind","Seeing Red"],"relics":["Burning Blood","NeowsBlessing","Golden Idol","Smiling Mask","Frozen Egg 2","Magic Flower","Runic Dome","Nunchaku"],"potions_floor_usage":[11,16,20,21,22],"damage_taken":[{"damage":3,"enemies":"Small Slimes","floor":1,"turns":2},{"damage":0,"enemies":"Cultist","floor":4,"turns":1},{"damage":0,"enemies":"2 Louse","floor":5,"turns":1},{"damage":25,"enemies":"Lagavulin","floor":7,"turns":7},{"damage":20,"enemies":"Gremlin Gang","floor":8,"turns":5},{"damage":7,"enemies":"Looter","floor":11,"turns":4},{"damage":20,"enemies":"3 Sentries","floor":12,"turns":5},{"damage":11,"enemies":"Large Slime","floor":14,"turns":6},{"damage":16,"enemies":"The Guardian","floor":16,"turns":8},{"damage":23,"enemies":"2 Thieves","floor":18,"turns":4},{"damage":7,"enemies":"3 Byrds","floor":20,"turns":3},{"damage":38,"enemies":"Snake Plant","floor":21,"turns":4},{"damage":12,"enemies":"Cultist and Chosen","floor":22,"turns":4},{"damage":39,"enemies":"Gremlin Leader","floor":24,"turns":4}],"seed_played":"-4845730771301234853","potions_obtained":[{"floor":5,"key":"SpeedPotion"},{"floor":8,"key":"SpeedPotion"},{"floor":14,"key":"Energy Potion"},{"floor":18,"key":"LiquidBronze"},{"floor":20,"key":"Fire Potion"}],"is_trial":false,"path_per_floor":["M","?","?","M","M","R","E","M","T","R","M","E","?","M","R","B",null,"M","$","M","M","M","R","E"],"character_chosen":"IRONCLAD","items_purchased":["Seeing Red","Nunchaku"],"campfire_rested":1,"item_purchase_floors":[19,19],"current_hp_per_floor":[75,74,74,74,74,74,55,41,41,41,40,26,26,24,24,17,60,46,46,48,19,16,38,0],"gold":141,"neow_bonus":"THREE_ENEMY_KILL","is_prod":false,"is_daily":false,"chose_seed":false,"campfire_upgraded":3,"win_rate":0,"timestamp":1556884654,"path_taken":["M","?","?","?","M","R","E","M","T","R","M","E","?","M","R","BOSS","M","$","M","?","M","R","E"],"build_version":"2019-01-23","purchased_purges":1,"victory":false,"max_hp_per_floor":[80,74,74,74,74,74,74,74,74,74,74,74,74,74,74,74,74,74,74,74,74,74,74,74],"card_choices":[{"not_picked":["Perfected Strike","Anger"],"picked":"Headbutt","floor":1},{"not_picked":["Pummel","Feel No Pain"],"picked":"Ghostly Armor","floor":4},{"not_picked":["Bludgeon","Flex"],"picked":"Inflame","floor":5},{"not_picked":["Pommel Strike","Havoc"],"picked":"Inflame","floor":7},{"not_picked":["Havoc","Wild Strike"],"picked":"Whirlwind","floor":8},{"not_picked":["Carnage","Cleave"],"picked":"Inflame+1","floor":11},{"not_picked":["Cleave","Feed"],"picked":"Heavy Blade","floor":12},{"not_picked":["Body Slam","Flex"],"picked":"Flame Barrier","floor":14},{"not_picked":["Searing Blow","Headbutt"],"picked":"Shrug It Off","floor":18},{"not_picked":["Armaments","Warcry"],"picked":"Whirlwind","floor":20},{"not_picked":["Searing Blow","Entrench","Iron Wave"],"picked":"SKIP","floor":21},{"not_picked":["Anger","Armaments"],"picked":"Seeing Red","floor":22}],"player_experience":1022515,"relics_obtained":[{"floor":7,"key":"Smiling Mask"},{"floor":9,"key":"Frozen Egg 2"},{"floor":12,"key":"Magic Flower"}],"event_choices":[{"damage_healed":0,"gold_gain":0,"player_choice":"Lose Max HP","damage_taken":0,"relics_obtained":["Golden Idol"],"max_hp_gain":0,"max_hp_loss":6,"event_name":"Golden Idol","floor":2,"gold_loss":0},{"damage_healed":0,"gold_gain":0,"player_choice":"1 cards matched","damage_taken":0,"max_hp_gain":0,"max_hp_loss":0,"event_name":"Match and Keep!","floor":3,"gold_loss":0,"cards_obtained":["Limit Break"]},{"damage_healed":0,"gold_gain":100,"player_choice":"Pray","damage_taken":0,"max_hp_gain":0,"max_hp_loss":0,"event_name":"Golden Shrine","floor":13,"gold_loss":0}],"is_beta":false,"boss_relics":[{"not_picked":["Calling Bell","Fusion Hammer"],"picked":"Runic Dome"}],"items_purged_floors":[19],"is_endless":false,"potions_floor_spawned":[5,8,14,18,20],"killed_by":"Gremlin Leader","ascension_level":13}