{"gold_per_floor":[114,126,136,136,150,150,0,29,29,63,73,89,104,104,104,178,178,178,178,24,24,24,24,24,24,24,24,24,24,24],"floor_reached":30,"playtime":1913,"items_purged":["Decay"],"score":462,"play_id":"6feb1ce6-d317-4b05-9a96-25982dc98cbb","local_time":"20190325201216","is_ascension_mode":true,"campfire_choices":[{"data":"Streamline","floor":6,"key":"SMITH"},{"floor":15,"key":"REST"},{"data":"Fission","floor":24,"key":"SMITH"},{"floor":29,"key":"REST"}],"neow_cost":"NONE","seed_source_timestamp":1214972996571827,"circlet_count":0,"master_deck":["AscendersBane","Strike_B","Strike_B","Strike_B","Strike_B","Defend_B+1","Defend_B","Defend_B","Defend_B+1","Zap","Dualcast","Leap","Gash","Streamline+1","Ball Lightning","Glacier","Loop","Biased Cognition","Fission+1","Coolheaded","Beam Cell","Defragment","Buffer","Coolheaded","Double Energy","BootSequence","Gash"],"relics":["Cracked Core","Juzu Bracelet","War Paint","StoneCalendar","Art of War","Ectoplasm","MutagenicStrength","Ginger","MawBank"],"potions_floor_usage":[10,13,19,30,30],"damage_taken":[{"damage":1,"enemies":"Cultist","floor":1,"turns":3},{"damage":3,"enemies":"Jaw Worm","floor":2,"turns":3},{"damage":0,"enemies":"2 Louse","floor":3,"turns":2},{"damage":8,"enemies":"Red Slaver","floor":5,"turns":4},{"damage":10,"enemies":"3 Sentries","floor":8,"turns":9},{"damage":6,"enemies":"Lagavulin","floor":10,"turns":7},{"damage":8,"enemies":"Blue Slaver","floor":11,"turns":3},{"damage":0,"enemies":"Large Slime","floor":12,"turns":5},{"damage":8,"enemies":"3 Louse","floor":13,"turns":2},{"damage":38,"enemies":"Slime Boss","floor":16,"turns":7},{"damage":7,"enemies":"Spheric Guardian","floor":18,"turns":4},{"damage":3,"enemies":"Shell Parasite","floor":19,"turns":7},{"damage":7,"enemies":"Snecko","floor":21,"turns":6},{"damage":29,"enemies":"Book of Stabbing","floor":23,"turns":7},{"damage":13,"enemies":"Centurion and Healer","floor":25,"turns":5},{"damage":17,"enemies":"Snake Plant","floor":27,"turns":4},{"damage":30,"enemies":"3 Cultists","floor":30,"turns":3}],"seed_played":"131830699503035120","potions_obtained":[{"floor":5,"key":"Fire Potion"},{"floor":8,"key":"Weak Potion"},{"floor":10,"key":"Strength Potion"},{"floor":13,"key":"SpeedPotion"},{"floor":18,"key":"Regen Potion"},{"floor":21,"key":"Strength Potion"},{"floor":27,"key":"PowerPotion"}],"is_trial":false,"path_per_floor":["M","M","M","T","M","R","$","E","T","E","M","M","M","?","R","B",null,"M","M","$","M","?","E","R","M","T","M","?","R","M"],"character_chosen":"DEFECT","items_purchased":["Glacier","Loop","Double Energy"],"campfire_rested":2,"item_purchase_floors":[7,7,20],"current_hp_per_floor":[70,67,67,67,59,59,59,49,49,43,35,35,27,27,50,12,62,55,67,67,60,60,31,31,18,18,1,1,24,0],"gold":24,"neow_bonus":"TEN_PERCENT_HP_BONUS","is_prod":false,"is_daily":false,"chose_seed":false,"campfire_upgraded":2,"win_rate":0,"timestamp":1553544736,"path_taken":["M","M","M","?","M","R","?","E","T","E","M","M","M","?","R","BOSS","M","M","$","M","?","E","R","M","T","M","?","R","M"],"build_version":"2019-01-23","purchased_purges":1,"victory":false,"max_hp_per_floor":[78,78,78,78,78,78,78,78,78,78,78,78,78,78,78,78,78,78,78,78,78,78,78,78,78,78,78,78,78,78],"card_choices":[{"not_picked":["Compile Driver","Barrage","Leap"],"picked":"SKIP","floor":1},{"not_picked":["Compile Driver","Barrage"],"picked":"Leap","floor":1},{"not_picked":["Lockon","Loop"],"picked":"Gash","floor":2},{"not_picked":["Force Field","Steam"],"picked":"Streamline","floor":3},{"not_picked":["Streamline","Double Energy"],"picked":"Ball Lightning","floor":5},{"not_picked":["Hologram","Turbo"],"picked":"Biased Cognition","floor":8},{"not_picked":["Redo","Reprogram"],"picked":"Fission","floor":10},{"not_picked":["Leap","Turbo"],"picked":"Coolheaded","floor":11},{"not_picked":["Leap","Self Repair"],"picked":"Beam Cell","floor":12},{"not_picked":["White Noise","Gash"],"picked":"Defragment","floor":13},{"not_picked":["Multi-Cast","Fission"],"picked":"Buffer","floor":16},{"not_picked":["Rebound","Stack"],"picked":"Coolheaded","floor":18},{"not_picked":["Beam Cell","Turbo","Recycle"],"picked":"SKIP","floor":19},{"not_picked":["Compile Driver","Redo","Conserve Battery"],"picked":"SKIP","floor":21},{"not_picked":["Compile Driver","Beam Cell"],"picked":"BootSequence","floor":23},{"not_picked":["Loop","Steam","Cold Snap"],"picked":"SKIP","floor":25},{"not_picked":["Redo","Meteor Strike"],"picked":"Gash","floor":27}],"player_experience":1633225,"relics_obtained":[{"floor":4,"key":"Juzu Bracelet"},{"floor":8,"key":"War Paint"},{"floor":9,"key":"StoneCalendar"},{"floor":10,"key":"Art of War"},{"floor":23,"key":"Ginger"},{"floor":26,"key":"MawBank"}],"event_choices":[{"damage_healed":0,"gold_gain":0,"player_choice":"Cursed","damage_taken":0,"max_hp_gain":0,"max_hp_loss":0,"event_name":"Wheel of Change","floor":14,"gold_loss":0,"cards_obtained":["Decay"]},{"damage_healed":0,"gold_gain":0,"player_choice":"Inject Mutagens","damage_taken":0,"relics_obtained":["MutagenicStrength"],"max_hp_gain":0,"max_hp_loss":0,"event_name":"Drug Dealer","floor":22,"gold_loss":0},{"damage_healed":0,"gold_gain":0,"player_choice":"Ignored","damage_taken":0,"max_hp_gain":0,"max_hp_loss":0,"event_name":"Cursed Tome","floor":28,"gold_loss":0}],"is_beta":false,"boss_relics":[{"not_picked":["Tiny House","Eternal Feather"],"picked":"Ectoplasm"}],"items_purged_floors":[20],"is_endless":false,"potions_floor_spawned":[5,8,10,12,13,18,21,27],"killed_by":"3 Cultists","ascension_level":15}