{"gold_per_floor":[419,435,13,26,40,40,71,71,71,85,85,118,132,91,91,91],"floor_reached":16,"playtime":661,"items_purged":["Strike_R"],"score":151,"play_id":"fcc345a4-fb4a-4a06-b76e-cb030a99b88f","local_time":"20190328152324","is_ascension_mode":true,"campfire_choices":[{"data":"Acrobatics","floor":6,"key":"SMITH"},{"data":"Bash","floor":8,"key":"SMITH"},{"floor":15,"key":"REST"}],"neow_cost":"TEN_PERCENT_HP_LOSS","seed_source_timestamp":12691070006848,"circlet_count":0,"master_deck":["Strike_R","Strike_R","Strike_R","Defend_R","Defend_R","Defend_R","Defend_R","Bash+1","Inflame","Feel No Pain","Havoc","Shrug It Off","Anger","Thunderclap","Acrobatics+1","Clothesline","Feel No Pain","Footwork","Trip"],"relics":["Burning Blood","Old Coin","PrismaticShard","Bronze Scales","Vajra","Meat on the Bone"],"potions_floor_usage":[12,16,16],"damage_taken":[{"damage":1,"enemies":"Cultist","floor":1,"turns":4},{"damage":10,"enemies":"Small Slimes","floor":2,"turns":4},{"damage":9,"enemies":"Jaw Worm","floor":4,"turns":4},{"damage":0,"enemies":"Large Slime","floor":5,"turns":5},{"damage":24,"enemies":"3 Sentries","floor":7,"turns":8},{"damage":3,"enemies":"2 Fungi Beasts","floor":10,"turns":3},{"damage":35,"enemies":"Gremlin Nob","floor":12,"turns":5},{"damage":15,"enemies":"Exordium Thugs","floor":13,"turns":4},{"damage":45,"enemies":"The Guardian","floor":16,"turns":9}],"seed_played":"-7135382811180270758","potions_obtained":[{"floor":1,"key":"EssenceOfSteel"},{"floor":2,"key":"SpeedPotion"},{"floor":13,"key":"AttackPotion"}],"is_trial":false,"path_per_floor":["M","M","$","M","M","R","E","R","T","M","?","E","M","?","R","B"],"character_chosen":"IRONCLAD","items_purchased":["Havoc","Shrug It Off","Anger","PrismaticShard"],"campfire_rested":1,"item_purchase_floors":[3,3,3,3],"current_hp_per_floor":[72,68,68,65,71,71,53,53,53,56,49,20,23,23,44,0],"gold":91,"neow_bonus":"ONE_RARE_RELIC","is_prod":false,"is_daily":false,"chose_seed":false,"campfire_upgraded":2,"win_rate":0,"timestamp":1553808204,"path_taken":["M","?","$","M","M","R","E","R","T","M","?","E","M","?","R","BOSS"],"build_version":"2019-01-23","purchased_purges":1,"victory":false,"max_hp_per_floor":[72,72,72,72,72,72,72,72,72,72,72,72,72,72,72,72],"card_choices":[{"not_picked":["Headbutt","Hemokinesis"],"picked":"Inflame","floor":1},{"not_picked":["Headbutt","Ghostly Armor"],"picked":"Feel No Pain","floor":2},{"not_picked":["Rage","Searing Blow"],"picked":"Thunderclap","floor":4},{"not_picked":["Barrage","Magnetism"],"picked":"Acrobatics","floor":5},{"not_picked":["Acrobatics","Heavy Blade"],"picked":"Clothesline","floor":7},{"not_picked":["Dual Wield","Bloodletting"],"picked":"Feel No Pain","floor":10},{"not_picked":["Poisoned Stab","Slice"],"picked":"Footwork","floor":12},{"not_picked":["All Out Attack","Dagger Throw"],"picked":"Trip","floor":13}],"player_experience":347194,"relics_obtained":[{"floor":7,"key":"Bronze Scales"},{"floor":9,"key":"Vajra"},{"floor":12,"key":"Meat on the Bone"}],"event_choices":[{"cards_removed":["Strike_R"],"damage_healed":0,"gold_gain":0,"player_choice":"Card Removal","damage_taken":7,"max_hp_gain":0,"max_hp_loss":0,"event_name":"Golden Wing","floor":11,"gold_loss":0},{"damage_healed":0,"gold_gain":0,"player_choice":"Left Gold","damage_taken":0,"max_hp_gain":0,"max_hp_loss":0,"event_name":"World of Goop","floor":14,"gold_loss":41}],"is_beta":false,"boss_relics":[],"items_purged_floors":[3],"is_endless":false,"potions_floor_spawned":[1,2,13],"killed_by":"The Guardian","ascension_level":7}