{"gold_per_floor":[115,115,131,151,53,53,86,11,34,34,54,54,67,93,93,165,165,183,183,203,223,240,240,63,90,117,17,17,17],"floor_reached":29,"playtime":885,"items_purged":["Strike_R","Strike_R+1"],"score":443,"play_id":"87996b2b-8117-41ae-a998-7c173d31f2ae","local_time":"20190415113225","is_ascension_mode":true,"campfire_choices":[{"data":"Flame Barrier","floor":6,"key":"SMITH"},{"data":"Immolate","floor":10,"key":"SMITH"},{"floor":15,"key":"REST"},{"floor":23,"key":"REST"}],"neow_cost":"TEN_PERCENT_HP_LOSS","seed_source_timestamp":115434335768719,"circlet_count":0,"master_deck":["AscendersBane","Strike_R+1","Strike_R","Strike_R+1","Defend_R","Defend_R+1","Defend_R","Defend_R+1","Bash","Immolate+1","Armaments","Clothesline+1","Flame Barrier+1","Rampage","Twin Strike","Iron Wave","Inflame","Offering","Shockwave","Shrug It Off","Havoc+1","Apotheosis","Inflame"],"relics":["Burning Blood","Juzu Bracelet","Whetstone","FaceOfCleric","War Paint","Sozu","Ornamental Fan","Anchor","Bag of Marbles"],"potions_floor_usage":[16,22],"damage_taken":[{"damage":0,"enemies":"Small Slimes","floor":1,"turns":2},{"damage":0,"enemies":"Cultist","floor":3,"turns":2},{"damage":14,"enemies":"Jaw Worm","floor":4,"turns":4},{"damage":5,"enemies":"3 Sentries","floor":7,"turns":7},{"damage":0,"enemies":"2 Fungi Beasts","floor":11,"turns":1},{"damage":7,"enemies":"Lots of Slimes","floor":13,"turns":2},{"damage":27,"enemies":"Lagavulin","floor":14,"turns":6},{"damage":50,"enemies":"Slime Boss","floor":16,"turns":12},{"damage":10,"enemies":"3 Byrds","floor":18,"turns":4},{"damage":7,"enemies":"Shell Parasite","floor":20,"turns":4},{"damage":24,"enemies":"Shelled Parasite and Fungi","floor":21,"turns":4},{"damage":29,"enemies":"Snake Plant","floor":22,"turns":4},{"damage":12,"enemies":"Book of Stabbing","floor":25,"turns":6},{"damage":31,"enemies":"Gremlin Leader","floor":29,"turns":4}],"seed_played":"-2863468647383195552","potions_obtained":[],"is_trial":false,"path_per_floor":["M","?","M","M","$","R","E","$","T","R","M","?","M","E","R","B",null,"M","T","M","M","M","R","$","E","T","$","?","E"],"character_chosen":"IRONCLAD","items_purchased":["Block Potion","Poison Potion","Apotheosis"],"campfire_rested":2,"item_purchase_floors":[5,5,24],"current_hp_per_floor":[68,48,54,46,46,46,47,47,47,47,53,53,53,33,54,11,56,53,53,53,36,14,36,36,31,31,31,31,0],"gold":17,"neow_bonus":"THREE_RARE_CARDS","is_prod":false,"is_daily":false,"chose_seed":false,"campfire_upgraded":2,"win_rate":0,"timestamp":1555353145,"path_taken":["M","?","M","M","$","R","E","$","T","R","M","?","M","E","R","BOSS","M","?","M","M","M","R","$","E","T","$","?","E"],"build_version":"2019-01-23","purchased_purges":2,"victory":false,"max_hp_per_floor":[68,68,68,68,68,68,68,68,68,68,68,68,69,70,70,71,71,72,72,73,74,75,75,75,76,76,76,76,76],"card_choices":[{"not_picked":["Dark Embrace","Exhume"],"picked":"Immolate","floor":0},{"not_picked":["Clothesline","Battle Trance"],"picked":"Armaments","floor":1},{"not_picked":["Perfected Strike","Ghostly Armor"],"picked":"Clothesline","floor":3},{"not_picked":["Headbutt","Clothesline"],"picked":"Flame Barrier","floor":4},{"not_picked":["Rupture","Anger"],"picked":"Rampage","floor":7},{"not_picked":["Clash","Warcry"],"picked":"Twin Strike","floor":11},{"not_picked":["Clash","Anger"],"picked":"Iron Wave","floor":13},{"not_picked":["Searing Blow","Carnage"],"picked":"Inflame","floor":14},{"not_picked":["Fiend Fire","Barricade"],"picked":"Offering","floor":16},{"not_picked":["Thunderclap","Ghostly Armor"],"picked":"Shockwave","floor":18},{"not_picked":["Thunderclap","Seeing Red","Twin Strike"],"picked":"SKIP","floor":20},{"not_picked":["Twin Strike","Battle Trance"],"picked":"Shrug It Off","floor":21},{"not_picked":["Warcry","Flex"],"picked":"Havoc+1","floor":22},{"not_picked":["Headbutt","Ghostly Armor"],"picked":"Inflame","floor":25}],"player_experience":431646,"relics_obtained":[{"floor":7,"key":"Juzu Bracelet"},{"floor":9,"key":"Whetstone"},{"floor":14,"key":"War Paint"},{"floor":19,"key":"Ornamental Fan"},{"floor":25,"key":"Anchor"},{"floor":26,"key":"Bag of Marbles"}],"event_choices":[{"damage_healed":0,"gold_gain":0,"player_choice":"Entered Light","damage_taken":20,"max_hp_gain":0,"max_hp_loss":0,"event_name":"Shining Light","floor":2,"gold_loss":0,"cards_upgraded":["Strike_R","Strike_R"]},{"damage_healed":0,"gold_gain":0,"player_choice":"Trade","damage_taken":0,"relics_obtained":["FaceOfCleric"],"max_hp_gain":0,"max_hp_loss":0,"event_name":"FaceTrader","floor":12,"gold_loss":0},{"damage_healed":0,"gold_gain":0,"player_choice":"Ignored","damage_taken":0,"max_hp_gain":0,"max_hp_loss":0,"event_name":"Vampires","floor":28,"gold_loss":0}],"is_beta":false,"boss_relics":[{"not_picked":["Eternal Feather","Fusion Hammer"],"picked":"Sozu"}],"items_purged_floors":[8,27],"is_endless":false,"potions_floor_spawned":[7,11,13,18,20,22,25],"killed_by":"Gremlin Leader","ascension_level":15}