{"gold_per_floor":[114,130,31,41,41,76,76,102,102,114,149,149],"floor_reached":12,"playtime":529,"items_purged":["Strike_R"],"score":132,"play_id":"b6864f68-651a-44e6-a551-15e49981e5d7","local_time":"20190402135025","is_ascension_mode":true,"campfire_choices":[{"data":"Bash","floor":7,"key":"SMITH"}],"neow_cost":"NONE","seed_source_timestamp":241581033470393,"circlet_count":0,"master_deck":["Strike_R","Strike_R","Strike_R+1","Strike_R","Defend_R","Defend_R","Defend_R","Defend_R","Bash+1","Clash+1","Metallicize","Thunderclap","Second Wind"],"relics":["Burning Blood","Omamori","Art of War","Toxic Egg 2","Blood Vial","Ice Cream"],"potions_floor_usage":[6,11],"damage_taken":[{"damage":0,"enemies":"Small Slimes","floor":1,"turns":3},{"damage":4,"enemies":"Jaw Worm","floor":2,"turns":3},{"damage":0,"enemies":"Cultist","floor":4,"turns":3},{"damage":33,"enemies":"3 Sentries","floor":6,"turns":8},{"damage":15,"enemies":"Gremlin Nob","floor":8,"turns":4},{"damage":8,"enemies":"Blue Slaver","floor":10,"turns":4},{"damage":7,"enemies":"3 Sentries","floor":11,"turns":7},{"damage":32,"enemies":"The Mushroom Lair","floor":12,"turns":5}],"seed_played":"-5511865623821417139","potions_obtained":[{"floor":2,"key":"Poison Potion"},{"floor":4,"key":"Ancient Potion"},{"floor":8,"key":"Fire Potion"},{"floor":10,"key":"Dexterity Potion"}],"is_trial":false,"path_per_floor":["M","M","$","M","?","E","R","E","T","M","E","?"],"character_chosen":"IRONCLAD","items_purchased":["Thunderclap"],"campfire_rested":0,"item_purchase_floors":[3],"current_hp_per_floor":[78,80,80,80,64,37,37,28,28,28,29,0],"gold":149,"neow_bonus":"RANDOM_COMMON_RELIC","is_prod":false,"is_daily":false,"chose_seed":false,"campfire_upgraded":1,"win_rate":0,"timestamp":1554238225,"path_taken":["M","M","$","M","?","E","R","E","T","M","E","?"],"build_version":"2019-01-23","purchased_purges":1,"victory":false,"max_hp_per_floor":[80,80,80,80,80,80,80,80,80,80,80,80],"card_choices":[{"not_picked":["Wild Strike","Feel No Pain"],"picked":"Clash","floor":1},{"not_picked":["Evolve","Fire Breathing"],"picked":"Metallicize","floor":2},{"not_picked":["Wild Strike","True Grit","Rupture"],"picked":"SKIP","floor":4},{"not_picked":["Spot Weakness","Hemokinesis"],"picked":"Second Wind","floor":6},{"not_picked":["Anger","Flex","Rampage"],"picked":"SKIP","floor":8},{"not_picked":["Body Slam","Hemokinesis","Cleave"],"picked":"SKIP","floor":10},{"not_picked":["Burning Pact+1","Battle Trance+1","Wild Strike"],"picked":"SKIP","floor":11}],"player_experience":130320,"relics_obtained":[{"floor":6,"key":"Art of War"},{"floor":8,"key":"Toxic Egg 2"},{"floor":9,"key":"Blood Vial"},{"floor":11,"key":"Ice Cream"}],"event_choices":[{"damage_healed":0,"gold_gain":0,"player_choice":"Entered Light","damage_taken":16,"max_hp_gain":0,"max_hp_loss":0,"event_name":"Shining Light","floor":5,"gold_loss":0,"cards_upgraded":["Clash","Strike_R"]},{"damage_healed":0,"gold_gain":0,"player_choice":"Fought Mushrooms","damage_taken":0,"max_hp_gain":0,"max_hp_loss":0,"event_name":"Mushrooms","floor":12,"gold_loss":0}],"is_beta":false,"boss_relics":[],"items_purged_floors":[3],"is_endless":false,"potions_floor_spawned":[2,4,8,10],"killed_by":"The Mushroom Lair","ascension_level":7}