{"gold_per_floor":[117,67,20,20,40,69,1,1,1,11,11,11,11,35,35,130,130,143,218,231,52,66,66],"floor_reached":23,"playtime":1440,"items_purged":["Strike_B"],"score":212,"play_id":"0cd8488f-acf9-44ea-bad2-e8346e4345e4","local_time":"20190216215314","is_ascension_mode":false,"campfire_choices":[{"data":"FTL","floor":12,"key":"SMITH"},{"data":"Sweeping Beam","floor":15,"key":"SMITH"}],"neow_cost":"NONE","seed_source_timestamp":104385624913316,"circlet_count":0,"master_deck":["Strike_B+1","Strike_B","Defend_B","Defend_B","Defend_B","Defend_B","Zap+1","Dualcast+1","Cold Snap","Sweeping Beam+1","Blizzard","FTL+1","Loop+1","Conserve Battery","Creative AI","Leap+1","Self Repair+1","Doom and Gloom","Hologram","Gash"],"relics":["Cracked Core","NeowsBlessing","Pantograph","Shuriken","Regal Pillow","Black Star"],"potions_floor_usage":[18,18,22],"damage_taken":[{"damage":0,"enemies":"Jaw Worm","floor":1,"turns":1},{"damage":0,"enemies":"Cultist","floor":5,"turns":1},{"damage":0,"enemies":"Gremlin Nob","floor":6,"turns":1},{"damage":0,"enemies":"Small Slimes","floor":10,"turns":2},{"damage":24,"enemies":"The Guardian","floor":16,"turns":12},{"damage":17,"enemies":"Shell Parasite","floor":18,"turns":6},{"damage":6,"enemies":"Spheric Guardian","floor":20,"turns":4},{"damage":14,"enemies":"Cultist and Chosen","floor":22,"turns":6},{"damage":57,"enemies":"Gremlin Leader","floor":23,"turns":6}],"seed_played":"-14189320435441487","potions_obtained":[{"floor":1,"key":"FocusPotion"},{"floor":10,"key":"Fire Potion"},{"floor":16,"key":"Regen Potion"},{"floor":20,"key":"LiquidBronze"},{"floor":22,"key":"SpeedPotion"}],"is_trial":false,"path_per_floor":["?","?","M","$","?","?","$","T","?","M"],"character_chosen":"DEFECT","items_purchased":["Sweeping Beam","Loop","Doom and Gloom","Hologram"],"campfire_rested":0,"item_purchase_floors":[3,7,21,21],"current_hp_per_floor":[75,75,75,75,75,75,75,60,60,60,60,60,60,60,60,51,75,70,63,57,57,53,0],"gold":66,"neow_bonus":"THREE_ENEMY_KILL","is_prod":false,"is_daily":false,"chose_seed":false,"campfire_upgraded":2,"win_rate":0.0,"timestamp":1550379194,"path_taken":["M","?","$","?","?","E","?","?","T","M","?","R","?","?","R","BOSS","M","?","?","$","M","E"],"build_version":"2019-01-23","purchased_purges":1,"victory":false,"max_hp_per_floor":[75,75,75,75,75,75,75,75,75,75,75,75,75,75,75,75,75,75,75,75,75,75,75],"card_choices":[{"not_picked":["Melter","Ball Lightning"],"picked":"Cold Snap","floor":1},{"not_picked":["Sweeping Beam","Streamline"],"picked":"Blizzard","floor":5},{"not_picked":["Compile Driver","Go for the Eyes"],"picked":"FTL","floor":6},{"not_picked":["Sweeping Beam","Doom and Gloom"],"picked":"Conserve Battery","floor":10},{"not_picked":["Reboot","Seek"],"picked":"Creative AI","floor":16},{"not_picked":["FTL+1","Barrage"],"picked":"Leap+1","floor":18},{"not_picked":["Cold Snap","Hologram"],"picked":"Self Repair+1","floor":20},{"not_picked":["Steam","Genetic Algorithm+1"],"picked":"Gash","floor":22}],"player_experience":8793,"relics_obtained":[{"floor":6,"key":"Pantograph"},{"floor":9,"key":"Shuriken"},{"floor":14,"key":"Regal Pillow"}],"event_choices":[{"cards_removed":["Strike_B"],"damage_healed":0,"gold_gain":0,"player_choice":"Card Removal","damage_taken":0,"max_hp_gain":0,"max_hp_loss":0,"event_name":"The Cleric","floor":2,"gold_loss":50},{"damage_healed":0,"gold_gain":0,"player_choice":"Forge","damage_taken":0,"max_hp_gain":0,"max_hp_loss":0,"event_name":"Accursed Blacksmith","floor":4,"gold_loss":0,"cards_upgraded":["Zap"]},{"damage_healed":0,"gold_gain":0,"player_choice":"Entered Light","damage_taken":15,"max_hp_gain":0,"max_hp_loss":0,"event_name":"Shining Light","floor":8,"gold_loss":0,"cards_upgraded":["Dualcast","Strike_B"]},{"damage_healed":0,"gold_gain":0,"player_choice":"Grow","damage_taken":0,"max_hp_gain":0,"max_hp_loss":0,"event_name":"Living Wall","floor":11,"gold_loss":0,"cards_upgraded":["Loop"]},{"damage_healed":0,"gold_gain":75,"player_choice":"Touch","damage_taken":7,"max_hp_gain":0,"max_hp_loss":0,"event_name":"FaceTrader","floor":19,"gold_loss":0}],"is_beta":false,"boss_relics":[{"not_picked":["Philosopher\u0027s Stone","Eternal Feather"],"picked":"Black Star"}],"items_purged_floors":[21],"is_endless":false,"potions_floor_spawned":[1,10,16,20,22],"killed_by":"Gremlin Leader","ascension_level":0}