{"gold_per_floor":[111,122,122,20,20,20,48,48,95,95,109,58,93,107,107,209,209,227,142,156,170,25,53,69,69,69,101,101,116,116,127,127,229,229,239,252,252,252,264,264,292,304,316,328,352,364,17,17],"floor_reached":48,"playtime":1826,"items_purged":[],"score":783,"play_id":"5588427e-5670-4251-b7db-6c501f346cff","local_time":"20180819181255","is_ascension_mode":true,"campfire_choices":[{"data":"Clothesline","floor":6.0,"key":"SMITH"},{"data":"Inflame","floor":8.0,"key":"SMITH"},{"data":"Pummel","floor":10.0,"key":"SMITH"},{"data":"Armaments","floor":15.0,"key":"SMITH"},{"data":"Heavy Blade","floor":25.0,"key":"SMITH"},{"data":"Iron Wave","floor":28.0,"key":"SMITH"},{"floor":32.0,"key":"REST"},{"floor":40.0,"key":"REST"},{"data":"True Grit","floor":44.0,"key":"SMITH"},{"data":"Offering","floor":46.0,"key":"SMITH"}],"neow_cost":"NONE","seed_source_timestamp":0,"circlet_count":0,"master_deck":["Strike_R","Strike_R","Strike_R","Strike_R","Strike_R","Defend_R","Defend_R","Defend_R","Defend_R","Bash+1","Clothesline+1","Pummel+1","Inflame+1","Twin Strike","Iron Wave+1","Armaments+1","Offering+1","Clash+1","Clash","Inflame+1","Heavy Blade+1","Clash","Reaper","Dropkick+1","Shockwave+1","True Grit+1","Heavy Blade+1","Writhe","Offering","Shrug It Off"],"special_seed":0,"relics":["Burning Blood","Darkstone Periapt","Juzu Bracelet","Omamori","Cursed Key","Vajra","Oddly Smooth Stone","Paper Frog","Pear","Red Skull","Mark of Pain","Du-Vu Doll","MawBank","Art of War","Ginger"],"potions_floor_usage":[48,48],"damage_taken":[{"damage":0.0,"enemies":"2 Louse","floor":1.0,"turns":4.0},{"damage":1.0,"enemies":"Cultist","floor":2.0,"turns":3.0},{"damage":35.0,"enemies":"3 Sentries","floor":7.0,"turns":9.0},{"damage":7.0,"enemies":"Jaw Worm","floor":11.0,"turns":2.0},{"damage":16.0,"enemies":"Gremlin Nob","floor":13.0,"turns":3.0},{"damage":7.0,"enemies":"3 Louse","floor":14.0,"turns":3.0},{"damage":0.0,"enemies":"Slime Boss","floor":16.0,"turns":4.0},{"damage":6.0,"enemies":"3 Byrds","floor":18.0,"turns":5.0},{"damage":6.0,"enemies":"Spheric Guardian","floor":20.0,"turns":3.0},{"damage":8.0,"enemies":"Snecko","floor":21.0,"turns":4.0},{"damage":7.0,"enemies":"Gremlin Leader","floor":23.0,"turns":5.0},{"damage":25.0,"enemies":"Sentry and Sphere","floor":24.0,"turns":4.0},{"damage":34.0,"enemies":"Slavers","floor":27.0,"turns":4.0},{"damage":19.0,"enemies":"Centurion and Healer","floor":29.0,"turns":3.0},{"damage":6.0,"enemies":"3 Cultists","floor":31.0,"turns":3.0},{"damage":43.0,"enemies":"Collector","floor":33.0,"turns":5.0},{"damage":51.0,"enemies":"Flame Bruiser 1 Orb","floor":35.0,"turns":8.0},{"damage":0.0,"enemies":"Orb Walker","floor":36.0,"turns":2.0},{"damage":0.0,"floor":37.0,"turns":2.0},{"damage":0.0,"enemies":"Sphere and 2 Shapes","floor":39.0,"turns":2.0},{"damage":28.0,"enemies":"2 Orb Walkers","floor":41.0,"turns":3.0},{"damage":37.0,"enemies":"Flame Bruiser 2 Orb","floor":45.0,"turns":5.0},{"damage":70,"enemies":"Nemesis","floor":48,"turns":4}],"seed_played":"-6931872185787567549","potions_obtained":[{"floor":7.0,"key":"Weak Potion"},{"floor":13.0,"key":"Strength Potion"},{"floor":16.0,"key":"BloodPotion"},{"floor":21.0,"key":"SkillPotion"},{"floor":27.0,"key":"Regen Potion"},{"floor":29.0,"key":"AttackPotion"},{"floor":31.0,"key":"Ancient Potion"},{"floor":37.0,"key":"Swift Potion"},{"floor":39.0,"key":"BloodPotion"},{"floor":45.0,"key":"SteroidPotion"}],"is_trial":false,"path_per_floor":["M","M","?","$","?","R","E","R","T","R","M","$","E","M","R","B",null,"M","?","M","M","$","E","M","R","T","E","R","M","?","M","R","B",null,"M","M","?","?","M","R","E","?","T","R","M","R","$"],"character_chosen":"IRONCLAD","items_purchased":["Inflame","Twin Strike","Fire Potion","Oddly Smooth Stone","Shrug It Off","Ginger"],"campfire_rested":2,"item_purchase_floors":[4,4,12,22,47,47],"current_hp_per_floor":[78,80,80,80,80,80,51,51,51,51,50,50,40,39,39,45,71,71,71,71,69,69,68,49,49,59,31,31,27,27,36,63,26,74,29,35,41,41,47,74,52,52,58,58,60,60,60,0],"gold":17,"neow_bonus":"UPGRADE_CARD","is_prod":false,"is_daily":false,"chose_seed":false,"campfire_upgraded":8,"win_rate":0,"timestamp":1534727575,"path_taken":["M","M","?","$","?","R","E","R","T","R","M","$","E","M","R","BOSS","M","?","M","M","$","E","M","R","T","E","R","M","?","M","R","BOSS","M","M","?","?","M","R","E","?","T","R","M","R","$","E"],"build_version":"2018-08-16","purchased_purges":0,"victory":false,"max_hp_per_floor":[80,80,80,80,80,80,80,80,80,80,80,80,80,80,80,80,80,80,80,80,80,80,80,80,80,90,90,90,90,90,90,90,90,90,90,90,90,90,90,90,90,90,96,96,96,96,96,96],"card_choices":[{"not_picked":["Bloodletting","Pummel"],"picked":"Clothesline","floor":1.0},{"not_picked":["Iron Wave","Sword Boomerang"],"picked":"Pummel","floor":2.0},{"not_picked":["Ghostly Armor","Power Through"],"picked":"Iron Wave","floor":7.0},{"not_picked":["Twin Strike","Power Through","Cleave"],"picked":"SKIP","floor":11.0},{"not_picked":["Ghostly Armor","Sentinel"],"picked":"Armaments","floor":13.0},{"not_picked":["Sever Soul","Clothesline","Cleave"],"picked":"SKIP","floor":14.0},{"not_picked":["Exhume","Double Tap"],"picked":"Offering","floor":16.0},{"not_picked":["Havoc","Sword Boomerang+1"],"picked":"Clash+1","floor":18.0},{"not_picked":["Anger+1","Flex","Searing Blow"],"picked":"SKIP","floor":20.0},{"not_picked":["Flex","Dark Embrace"],"picked":"Clash","floor":21.0},{"not_picked":["Infernal Blade","Barricade"],"picked":"Inflame+1","floor":23.0},{"not_picked":["Perfected Strike","Headbutt"],"picked":"Heavy Blade","floor":24.0},{"not_picked":["Body Slam","Perfected Strike","Infernal Blade"],"picked":"SKIP","floor":27.0},{"not_picked":["Clothesline+1","Corruption","Uppercut"],"picked":"SKIP","floor":29.0},{"not_picked":["Wild Strike+1","Sword Boomerang"],"picked":"Clash","floor":31.0},{"not_picked":["Brutality","Demon Form"],"picked":"Reaper","floor":33.0},{"not_picked":["Anger","Clash+1"],"picked":"Battle Trance","floor":35.0},{"not_picked":["Power Through","Bloodletting+1"],"picked":"Dropkick+1","floor":36.0},{"not_picked":["Cleave","Flex+1"],"picked":"Shockwave+1","floor":37.0},{"not_picked":["Clash+1","Pommel Strike"],"picked":"True Grit","floor":39.0},{"not_picked":["Clash","Combust+1"],"picked":"Heavy Blade+1","floor":41.0},{"not_picked":["Hemokinesis","Cleave+1"],"picked":"Offering","floor":45.0}],"player_experience":108018,"relics_obtained":[{"floor":7.0,"key":"Darkstone Periapt"},{"floor":9.0,"key":"Juzu Bracelet"},{"floor":13.0,"key":"Omamori"},{"floor":23.0,"key":"Paper Frog"},{"floor":26.0,"key":"Pear"},{"floor":27.0,"key":"Red Skull"},{"floor":37.0,"key":"Du-Vu Doll"},{"floor":41.0,"key":"MawBank"},{"floor":43.0,"key":"Art of War"}],"event_choices":[{"event_name":"Wheel of Change","player_choice":"Full Heal","floor":3.0,"damage_taken":0.0},{"event_name":"The Cleric","player_choice":"Leave","floor":5.0,"damage_taken":0.0},{"event_name":"Addict","player_choice":"Obtained Relic","floor":19.0,"damage_taken":0.0},{"event_name":"Forgotten Altar","player_choice":"Smashed Altar","floor":30.0,"damage_taken":0.0},{"event_name":"MindBloom","player_choice":"Fight","floor":37.0,"damage_taken":0.0},{"event_name":"The Moai Head","player_choice":"Ignored","floor":38.0,"damage_taken":0.0},{"event_name":"Falling","player_choice":"Removed Skill","floor":42.0,"damage_taken":0.0}],"is_beta":false,"boss_relics":[{"not_picked":["Pandora\u0027s Box","Runic Dome"],"picked":"Cursed Key"},{"not_picked":["Runic Pyramid","Black Star"],"picked":"Mark of Pain"}],"items_purged_floors":[],"is_endless":false,"potions_floor_spawned":[7,13,16,21,27,29,31,37,39,45],"killed_by":"Nemesis","ascension_level":6}