{"gold_per_floor":[116,126,142,24,24,24,54,54,80,104,122,122,147,161,161,240,240,252,265,245,255,57,57,91,107,107,117,32,32,32,44,44,121,121,134,184,196,73,92,123,123,123,123,123,155,175,175,185,185,185,185,185,50,84,84],"floor_reached":55,"playtime":3423,"items_purged":["Normality"],"score":1312,"play_id":"72cd80a4-c2b8-4c6c-b205-cbafd94f9f8d","local_time":"20190505145157","is_ascension_mode":true,"campfire_choices":[{"data":"A Thousand Cuts","floor":6,"key":"SMITH"},{"floor":15,"key":"REST"},{"floor":23,"key":"REST"},{"floor":30,"key":"REST"},{"floor":32,"key":"REST"},{"floor":42,"key":"REST"},{"floor":44,"key":"REST"},{"floor":49,"key":"RECALL"},{"floor":52,"key":"REST"}],"neow_cost":"NONE","seed_source_timestamp":1910937567513849,"circlet_count":0,"master_deck":["AscendersBane","Defend_G","Defend_G","Defend_G","Defend_G","Defend_G","Strike_G","Strike_G","Strike_G","Strike_G","Strike_G","Survivor","Neutralize","A Thousand Cuts+1","Quick Slash","Dodge and Roll","Finisher","Well Laid Plans","Deflect","Backflip","Backflip","Footwork","Deflect","Glass Knife","Backflip","Deflect","PiercingWail","A Thousand Cuts+1","PiercingWail+1","Deflect+1","Flechettes+1","Deflect","Storm of Steel","Tools of the Trade","Caltrops+1","Acrobatics+1","Cloak And Dagger","Infinite Blades","Dodge and Roll","Leg Sweep","Escape Plan+1","Prepared+1","Parasite","Backflip+1","Deflect","Well Laid Plans","Dodge and Roll","Accuracy+1"],"relics":["Ring of the Snake","Bronze Scales","Dream Catcher","Odd Mushroom","Omamori","Fusion Hammer","DollysMirror","Ninja Scroll","Molten Egg 2","PreservedInsect","Kunai","Calling Bell","Bag of Marbles","Dodecahedron","Dead Branch","Bottled Tornado","Orichalcum","Blood Vial"],"potions_floor_usage":[7,7,10,13,13,14,24,45,50,55,55],"damage_taken":[{"damage":1,"enemies":"2 Louse","floor":1,"turns":4},{"damage":5,"enemies":"Jaw Worm","floor":2,"turns":5},{"damage":0,"enemies":"Small Slimes","floor":3,"turns":4},{"damage":21,"enemies":"Lagavulin","floor":7,"turns":6},{"damage":6,"enemies":"The Mushroom Lair","floor":10,"turns":4},{"damage":7,"enemies":"2 Fungi Beasts","floor":11,"turns":3},{"damage":9,"enemies":"3 Sentries","floor":13,"turns":6},{"damage":6,"enemies":"Gremlin Gang","floor":14,"turns":6},{"damage":17,"enemies":"Hexaghost","floor":16,"turns":12},{"damage":11,"enemies":"2 Thieves","floor":18,"turns":4},{"damage":2,"enemies":"3 Byrds","floor":19,"turns":4},{"damage":10,"enemies":"Centurion and Healer","floor":21,"turns":6},{"damage":12,"enemies":"Slavers","floor":24,"turns":5},{"damage":7,"enemies":"Chosen and Byrds","floor":25,"turns":5},{"damage":5,"enemies":"Snecko","floor":27,"turns":5},{"damage":16,"enemies":"Sentry and Sphere","floor":31,"turns":5},{"damage":34,"enemies":"Automaton","floor":33,"turns":10},{"damage":0,"enemies":"3 Shapes","floor":35,"turns":6},{"damage":0,"enemies":"3 Darklings","floor":37,"turns":5},{"damage":14,"enemies":"4 Shapes","floor":39,"turns":5},{"damage":3,"enemies":"Nemesis","floor":40,"turns":9},{"damage":5,"enemies":"Giant Head","floor":45,"turns":7},{"damage":2,"enemies":"Maw","floor":46,"turns":9},{"damage":2,"enemies":"Writhing Mass","floor":48,"turns":7},{"damage":31,"enemies":"Awakened One","floor":50,"turns":17},{"damage":35,"enemies":"Shield and Spear","floor":54,"turns":6},{"damage":36,"enemies":"The Heart","floor":55,"turns":5}],"seed_played":"3826304955132327173","potions_obtained":[{"floor":2,"key":"EntropicBrew"},{"floor":11,"key":"Poison Potion"},{"floor":13,"key":"Weak Potion"},{"floor":19,"key":"Dexterity Potion"},{"floor":20,"key":"PowerPotion"},{"floor":25,"key":"Ancient Potion"},{"floor":39,"key":"Block Potion"},{"floor":45,"key":"Fire Potion"},{"floor":46,"key":"AttackPotion"}],"is_trial":false,"path_per_floor":["M","M","M","$","?","R","E","$","T","?","M","?","E","M","R","B",null,"M","M","?","M","$","R","E","M","T","M","?","?","R","M","R","B",null,"M","?","M","$","M","E","?","R","T","R","E","M","?","M","R","B",null,"R","$","E","B"],"character_chosen":"THE_SILENT","items_purchased":["Well Laid Plans","Poison Potion","DollysMirror","Cloak And Dagger","Well Laid Plans","Dodge and Roll","Dexterity Potion"],"campfire_rested":7,"item_purchase_floors":[4,4,22,38,53,53,53],"current_hp_per_floor":[58,53,53,53,53,53,32,32,32,26,19,19,10,4,23,6,51,40,38,38,28,28,47,35,28,28,23,23,23,42,26,45,11,52,52,46,46,46,32,29,29,48,48,66,61,59,59,57,57,26,56,66,66,31,0],"gold":84,"neow_bonus":"ONE_RANDOM_RARE_CARD","is_prod":false,"is_daily":false,"chose_seed":false,"campfire_upgraded":1,"win_rate":0,"timestamp":1557093117,"path_taken":["M","M","M","$","?","R","E","$","T","?","M","?","E","M","R","BOSS","M","M","?","?","$","R","E","?","T","M","?","?","R","M","R","BOSS","M","?","?","$","?","E","?","R","T","R","E","M","?","M","R","BOSS","R","$","E","BOSS"],"build_version":"2019-01-23","purchased_purges":1,"victory":false,"max_hp_per_floor":[66,66,66,66,66,66,66,66,66,66,66,66,66,66,66,66,66,66,66,66,66,66,66,66,66,66,66,66,66,66,66,66,66,66,66,66,66,66,66,66,66,66,66,66,66,66,66,66,66,66,66,66,66,66,66],"card_choices":[{"not_picked":["Blade Dance","Reflex"],"picked":"Quick Slash","floor":1},{"not_picked":["Prepared","Deadly Poison"],"picked":"Dodge and Roll","floor":2},{"not_picked":["Sucker Punch","Accuracy"],"picked":"Finisher","floor":3},{"not_picked":["Choke","Bane"],"picked":"Deflect","floor":7},{"not_picked":["Bane","Deflect"],"picked":"Backflip","floor":10},{"not_picked":["Reflex","Corpse Explosion"],"picked":"Backflip","floor":11},{"not_picked":["Distraction","Bane"],"picked":"Footwork","floor":13},{"not_picked":["Accuracy","Dodge and Roll"],"picked":"Deflect","floor":14},{"not_picked":["Grand Finale","Venomology"],"picked":"Glass Knife","floor":16},{"not_picked":["Finisher","Dagger Spray"],"picked":"Backflip","floor":18},{"not_picked":["Dagger Spray","Setup"],"picked":"Deflect","floor":19},{"not_picked":["Flechettes","Riddle With Holes"],"picked":"PiercingWail","floor":21},{"not_picked":["Deflect","Cloak And Dagger"],"picked":"PiercingWail+1","floor":23},{"not_picked":["Dodge and Roll","Grand Finale"],"picked":"Deflect+1","floor":24},{"not_picked":["Bane","Dash"],"picked":"Flying Knee+1","floor":25},{"not_picked":["Outmaneuver","Dagger Spray+1","Deadly Poison"],"picked":"SKIP","floor":27},{"not_picked":["Dagger Spray+1","Quick Slash+1"],"picked":"Flechettes+1","floor":30},{"not_picked":["Choke+1","Underhanded Strike+1"],"picked":"Deflect","floor":31},{"not_picked":["Masterful Stab+1","Quick Slash+1"],"picked":"Storm of Steel","floor":32},{"not_picked":["Grand Finale+1","Unload+1"],"picked":"Tools of the Trade","floor":33},{"not_picked":["Heel Hook+1","Underhanded Strike+1"],"picked":"Caltrops+1","floor":35},{"not_picked":["Outmaneuver","Deadly Poison"],"picked":"Acrobatics+1","floor":37},{"not_picked":["Slice+1","Flying Knee+1"],"picked":"Infinite Blades","floor":39},{"not_picked":["Dagger Throw+1","Setup+1"],"picked":"Dodge and Roll","floor":40},{"not_picked":["Footwork","Dash+1"],"picked":"Leg Sweep","floor":42},{"not_picked":["Poisoned Stab+1","Expertise"],"picked":"Escape Plan+1","floor":45},{"not_picked":["Setup+1","Underhanded Strike+1"],"picked":"Prepared+1","floor":46},{"not_picked":["Prepared","Skewer+1"],"picked":"Backflip+1","floor":48},{"not_picked":["Blade Dance","Quick Slash+1"],"picked":"Deflect","floor":52},{"not_picked":["Die Die Die+1","Acrobatics"],"picked":"Accuracy+1","floor":54}],"player_experience":400029,"relics_obtained":[{"floor":7,"key":"Bronze Scales"},{"floor":9,"key":"Dream Catcher"},{"floor":10,"key":"Odd Mushroom"},{"floor":13,"key":"Omamori"},{"floor":24,"key":"Ninja Scroll"},{"floor":26,"key":"Molten Egg 2"},{"floor":34,"key":"Bag of Marbles"},{"floor":34,"key":"Dodecahedron"},{"floor":34,"key":"Dead Branch"},{"floor":40,"key":"Bottled Tornado"},{"floor":45,"key":"Orichalcum"},{"floor":54,"key":"Blood Vial"}],"event_choices":[{"damage_healed":0,"gold_gain":0,"player_choice":"Leave","damage_taken":0,"max_hp_gain":0,"max_hp_loss":0,"event_name":"The Cleric","floor":5,"gold_loss":0},{"damage_healed":0,"gold_gain":0,"player_choice":"Fought Mushrooms","damage_taken":0,"max_hp_gain":0,"max_hp_loss":0,"event_name":"Mushrooms","floor":10,"gold_loss":0},{"damage_healed":0,"gold_gain":0,"player_choice":"Ignored","damage_taken":0,"max_hp_gain":0,"max_hp_loss":0,"event_name":"Liars Game","floor":12,"gold_loss":0},{"damage_healed":0,"gold_gain":0,"player_choice":"Bought 1 Potion","damage_taken":0,"max_hp_gain":0,"max_hp_loss":0,"event_name":"The Woman in Blue","floor":20,"gold_loss":0},{"damage_healed":0,"gold_gain":0,"player_choice":"Obtained Relic","damage_taken":0,"relics_obtained":["PreservedInsect"],"max_hp_gain":0,"max_hp_loss":0,"event_name":"Addict","floor":28,"gold_loss":85},{"damage_healed":0,"gold_gain":0,"player_choice":"Gave Potion","damage_taken":0,"relics_obtained":["Kunai"],"max_hp_gain":0,"max_hp_loss":0,"event_name":"WeMeetAgain","floor":29,"gold_loss":0},{"damage_healed":0,"gold_gain":50,"player_choice":"Touch","damage_taken":6,"max_hp_gain":0,"max_hp_loss":0,"event_name":"FaceTrader","floor":36,"gold_loss":0},{"cards_removed":["Flying Knee"],"damage_healed":0,"gold_gain":0,"player_choice":"Removed Attack","damage_taken":0,"max_hp_gain":0,"max_hp_loss":0,"event_name":"Falling","floor":41,"gold_loss":0},{"damage_healed":0,"gold_gain":0,"player_choice":"Got Potions","damage_taken":0,"max_hp_gain":0,"max_hp_loss":0,"event_name":"Lab","floor":47,"gold_loss":0}],"is_beta":false,"boss_relics":[{"not_picked":["Cursed Key","White Beast Statue"],"picked":"Fusion Hammer"},{"not_picked":["Orrery","Snecko Eye"],"picked":"Calling Bell"}],"items_purged_floors":[38],"is_endless":false,"potions_floor_spawned":[2,11,13,19,21,25,39,45,46],"killed_by":"The Heart","ascension_level":15}