{"gold_per_floor":[11,24,35,35,47,47,47,47,70,70,70,103,53,70,70,70],"floor_reached":16,"playtime":503,"items_purged":[],"score":140,"play_id":"130d80cc-980a-4ec8-8780-6b848310af7f","local_time":"20190421155600","is_ascension_mode":true,"campfire_choices":[{"data":"Hemokinesis","floor":6.0,"key":"SMITH"},{"data":"True Grit","floor":8.0,"key":"SMITH"},{"data":"Body Slam","floor":10.0,"key":"SMITH"},{"floor":15.0,"key":"REST"}],"neow_cost":"NO_GOLD","seed_source_timestamp":714667056170488,"circlet_count":0,"master_deck":["Strike_R","Strike_R","Strike_R","Strike_R","Defend_R","Defend_R","Defend_R","Defend_R","Bash","Sword Boomerang","Hemokinesis+1","True Grit+1","Body Slam+1","Reaper","Body Slam"],"special_seed":0,"relics":["Burning Blood","Calipers","Omamori","PreservedInsect"],"potions_floor_usage":[16,16],"damage_taken":[{"damage":9.0,"enemies":"Cultist","floor":1.0,"turns":5.0},{"damage":9.0,"enemies":"Jaw Worm","floor":2.0,"turns":4.0},{"damage":3.0,"enemies":"2 Louse","floor":3.0,"turns":2.0},{"damage":13.0,"enemies":"2 Fungi Beasts","floor":5.0,"turns":4.0},{"damage":34.0,"enemies":"Gremlin Nob","floor":12.0,"turns":4.0},{"damage":10.0,"enemies":"Blue Slaver","floor":14.0,"turns":3.0},{"damage":68,"enemies":"Slime Boss","floor":16,"turns":9}],"seed_played":"-1175765747154704949","potions_obtained":[{"floor":3.0,"key":"BloodPotion"},{"floor":12.0,"key":"Fire Potion"}],"is_trial":false,"path_per_floor":["M","M","M","$","M","R","?","R","T","R","?","E","?","M","R","B"],"character_chosen":"IRONCLAD","items_purchased":[],"campfire_rested":1,"item_purchase_floors":[],"current_hp_per_floor":[69,66,69,69,62,62,62,62,62,62,55,27,27,26,50,0],"gold":70,"neow_bonus":"ONE_RARE_RELIC","is_prod":false,"is_daily":false,"chose_seed":false,"campfire_upgraded":3,"win_rate":0,"timestamp":1555829760,"path_taken":["M","M","M","?","M","R","?","R","T","R","?","E","?","M","R","BOSS"],"build_version":"2019-01-23","purchased_purges":0,"victory":false,"max_hp_per_floor":[80,80,80,80,80,80,80,80,80,80,80,80,80,80,80,80],"card_choices":[{"not_picked":["Flex","Havoc"],"picked":"Sword Boomerang","floor":1.0},{"not_picked":["Rupture","Perfected Strike"],"picked":"Hemokinesis","floor":2.0},{"not_picked":["Thunderclap","Wild Strike"],"picked":"True Grit","floor":3.0},{"not_picked":["Headbutt","Sword Boomerang"],"picked":"Body Slam","floor":5.0},{"not_picked":["Searing Blow","Shockwave"],"picked":"Reaper","floor":12.0},{"not_picked":["Perfected Strike","Shockwave"],"picked":"Body Slam","floor":14.0}],"player_experience":387862,"relics_obtained":[{"floor":12.0,"key":"PreservedInsect"}],"event_choices":[{"damage_healed":0.0,"max_hp_gain":0.0,"max_hp_loss":0.0,"gold_gain":0.0,"event_name":"Dead Adventurer","player_choice":"Searched \u00271\u0027 times","floor":7.0,"gold_loss":0.0,"damage_taken":0.0},{"damage_healed":0.0,"max_hp_gain":0.0,"max_hp_loss":0.0,"gold_gain":0.0,"event_name":"Scrap Ooze","player_choice":"Success","floor":11.0,"gold_loss":0.0,"damage_taken":7.0,"relics_obtained":["Omamori"]},{"cards_removed":["Strike_R"],"damage_healed":0.0,"max_hp_gain":0.0,"max_hp_loss":0.0,"gold_gain":0.0,"event_name":"The Cleric","player_choice":"Card Removal","floor":13.0,"gold_loss":50.0,"damage_taken":0.0}],"is_beta":false,"boss_relics":[],"items_purged_floors":[],"is_endless":false,"potions_floor_spawned":[3,12],"killed_by":"Slime Boss","ascension_level":8}