{"gold_per_floor":[19,36,49,69,69,69,99,99,126,76,51,62,3,28,40,156,168,165,223,252,264,293,305,317,329,366,378,424,436,460,71,71,171,171,184,31,31,48,48,48,58,58,83,134,134,134,150,46,46,46],"floor_reached":50,"playtime":2816,"items_purged":["Defend_B"],"score":585,"play_id":"2dab07db-ddd7-4285-8837-76276ef0acd7","local_time":"20190405212637","is_ascension_mode":true,"campfire_choices":[{"floor":6,"key":"REST"},{"data":"Biased Cognition","floor":8,"key":"SMITH"},{"floor":15,"key":"REST"},{"floor":23,"key":"REST"},{"floor":25,"key":"REST"},{"data":"Sunder","floor":27,"key":"SMITH"},{"data":"Hologram","floor":29,"key":"SMITH"},{"data":"Turbo","floor":32,"key":"SMITH"},{"floor":40,"key":"REST"},{"floor":42,"key":"REST"},{"data":"Reprogram","floor":46,"key":"SMITH"},{"floor":49,"key":"REST"}],"neow_cost":"NO_GOLD","seed_source_timestamp":1902752340113047,"circlet_count":0,"master_deck":["Strike_B","Strike_B+1","Defend_B","Defend_B","Zap","Dualcast","Biased Cognition+1","Capacitor+1","Loop","Hologram+1","Sunder+1","Stack","Cold Snap","Auto Shields","Core Surge","Turbo+1","Ball Lightning+1","Chaos+1","White Noise+1","Leap","Electrodynamics","Reprogram+1","Chill+1","BootSequence+1","Ball Lightning+1"],"relics":["Cracked Core","Boot","MawBank","Empty Cage","Potion Belt","MutagenicStrength","Bag of Marbles","Red Mask","Lee\u0027s Waffle","Tiny Chest","Nuclear Battery","Orichalcum","Centennial Puzzle"],"potions_floor_usage":[2,12,18,18,18,22,33,35,50,50,50],"damage_taken":[{"damage":5,"enemies":"Small Slimes","floor":1,"turns":3},{"damage":8,"enemies":"2 Louse","floor":2,"turns":3},{"damage":2,"enemies":"Jaw Worm","floor":3,"turns":3},{"damage":13,"enemies":"Large Slime","floor":4,"turns":4},{"damage":7,"enemies":"Red Slaver","floor":12,"turns":3},{"damage":4,"enemies":"2 Fungi Beasts","floor":14,"turns":4},{"damage":39,"enemies":"The Guardian","floor":16,"turns":14},{"damage":21,"enemies":"2 Thieves","floor":18,"turns":5},{"damage":16,"enemies":"Spheric Guardian","floor":20,"turns":6},{"damage":21,"enemies":"3 Cultists","floor":22,"turns":5},{"damage":2,"enemies":"Masked Bandits","floor":28,"turns":3},{"damage":0,"enemies":"Chosen and Byrds","floor":30,"turns":3},{"damage":62,"enemies":"Champ","floor":33,"turns":10},{"damage":26,"enemies":"3 Darklings","floor":35,"turns":4},{"damage":0,"enemies":"3 Shapes","floor":38,"turns":5},{"damage":38,"enemies":"3 Darklings","floor":41,"turns":6},{"damage":23,"enemies":"Jaw Worm Horde","floor":47,"turns":3},{"damage":105,"enemies":"Awakened One","floor":50,"turns":12}],"seed_played":"5496669881308934105","potions_obtained":[{"floor":1,"key":"PowerPotion"},{"floor":3,"key":"SteroidPotion"},{"floor":16,"key":"EntropicBrew"},{"floor":33,"key":"Weak Potion"}],"is_trial":false,"path_per_floor":["M","M","M","M","?","R","?","R","T","?","$","M","?","M","R","B",null,"M","T","M","?","M","R","?","R","T","R","?","R","M","$","R","B",null,"M","$","?","M","$","R","M","R","T","T","?","R","M","$","R","B"],"character_chosen":"DEFECT","items_purchased":["Stack","Lee\u0027s Waffle","Tiny Chest","FocusPotion","Ancient Potion","Energy Potion","Energy Potion"],"campfire_rested":7,"item_purchase_floors":[11,31,31,31,36,48,48],"current_hp_per_floor":[70,62,60,47,32,54,54,54,54,54,54,47,47,43,65,26,63,42,42,26,26,5,27,27,49,49,49,47,47,47,82,82,20,67,41,41,41,41,41,65,27,51,51,51,92,92,69,69,92,0],"gold":46,"neow_bonus":"THREE_RARE_CARDS","is_prod":false,"is_daily":false,"chose_seed":false,"campfire_upgraded":5,"win_rate":0,"timestamp":1554467197,"path_taken":["M","M","M","M","?","R","?","R","T","?","?","M","?","M","R","BOSS","M","?","M","?","M","R","?","R","T","R","?","R","?","?","R","BOSS","M","$","?","?","?","R","M","R","T","?","?","R","M","$","R","BOSS"],"build_version":"2019-01-23","purchased_purges":1,"victory":false,"max_hp_per_floor":[75,75,75,75,75,75,75,75,75,75,75,75,75,75,75,75,75,75,75,75,75,75,75,75,75,75,75,75,75,75,82,82,82,82,82,82,82,82,82,82,82,82,82,82,92,92,92,92,92,92],"card_choices":[{"not_picked":["Reboot","Machine Learning"],"picked":"Biased Cognition","floor":0},{"not_picked":["Gash","Hello World"],"picked":"Capacitor","floor":1},{"not_picked":["Lockon","White Noise"],"picked":"Loop","floor":2},{"not_picked":["Streamline","Turbo"],"picked":"Hologram","floor":3},{"not_picked":["Scrape","Rebound"],"picked":"Sunder","floor":4},{"not_picked":["Capacitor","Streamline"],"picked":"Cold Snap","floor":12},{"not_picked":["Streamline","Sweeping Beam"],"picked":"Auto Shields","floor":14},{"not_picked":["Rainbow","Buffer"],"picked":"Core Surge","floor":16},{"not_picked":["Stack+1","Steam"],"picked":"Turbo","floor":18},{"not_picked":["Cold Snap","Compile Driver+1"],"picked":"Ball Lightning+1","floor":20},{"not_picked":["Doom and Gloom","Conserve Battery"],"picked":"Chaos+1","floor":22},{"not_picked":["All For One","Compile Driver"],"picked":"White Noise+1","floor":28},{"not_picked":["Steam Power+1","Beam Cell"],"picked":"Leap","floor":30},{"not_picked":["Multi-Cast","Echo Form"],"picked":"Electrodynamics","floor":33},{"not_picked":["Sunder","Hologram"],"picked":"Reprogram","floor":35},{"not_picked":["Rebound+1","Beam Cell"],"picked":"Chill+1","floor":38},{"not_picked":["Go for the Eyes","Capacitor+1"],"picked":"BootSequence+1","floor":41},{"not_picked":["Scrape+1","Steam"],"picked":"Ball Lightning+1","floor":47}],"player_experience":243222,"relics_obtained":[{"floor":9,"key":"Boot"},{"floor":19,"key":"Potion Belt"},{"floor":26,"key":"Bag of Marbles"},{"floor":28,"key":"Red Mask"},{"floor":43,"key":"Orichalcum"},{"floor":44,"key":"Centennial Puzzle"}],"event_choices":[{"damage_healed":0,"gold_gain":0,"player_choice":"Entered Light","damage_taken":15,"max_hp_gain":0,"max_hp_loss":0,"event_name":"Shining Light","floor":5,"gold_loss":0,"cards_upgraded":["Strike_B","Capacitor"]},{"damage_healed":0,"gold_gain":30,"player_choice":"Searched \u00271\u0027 times","damage_taken":0,"max_hp_gain":0,"max_hp_loss":0,"event_name":"Dead Adventurer","floor":7,"gold_loss":0},{"cards_removed":["Strike_B"],"damage_healed":0,"gold_gain":0,"player_choice":"Card Removal","damage_taken":0,"max_hp_gain":0,"max_hp_loss":0,"event_name":"The Cleric","floor":10,"gold_loss":50},{"damage_healed":0,"gold_gain":0,"player_choice":"Paid Gold","damage_taken":0,"relics_obtained":["MawBank"],"max_hp_gain":0,"max_hp_loss":0,"event_name":"WeMeetAgain","floor":13,"gold_loss":59},{"damage_healed":0,"gold_gain":0,"player_choice":"Inject Mutagens","damage_taken":0,"relics_obtained":["MutagenicStrength"],"max_hp_gain":0,"max_hp_loss":0,"event_name":"Drug Dealer","floor":21,"gold_loss":0},{"damage_healed":0,"gold_gain":0,"player_choice":"Ignored","damage_taken":0,"max_hp_gain":0,"max_hp_loss":0,"event_name":"Ghosts","floor":24,"gold_loss":0},{"damage_healed":0,"gold_gain":0,"player_choice":"Fought Bandits","damage_taken":0,"max_hp_gain":0,"max_hp_loss":0,"event_name":"Masked Bandits","floor":28,"gold_loss":0},{"damage_healed":0,"gold_gain":0,"player_choice":"1 cards matched","damage_taken":0,"max_hp_gain":0,"max_hp_loss":0,"event_name":"Match and Keep!","floor":37,"gold_loss":0,"cards_obtained":["Buffer"]},{"cards_removed":["Buffer"],"damage_healed":31,"gold_gain":0,"player_choice":"Offered Rare","damage_taken":0,"max_hp_gain":10,"max_hp_loss":0,"event_name":"Bonfire Elementals","floor":45,"gold_loss":0}],"is_beta":false,"boss_relics":[{"not_picked":["Black Star","Busted Crown"],"picked":"Empty Cage"},{"not_picked":["Runic Dome","Eternal Feather"],"picked":"Nuclear Battery"}],"items_purged_floors":[36],"is_endless":false,"potions_floor_spawned":[1,3,16,33],"killed_by":"Awakened One","ascension_level":5}