{"gold_per_floor":[111,129,229,154,164,164,227,227,272,272,272,288,305,305,305,402,402,413,428,86,86,86,115,126,126,196,71,71,86,97,110,110,213,213,232,82,106,121,131,131,0,0,76,76,90,107,117,117,117,117],"floor_reached":50,"playtime":1993,"items_purged":["Defend_R","Strike_R","Strike_R","Rupture"],"score":489,"play_id":"82130092-6572-4028-a9bc-ae3d6a2f50eb","local_time":"20180923121955","is_ascension_mode":false,"campfire_choices":[{"data":"Armaments","floor":6,"key":"SMITH"},{"data":"Anger","floor":11,"key":"SMITH"},{"data":"Bash","floor":15,"key":"SMITH"},{"floor":32,"key":"REST"},{"data":"Battle Trance","floor":40,"key":"SMITH"},{"data":"Shrug It Off","floor":42,"key":"SMITH"},{"data":"Iron Wave","floor":44,"key":"SMITH"},{"data":"Warcry","floor":49,"key":"SMITH"}],"neow_cost":"NONE","seed_source_timestamp":826309860985624,"circlet_count":0,"master_deck":["Bash+1","Armaments+1","Iron Wave+1","Anger+1","Thunderclap+1","Barricade+1","Shrug It Off+1","Pommel Strike+1","Warcry+1","Body Slam+1","Sword Boomerang+1","Battle Trance+1","Pommel Strike+1"],"relics":["Burning Blood","Tiny Chest","Omamori","Molten Egg 2","Busted Crown","Shuriken","Ancient Tea Set","Gremlin Horn","Pandora\u0027s Box","Oddly Smooth Stone","Red Mask","Sundial"],"potions_floor_usage":[16,23,24,33,33,46,50,50],"damage_taken":[{"damage":6,"enemies":"Cultist","floor":1,"turns":3},{"damage":0,"enemies":"Small Slimes","floor":2,"turns":4},{"damage":0,"enemies":"2 Louse","floor":5,"turns":3},{"damage":9,"enemies":"Lagavulin","floor":7,"turns":7},{"damage":0,"enemies":"Gremlin Gang","floor":12,"turns":4},{"damage":2,"enemies":"Blue Slaver","floor":13,"turns":3},{"damage":23,"enemies":"Slime Boss","floor":16,"turns":6},{"damage":15,"enemies":"Spheric Guardian","floor":18,"turns":5},{"damage":37,"enemies":"2 Thieves","floor":19,"turns":4},{"damage":14,"enemies":"Gremlin Leader","floor":23,"turns":6},{"damage":4,"enemies":"Sentry and Sphere","floor":24,"turns":6},{"damage":15,"enemies":"Centurion and Healer","floor":29,"turns":6},{"damage":5,"enemies":"Shelled Parasite and Fungi","floor":30,"turns":7},{"damage":0,"enemies":"Chosen and Byrds","floor":31,"turns":5},{"damage":13,"enemies":"Automaton","floor":33,"turns":8},{"damage":20,"enemies":"Orb Walker","floor":35,"turns":3},{"damage":14,"enemies":"3 Darklings","floor":38,"turns":3},{"damage":0,"enemies":"Transient","floor":39,"turns":5},{"damage":16,"enemies":"Maw","floor":45,"turns":5},{"damage":0,"enemies":"4 Shapes","floor":46,"turns":5},{"damage":0,"enemies":"Transient","floor":47,"turns":5},{"damage":69,"enemies":"Time Eater","floor":50,"turns":7}],"seed_played":"518030361124016369","potions_obtained":[{"floor":1,"key":"SkillPotion"},{"floor":7,"key":"Explosive Potion"},{"floor":8,"key":"Dexterity Potion"},{"floor":13,"key":"Dexterity Potion"},{"floor":18,"key":"SteroidPotion"},{"floor":23,"key":"Block Potion"},{"floor":33,"key":"Poison Potion"},{"floor":39,"key":"Ancient Potion"},{"floor":45,"key":"Swift Potion"},{"floor":46,"key":"Explosive Potion"}],"is_trial":false,"path_per_floor":["M","M","?","$","M","R","E","?","T","T","R","M","M","?","R","B",null,"M","M","$","?","?","E","M","?","T","$","?","M","M","M","R","B",null,"M","$","T","M","M","R","?","R","T","R","M","M","M","$","R"],"character_chosen":"IRONCLAD","items_purchased":["Shuriken"],"campfire_rested":1,"item_purchase_floors":[20],"current_hp_per_floor":[80,80,80,80,80,80,77,77,77,77,77,80,80,80,80,63,80,71,40,40,40,40,32,34,34,34,34,34,25,26,32,56,49,80,66,66,66,58,64,64,64,64,64,64,54,60,66,66,66,0],"gold":117,"neow_bonus":"TRANSFORM_CARD","is_prod":false,"is_daily":false,"chose_seed":false,"campfire_upgraded":7,"win_rate":0,"timestamp":1537730395,"path_taken":["M","?","?","?","M","R","E","?","T","?","R","?","M","?","R","BOSS","M","M","$","?","?","E","?","?","T","$","?","M","?","M","R","BOSS","M","$","?","M","M","R","?","R","T","R","M","M","M","$","R","BOSS"],"build_version":"2018-09-20","purchased_purges":4,"victory":false,"max_hp_per_floor":[80,80,80,80,80,80,80,80,80,80,80,80,80,80,80,80,80,80,80,80,80,80,80,80,80,80,80,80,80,80,80,80,80,80,80,80,80,80,80,80,80,80,80,80,80,80,80,80,80,80],"card_choices":[{"not_picked":["Shockwave","Inflame","Body Slam"],"picked":"SKIP","floor":1},{"not_picked":["Clash","Warcry"],"picked":"Iron Wave","floor":2},{"not_picked":["Evolve","Armaments"],"picked":"Anger","floor":5},{"not_picked":["Headbutt","Entrench","Twin Strike"],"picked":"SKIP","floor":7},{"not_picked":["Armaments","Pummel+1","Flex"],"picked":"SKIP","floor":12},{"not_picked":["Armaments","Perfected Strike+1"],"picked":"Thunderclap+1","floor":13},{"not_picked":["Exhume","Offering"],"picked":"Barricade","floor":16},{"not_picked":["Havoc"],"picked":"SKIP","floor":18},{"not_picked":["Flex"],"picked":"SKIP","floor":19},{"not_picked":[],"picked":"Shrug It Off","floor":23},{"not_picked":["Headbutt+1"],"picked":"SKIP","floor":24},{"not_picked":[],"picked":"Pommel Strike+1","floor":29},{"not_picked":["Dual Wield"],"picked":"SKIP","floor":30},{"not_picked":["Intimidate"],"picked":"SKIP","floor":31},{"not_picked":["Twin Strike+1"],"picked":"SKIP","floor":35},{"not_picked":["Flex+1"],"picked":"SKIP","floor":38},{"not_picked":[],"picked":"Battle Trance","floor":39},{"not_picked":[],"picked":"Pommel Strike+1","floor":45},{"not_picked":["Body Slam+1"],"picked":"SKIP","floor":46},{"not_picked":["Warcry+1"],"picked":"SKIP","floor":47}],"player_experience":254553,"relics_obtained":[{"floor":7,"key":"Tiny Chest"},{"floor":9,"key":"Omamori"},{"floor":10,"key":"Molten Egg 2"},{"floor":23,"key":"Ancient Tea Set"},{"floor":26,"key":"Gremlin Horn"},{"floor":37,"key":"Oddly Smooth Stone"},{"floor":43,"key":"Sundial"}],"event_choices":[{"event_name":"Golden Shrine","player_choice":"Pray","floor":3,"damage_taken":0},{"event_name":"The Lab","player_choice":"Got Potions","floor":8,"damage_taken":0},{"event_name":"Wheel of Change","player_choice":"Full Heal","floor":14,"damage_taken":0},{"event_name":"The Woman in Blue","player_choice":"Bought 0 Potions","floor":21,"damage_taken":0},{"event_name":"Purifier","player_choice":"One Purge","floor":22,"damage_taken":0},{"event_name":"Ghosts","player_choice":"Ignored","floor":25,"damage_taken":0},{"event_name":"Accursed Blacksmith","player_choice":"Forge","floor":28,"damage_taken":0},{"event_name":"Tomb of Lord Red Mask","player_choice":"Paid","floor":41,"damage_taken":0}],"is_beta":false,"boss_relics":[{"not_picked":["Philosopher\u0027s Stone","White Beast Statue"],"picked":"Busted Crown"},{"not_picked":["Eternal Feather","Runic Pyramid"],"picked":"Pandora\u0027s Box"}],"items_purged_floors":[4,20,27,36],"is_endless":false,"potions_floor_spawned":[1,7,12,13,18,23,33,39,45,46],"killed_by":"Time Eater","ascension_level":0}