{"gold_per_floor":[119,119,137,87,87,87,415,415,415,34,48,66,91,105,105,204,204,220,220,234,248,2,2,28,28,53,53,65,26,26,59,59,59],"floor_reached":33,"playtime":2254,"items_purged":[],"score":293,"play_id":"3135258b-0b1d-4370-b48f-0f9525b8daa6","local_time":"20190307135104","is_ascension_mode":false,"campfire_choices":[{"data":"Zap","floor":6,"key":"SMITH"},{"floor":8,"key":"REST"},{"data":"Creative AI","floor":15,"key":"SMITH"},{"floor":23,"key":"REST"},{"floor":27,"key":"REST"},{"floor":32,"key":"REST"}],"neow_cost":"NONE","seed_source_timestamp":14553160592206,"circlet_count":0,"master_deck":["Strike_B","Strike_B","Strike_B+1","Defend_B","Defend_B+1","Zap+1","Dualcast","Conserve Battery","Conserve Battery","Genetic Algorithm","Creative AI+1","Panache","Ball Lightning","Go for the Eyes","Self Repair","Echo Form","Self Repair","Amplify","Go for the Eyes+1","Doom and Gloom","Scrape","Genetic Algorithm","Coolheaded+1","Hologram+1","Glacier+1","Necronomicurse"],"relics":["Cracked Core","Bag of Marbles","Old Coin","Vajra","Bag of Preparation","White Beast Statue","Toxic Egg 2","Boot","Happy Flower","Necronomicon","Incense Burner"],"potions_floor_usage":[13,13,31,31,33,33],"damage_taken":[{"damage":1,"enemies":"Jaw Worm","floor":1,"turns":3},{"damage":0,"enemies":"2 Louse","floor":3,"turns":2},{"damage":17,"enemies":"Lagavulin","floor":7,"turns":6},{"damage":3,"enemies":"Cultist","floor":11,"turns":4},{"damage":0,"enemies":"Large Slime","floor":12,"turns":4},{"damage":10,"enemies":"3 Sentries","floor":13,"turns":6},{"damage":0,"enemies":"3 Louse","floor":14,"turns":4},{"damage":5,"enemies":"Slime Boss","floor":16,"turns":6},{"damage":21,"enemies":"Shell Parasite","floor":18,"turns":7},{"damage":1,"enemies":"Chosen","floor":20,"turns":5},{"damage":26,"enemies":"Snecko","floor":21,"turns":6},{"damage":40,"enemies":"Gremlin Leader","floor":24,"turns":7},{"damage":15,"enemies":"Snake Plant","floor":28,"turns":5},{"damage":39,"enemies":"Slavers","floor":31,"turns":7},{"damage":43,"enemies":"Collector","floor":33,"turns":5}],"seed_played":"-5687429974521758427","potions_obtained":[{"floor":7,"key":"Explosive Potion"},{"floor":11,"key":"Dexterity Potion"},{"floor":16,"key":"SpeedPotion"},{"floor":18,"key":"SteroidPotion"},{"floor":20,"key":"Ancient Potion"},{"floor":24,"key":"SkillPotion"},{"floor":31,"key":"LiquidBronze"}],"is_trial":false,"path_per_floor":["M","?","M","?","?","R","E","R","T","$","M","M","E","M","R","B",null,"M","?","M","M","$","R","E","?","T","R","M","$","?","E","R","B"],"character_chosen":"DEFECT","items_purchased":["Creative AI","Panache","Ball Lightning","Toxic Egg 2","Glacier+1"],"campfire_rested":4,"item_purchase_floors":[10,10,10,22,29],"current_hp_per_floor":[74,59,59,59,59,59,42,64,64,64,61,61,58,58,58,60,75,68,68,75,56,56,75,49,35,35,59,58,58,42,17,41,0],"gold":59,"neow_bonus":"RANDOM_COMMON_RELIC","is_prod":false,"is_daily":false,"chose_seed":false,"campfire_upgraded":2,"win_rate":0.0,"timestamp":1551963064,"path_taken":["M","?","M","?","?","R","E","R","T","$","?","M","E","M","R","BOSS","M","?","M","M","$","R","E","?","T","R","M","$","?","E","R","BOSS"],"build_version":"2019-01-23","purchased_purges":0,"victory":false,"max_hp_per_floor":[75,75,75,75,75,75,75,75,75,75,75,75,75,75,75,75,75,75,75,75,75,75,75,75,80,80,80,80,80,80,80,80,80],"card_choices":[{"not_picked":["Coolheaded","Ball Lightning"],"picked":"Conserve Battery","floor":1},{"not_picked":["Barrage","Go for the Eyes"],"picked":"Conserve Battery","floor":3},{"not_picked":["Chaos","Redo"],"picked":"Genetic Algorithm","floor":7},{"not_picked":["Rebound","Sweeping Beam"],"picked":"Go for the Eyes","floor":11},{"not_picked":["Beam Cell","Hello World"],"picked":"Self Repair","floor":12},{"not_picked":["Redo","Conserve Battery"],"picked":"Echo Form","floor":13},{"not_picked":["Reprogram","Steam"],"picked":"Self Repair","floor":14},{"not_picked":["Hyperbeam","Meteor Strike"],"picked":"Amplify","floor":16},{"not_picked":["Sweeping Beam","White Noise"],"picked":"Go for the Eyes+1","floor":18},{"not_picked":["Aggregate","Compile Driver"],"picked":"Genetic Algorithm","floor":20},{"not_picked":["Rip and Tear","Fusion","Redo"],"picked":"SKIP","floor":21},{"not_picked":["Doom and Gloom","Heatsinks"],"picked":"Coolheaded+1","floor":24},{"not_picked":["Gash","Coolheaded+1"],"picked":"Hologram+1","floor":28},{"not_picked":["Ball Lightning","Sweeping Beam","Gash+1"],"picked":"SKIP","floor":31}],"player_experience":113798,"relics_obtained":[{"floor":7,"key":"Old Coin"},{"floor":9,"key":"Vajra"},{"floor":13,"key":"Bag of Preparation"},{"floor":24,"key":"Boot"},{"floor":26,"key":"Happy Flower"},{"floor":30,"key":"Necronomicon"},{"floor":31,"key":"Incense Burner"}],"event_choices":[{"damage_healed":0,"gold_gain":0,"player_choice":"Entered Light","damage_taken":15,"max_hp_gain":0,"max_hp_loss":0,"event_name":"Shining Light","floor":2,"gold_loss":0,"cards_upgraded":["Strike_B","Defend_B"]},{"cards_removed":["Defend_B"],"damage_healed":0,"gold_gain":0,"player_choice":"Card Removal","damage_taken":0,"max_hp_gain":0,"max_hp_loss":0,"event_name":"The Cleric","floor":4,"gold_loss":50},{"damage_healed":0,"gold_gain":0,"player_choice":"0 cards matched","damage_taken":0,"max_hp_gain":0,"max_hp_loss":0,"event_name":"Match and Keep!","floor":5,"gold_loss":0,"cards_obtained":[]},{"damage_healed":0,"gold_gain":0,"cards_transformed":["Strike_B","Defend_B"],"player_choice":"Became Test Subject","damage_taken":0,"max_hp_gain":0,"max_hp_loss":0,"event_name":"Drug Dealer","floor":19,"gold_loss":0,"cards_obtained":["Doom and Gloom","Scrape"]},{"damage_healed":0,"gold_gain":0,"player_choice":"Shed Blood","damage_taken":19,"max_hp_gain":5,"max_hp_loss":0,"event_name":"Forgotten Altar","floor":25,"gold_loss":0},{"damage_healed":0,"gold_gain":0,"player_choice":"Obtained Book","damage_taken":16,"max_hp_gain":0,"max_hp_loss":0,"event_name":"Cursed Tome","floor":30,"gold_loss":0}],"is_beta":false,"boss_relics":[{"not_picked":["Philosopher\u0027s Stone","Busted Crown"],"picked":"White Beast Statue"}],"items_purged_floors":[],"is_endless":false,"potions_floor_spawned":[7,11,16,18,20,21,24,28,31],"killed_by":"Collector","ascension_level":0}