{"gold_per_floor":[116,134,134,148,4,4,4,14,92,92,92,92,103,129,129,224,224,234,261,164,175,175,175,203,203,229,229,263,188,206,226,226,329,329,340,354,454,468,480,505,505,518,518,518,553,553,564,272,272,272,272,272,57,88,88],"floor_reached":55,"playtime":3384,"items_purged":["Strike_B","Defend_B","Strike_B","Defend_B"],"score":1144,"play_id":"5aae5be1-8e30-4fdf-bee9-9370167fa4b9","local_time":"20190504225808","is_ascension_mode":true,"campfire_choices":[{"data":"Zap","floor":6.0,"key":"SMITH"},{"floor":10.0,"key":"REST"},{"data":"Defragment","floor":12.0,"key":"SMITH"},{"floor":15.0,"key":"REST"},{"data":"Hologram","floor":23.0,"key":"SMITH"},{"floor":25.0,"key":"REST"},{"data":"Go for the Eyes","floor":27.0,"key":"SMITH"},{"floor":32,"key":"REST"},{"data":"Biased Cognition","floor":41,"key":"SMITH"},{"data":"Electrodynamics","floor":44,"key":"SMITH"},{"floor":49,"key":"RECALL"},{"data":"Dualcast","floor":52,"key":"SMITH"}],"neow_cost":"NONE","seed_source_timestamp":1860615191528814,"circlet_count":0,"master_deck":["AscendersBane","Defend_B","Zap+1","Dualcast+1","All For One","Hologram+1","Defragment+1","Defragment+1","Cold Snap","Ball Lightning","Go for the Eyes+1","Conserve Battery","BootSequence+1","Seek+1","Undo+1","Hologram+1","Glacier+1","Core Surge","Genetic Algorithm+1","FTL","Leap+1","Biased Cognition+1","Self Repair","Reinforced Body+1","Redo+1","Auto Shields+1","Electrodynamics+1","Coolheaded+1","Fusion+1","Master of Strategy+1","Secret Technique+1","Stack+1"],"special_seed":0,"relics":["FrozenCore","Question Card","Toxic Egg 2","Smiling Mask","Unceasing Top","Blood Vial","Bag of Marbles","Philosopher\u0027s Stone","Turnip","Anchor","PreservedInsect","Oddly Smooth Stone","Cables","Boot"],"potions_floor_usage":[30,33,38,42,50,55],"damage_taken":[{"damage":1.0,"enemies":"Cultist","floor":1.0,"turns":3.0},{"damage":7.0,"enemies":"Jaw Worm","floor":2.0,"turns":3.0},{"damage":1.0,"enemies":"2 Louse","floor":4.0,"turns":2.0},{"damage":26.0,"enemies":"Exordium Thugs","floor":8.0,"turns":4.0},{"damage":4.0,"enemies":"Red Slaver","floor":13.0,"turns":3.0},{"damage":22.0,"enemies":"Gremlin Nob","floor":14.0,"turns":4.0},{"damage":2.0,"enemies":"The Guardian","floor":16.0,"turns":8.0},{"damage":1.0,"enemies":"2 Thieves","floor":18.0,"turns":4.0},{"damage":5.0,"enemies":"Shell Parasite","floor":21.0,"turns":5.0},{"damage":30.0,"enemies":"Book of Stabbing","floor":24.0,"turns":10.0},{"damage":35.0,"enemies":"Gremlin Leader","floor":28.0,"turns":10.0},{"damage":12,"enemies":"3 Cultists","floor":30,"turns":7},{"damage":0,"enemies":"Chosen and Byrds","floor":31,"turns":6},{"damage":30,"enemies":"Automaton","floor":33,"turns":16},{"damage":0,"enemies":"Orb Walker","floor":35,"turns":5},{"damage":3,"enemies":"3 Darklings","floor":36,"turns":9},{"damage":0,"enemies":"Mind Bloom Boss Battle","floor":37,"turns":8},{"damage":12,"enemies":"Transient","floor":38,"turns":5},{"damage":0,"enemies":"4 Shapes","floor":39,"turns":7},{"damage":13,"enemies":"Nemesis","floor":40,"turns":13},{"damage":0,"enemies":"Jaw Worm Horde","floor":42,"turns":2},{"damage":16,"enemies":"Reptomancer","floor":45,"turns":4},{"damage":0,"enemies":"Spire Growth","floor":47,"turns":7},{"damage":17,"enemies":"Donu and Deca","floor":50,"turns":9},{"damage":22,"enemies":"Shield and Spear","floor":54,"turns":6},{"damage":56,"enemies":"The Heart","floor":55,"turns":5}],"seed_played":"-8346883571370459731","potions_obtained":[{"floor":4.0,"key":"FocusPotion"},{"floor":8.0,"key":"AttackPotion"},{"floor":16.0,"key":"Ancient Potion"},{"floor":18.0,"key":"FearPotion"},{"floor":24.0,"key":"Energy Potion"},{"floor":28.0,"key":"FearPotion"},{"floor":30,"key":"Block Potion"},{"floor":36,"key":"FocusPotion"},{"floor":40,"key":"SkillPotion"},{"floor":42,"key":"SpeedPotion"}],"is_trial":false,"path_per_floor":["M","M","T","M","$","R","?","M","T","R","?","R","M","E","R","B",null,"M","T","$","M","?","R","E","R","T","R","E","?","M","M","R","B",null,"M","M","?","M","M","E","R","M","T","R","E","?","M","$","R","B",null,"R","$","E","B"],"character_chosen":"DEFECT","items_purchased":["Cold Snap","Ball Lightning","Hologram+1","Cables","Secret Technique+1"],"campfire_rested":4,"item_purchase_floors":[5,5,20,48,53],"current_hp_per_floor":[67,60,60,59,59,59,52,26,26,48,48,48,44,22,44,42,67,66,66,66,61,61,61,31,53,53,53,20,20,10,12,34,6,58,60,66,75,70,72,68,68,75,75,75,59,59,68,68,68,60,71,71,71,51,0],"gold":88,"neow_bonus":"ONE_RANDOM_RARE_CARD","is_prod":false,"is_daily":false,"chose_seed":false,"campfire_upgraded":7,"win_rate":0,"timestamp":1556978288,"path_taken":["M","M","?","?","$","R","?","M","T","R","?","R","?","E","R","BOSS","M","?","$","M","?","R","E","R","T","R","E","?","M","M","R","BOSS","M","M","?","M","M","E","R","M","T","R","E","?","M","$","R","BOSS","R","$","E","BOSS"],"build_version":"2019-01-23","purchased_purges":4,"victory":false,"max_hp_per_floor":[75,75,75,75,75,75,75,75,75,75,75,75,75,75,75,75,75,75,75,75,75,75,75,75,75,75,75,75,75,75,75,75,75,75,75,75,75,75,75,75,75,75,75,75,75,75,75,75,75,75,75,75,75,75,75],"card_choices":[{"not_picked":["Redo","Recycle"],"picked":"Hologram","floor":1.0},{"not_picked":["Genetic Algorithm","Undo"],"picked":"Defragment","floor":2.0},{"not_picked":["Genetic Algorithm","Cold Snap","Hologram"],"picked":"Defragment","floor":4.0},{"not_picked":["Reinforced Body","Rip and Tear","Chaos"],"picked":"Go for the Eyes","floor":8.0},{"not_picked":["Barrage","Ball Lightning","Steam Power"],"picked":"Conserve Battery","floor":13.0},{"not_picked":["Steam","Conserve Battery","Blizzard"],"picked":"BootSequence","floor":14.0},{"not_picked":["Buffer","Amplify+1","Meteor Strike"],"picked":"Seek+1","floor":16.0},{"not_picked":["Stack+1","Barrage","Steam Power+1"],"picked":"Undo+1","floor":18.0},{"not_picked":["Turbo+1","Beam Cell","Multi-Cast+1"],"picked":"Glacier+1","floor":21.0},{"not_picked":["Barrage","Rebound","Lockon"],"picked":"Core Surge","floor":24.0},{"not_picked":["Storm+1","Amplify+1","Beam Cell"],"picked":"Genetic Algorithm+1","floor":28.0},{"not_picked":["Sweeping Beam","Go for the Eyes+1","Cold Snap"],"picked":"FTL","floor":30},{"not_picked":["Cold Snap","Steam+1","Barrage"],"picked":"Leap+1","floor":31},{"not_picked":["Hyperbeam","Multi-Cast+1","Seek+1"],"picked":"Biased Cognition","floor":33},{"not_picked":["Barrage","Conserve Battery+1","Heatsinks+1"],"picked":"Self Repair","floor":35},{"not_picked":["Cold Snap","Gash","Defragment+1"],"picked":"Reinforced Body+1","floor":36},{"not_picked":["Storm+1","Ball Lightning","Echo Form"],"picked":"Redo+1","floor":37},{"not_picked":["Streamline","Defragment","Leap+1","Hologram+1"],"picked":"SKIP","floor":38},{"not_picked":["Cold Snap","Force Field+1","Darkness+1"],"picked":"Auto Shields+1","floor":39},{"not_picked":["Steam+1","Lockon","Skim+1"],"picked":"Electrodynamics","floor":40},{"not_picked":["Rebound","Cold Snap","Consume+1"],"picked":"Coolheaded+1","floor":42},{"not_picked":["Sunder+1","Cold Snap","Heatsinks"],"picked":"Fusion+1","floor":45},{"not_picked":["HandOfGreed","Violence+1","Discovery+1"],"picked":"Master of Strategy+1","floor":46},{"not_picked":["Melter","Redo+1","Hologram+1","Glacier+1"],"picked":"SKIP","floor":47},{"not_picked":["Hello World+1","Hologram+1","Storm"],"picked":"Stack+1","floor":54}],"player_experience":510200,"relics_obtained":[{"floor":3.0,"key":"Question Card"},{"floor":14.0,"key":"Toxic Egg 2"},{"floor":19.0,"key":"Smiling Mask"},{"floor":24.0,"key":"Unceasing Top"},{"floor":26.0,"key":"Blood Vial"},{"floor":28.0,"key":"Bag of Marbles"},{"floor":37,"key":"Turnip"},{"floor":40,"key":"Anchor"},{"floor":43,"key":"PreservedInsect"},{"floor":45,"key":"Oddly Smooth Stone"},{"floor":54,"key":"Boot"}],"event_choices":[{"cards_removed":["Strike_B"],"damage_healed":0.0,"max_hp_gain":0.0,"max_hp_loss":0.0,"gold_gain":0.0,"event_name":"Golden Wing","player_choice":"Card Removal","floor":7.0,"gold_loss":0.0,"damage_taken":7.0},{"damage_healed":0.0,"max_hp_gain":0.0,"max_hp_loss":0.0,"gold_gain":0.0,"event_name":"Living Wall","player_choice":"Grow","floor":11.0,"gold_loss":0.0,"damage_taken":0.0,"cards_upgraded":["Defragment"]},{"cards_removed":["Defend_B"],"damage_healed":0.0,"max_hp_gain":0.0,"max_hp_loss":0.0,"gold_gain":0.0,"event_name":"Back to Basics","player_choice":"Elegance","floor":22.0,"gold_loss":0.0,"damage_taken":0.0},{"cards_removed":["Strike_B"],"damage_healed":0.0,"max_hp_gain":0.0,"max_hp_loss":0.0,"gold_gain":0.0,"event_name":"Beggar","player_choice":"Gave Gold","floor":29.0,"gold_loss":75.0,"damage_taken":0.0},{"damage_healed":0,"gold_gain":0,"player_choice":"Fight","damage_taken":0,"max_hp_gain":0,"max_hp_loss":0,"event_name":"MindBloom","floor":37,"gold_loss":0},{"damage_healed":0,"gold_gain":0,"player_choice":"Memory 1","damage_taken":0,"max_hp_gain":0,"max_hp_loss":0,"event_name":"SensoryStone","floor":46,"gold_loss":0}],"is_beta":false,"boss_relics":[{"not_picked":["Empty Cage","Runic Dome"],"picked":"FrozenCore"},{"not_picked":["White Beast Statue","Lizard Tail"],"picked":"Philosopher\u0027s Stone"}],"items_purged_floors":[5,20,48,53],"is_endless":false,"potions_floor_spawned":[4,8,16,18,24,28,30,31,36,40,42],"killed_by":"The Heart","ascension_level":12}