{"gold_per_floor":[110,124,124,124,140,474,38,38,83,83,114,114,132,163,163,261,311,322,20,30,30,30,30,59,59,59,73,86,86,15,15,15,110,110,126,126,126,126,226,241,241,0,23,23,23,53,69,69],"floor_reached":48,"playtime":1695,"items_purged":[],"score":568,"play_id":"a8218605-8c1a-4f25-8179-d76185c8fd4b","local_time":"20181228234252","is_ascension_mode":true,"campfire_choices":[{"data":"Hologram","floor":8,"key":"SMITH"},{"data":"Glacier","floor":10,"key":"SMITH"},{"floor":12,"key":"REST"},{"data":"Loop","floor":15,"key":"SMITH"},{"data":"Electrodynamics","floor":23,"key":"SMITH"},{"floor":25,"key":"REST"},{"floor":32,"key":"REST"},{"floor":41,"key":"REST"},{"floor":45,"key":"REST"}],"neow_cost":"NONE","seed_source_timestamp":3417966675516,"circlet_count":0,"master_deck":["Zap+1","Dualcast","Conserve Battery","Redo","Glacier+1","Hologram+1","Zap+1","Flash of Steel","Cold Snap+1","Rip and Tear","Loop+1","Electrodynamics+1","FTL","Skim","Sunder","Consume+1","Anger","Double Energy","Conserve Battery+1","Deadly Poison","Consume","Double Tap","Lockon","Blizzard","Ball Lightning","Hyperbeam","Rebound","Glacier","Cloak And Dagger+1","Ball Lightning+1","Deflect+1","Escape Plan"],"relics":["Cracked Core","Art of War","Old Coin","DataDisk","DollysMirror","Vajra","Juzu Bracelet","Bag of Marbles","Tiny House","PrismaticShard","Boot","PreservedInsect","NlothsMask","Pandora\u0027s Box","StoneCalendar","Red Mask","Letter Opener"],"potions_floor_usage":[6,11,14,16,33,39,39,39,46,48],"damage_taken":[{"damage":6,"enemies":"Jaw Worm","floor":1,"turns":3},{"damage":0,"enemies":"2 Louse","floor":2,"turns":2},{"damage":0,"enemies":"Cultist","floor":5,"turns":4},{"damage":2,"enemies":"Lagavulin","floor":6,"turns":11},{"damage":4,"enemies":"Gremlin Nob","floor":11,"turns":4},{"damage":0,"enemies":"Looter","floor":13,"turns":3},{"damage":0,"enemies":"3 Sentries","floor":14,"turns":6},{"damage":21,"enemies":"The Guardian","floor":16,"turns":9},{"damage":10,"enemies":"Chosen","floor":18,"turns":3},{"damage":12,"enemies":"2 Thieves","floor":20,"turns":4},{"damage":19,"enemies":"Slavers","floor":24,"turns":3},{"damage":19,"enemies":"Shelled Parasite and Fungi","floor":27,"turns":5},{"damage":21,"enemies":"Snake Plant","floor":28,"turns":3},{"damage":26,"enemies":"Automaton","floor":33,"turns":8},{"damage":32,"enemies":"3 Darklings","floor":35,"turns":6},{"damage":10,"enemies":"Mind Bloom Boss Battle","floor":39,"turns":5},{"damage":22,"enemies":"3 Shapes","floor":40,"turns":3},{"damage":26,"enemies":"Nemesis","floor":46,"turns":5},{"damage":0,"enemies":"3 Darklings","floor":47,"turns":2},{"damage":64,"enemies":"Writhing Mass","floor":48,"turns":4}],"seed_played":"-1572072727129818197","potions_obtained":[{"floor":5,"key":"EssenceOfSteel"},{"floor":6,"key":"LiquidBronze"},{"floor":13,"key":"Fire Potion"},{"floor":14,"key":"GamblersBrew"},{"floor":17,"key":"SpeedPotion"},{"floor":18,"key":"Strength Potion"},{"floor":27,"key":"Poison Potion"},{"floor":38,"key":"FearPotion"},{"floor":40,"key":"Swift Potion"},{"floor":47,"key":"Explosive Potion"}],"is_trial":false,"path_per_floor":["M","M","?","?","M","E","$","R","T","R","E","R","M","E","R","B",null,"M","$","M","?","?","R","E","R","T","M","M","?","$","?","R","B",null,"M","?","?","?","?","M","R","?","T","?","R","E","M","M"],"character_chosen":"DEFECT","items_purchased":["DataDisk","DollysMirror","Flash of Steel","PrismaticShard","Sunder","Consume","Consume"],"campfire_rested":5,"item_purchase_floors":[7,7,7,19,19,19,30],"current_hp_per_floor":[76,76,76,69,69,67,67,67,67,67,63,82,82,82,82,61,87,77,77,65,65,65,65,46,72,72,53,32,32,32,32,58,32,87,55,55,55,55,45,23,47,47,47,47,71,45,45,0],"gold":69,"neow_bonus":"TEN_PERCENT_HP_BONUS","is_prod":false,"is_daily":false,"chose_seed":false,"campfire_upgraded":4,"win_rate":0,"timestamp":1546069372,"path_taken":["M","M","?","?","M","E","$","R","T","R","E","R","M","E","R","BOSS","M","$","M","?","?","R","E","R","T","M","M","?","$","?","R","BOSS","M","?","?","?","?","M","R","?","T","?","R","E","M","M"],"build_version":"2018-12-20","purchased_purges":0,"victory":false,"max_hp_per_floor":[82,82,82,82,82,82,82,82,82,82,82,82,82,82,82,82,87,87,87,87,87,87,87,87,87,87,87,87,87,87,87,87,87,87,87,83,83,83,83,83,83,83,83,83,83,83,83,83],"card_choices":[{"not_picked":["Gash","Compile Driver"],"picked":"Conserve Battery","floor":1},{"not_picked":["Force Field","White Noise"],"picked":"Redo","floor":2},{"not_picked":["Ball Lightning","Fusion"],"picked":"Glacier","floor":5},{"not_picked":["Steam","Sweeping Beam"],"picked":"Hologram","floor":6},{"not_picked":["Beam Cell","Reprogram"],"picked":"Cold Snap","floor":11},{"not_picked":["Gash","Streamline"],"picked":"Rip and Tear","floor":13},{"not_picked":["Go for the Eyes","Recycle"],"picked":"Loop","floor":14},{"not_picked":["Hyperbeam","Thunder Strike"],"picked":"Electrodynamics","floor":16},{"not_picked":["Sweeping Beam","Beam Cell"],"picked":"FTL","floor":17},{"not_picked":["Stack","Redo+1"],"picked":"Skim","floor":18},{"not_picked":["Turbo","Rupture+1"],"picked":"Anger","floor":20},{"not_picked":["Unload","Prepared"],"picked":"Double Energy","floor":24},{"not_picked":["Underhanded Strike","Redo"],"picked":"Conserve Battery+1","floor":27},{"not_picked":["Pommel Strike","Capacitor+1"],"picked":"Deadly Poison","floor":28},{"not_picked":["Magnetism","Fission"],"picked":"Double Tap","floor":33},{"not_picked":["Dagger Throw+1","Flame Barrier","Compile Driver+1"],"picked":"SKIP","floor":35},{"not_picked":["Cold Snap","Sweeping Beam"],"picked":"Cloak And Dagger+1","floor":39},{"not_picked":["Headbutt+1","Thunderclap"],"picked":"Ball Lightning+1","floor":40},{"not_picked":["Backstab","Coolheaded+1"],"picked":"Deflect+1","floor":46},{"not_picked":["Perfected Strike","Hyperbeam"],"picked":"Escape Plan","floor":47}],"player_experience":317980,"relics_obtained":[{"floor":6,"key":"Old Coin"},{"floor":9,"key":"Vajra"},{"floor":11,"key":"Juzu Bracelet"},{"floor":14,"key":"Bag of Marbles"},{"floor":24,"key":"Boot"},{"floor":26,"key":"PreservedInsect"},{"floor":39,"key":"StoneCalendar"},{"floor":46,"key":"Letter Opener"}],"event_choices":[{"damage_healed":0,"gold_gain":0,"player_choice":"Grow","damage_taken":0,"max_hp_gain":0,"max_hp_loss":0,"event_name":"Living Wall","floor":3,"gold_loss":0,"cards_upgraded":["Zap"]},{"damage_healed":0,"gold_gain":0,"player_choice":"Success","damage_taken":7,"relics_obtained":["Art of War"],"max_hp_gain":0,"max_hp_loss":0,"event_name":"Scrap Ooze","floor":4,"gold_loss":0},{"damage_healed":0,"gold_gain":0,"player_choice":"Forge","damage_taken":0,"max_hp_gain":0,"max_hp_loss":0,"event_name":"Accursed Blacksmith","floor":21,"gold_loss":0,"cards_upgraded":["Consume"]},{"damage_healed":0,"gold_gain":0,"player_choice":"Ignored","damage_taken":0,"max_hp_gain":0,"max_hp_loss":0,"event_name":"Beggar","floor":22,"gold_loss":0},{"damage_healed":0,"gold_gain":0,"player_choice":"Trade","damage_taken":0,"relics_obtained":["NlothsMask"],"max_hp_gain":0,"max_hp_loss":0,"event_name":"FaceTrader","floor":29,"gold_loss":0},{"cards_removed":["Strike_B"],"damage_healed":0,"gold_gain":0,"player_choice":"Offered Basic","damage_taken":0,"max_hp_gain":0,"max_hp_loss":0,"event_name":"Bonfire Elementals","floor":31,"gold_loss":0},{"damage_healed":0,"gold_gain":0,"player_choice":"Max HP","damage_taken":0,"max_hp_gain":0,"max_hp_loss":4,"event_name":"Winding Halls","floor":36,"gold_loss":0},{"cards_removed":["Machine Learning"],"damage_healed":0,"gold_gain":0,"player_choice":"Removed Power","damage_taken":0,"max_hp_gain":0,"max_hp_loss":0,"event_name":"Falling","floor":37,"gold_loss":0},{"damage_healed":0,"gold_gain":0,"player_choice":"Got Potions","damage_taken":0,"max_hp_gain":0,"max_hp_loss":0,"event_name":"Lab","floor":38,"gold_loss":0},{"damage_healed":0,"gold_gain":0,"player_choice":"Fight","damage_taken":0,"max_hp_gain":0,"max_hp_loss":0,"event_name":"MindBloom","floor":39,"gold_loss":0},{"damage_healed":0,"gold_gain":0,"player_choice":"Paid","damage_taken":0,"relics_obtained":["Red Mask"],"max_hp_gain":0,"max_hp_loss":0,"event_name":"Tomb of Lord Red Mask","floor":42,"gold_loss":241},{"damage_healed":0,"gold_gain":0,"player_choice":"Ignored","damage_taken":0,"max_hp_gain":0,"max_hp_loss":0,"event_name":"Mysterious Sphere","floor":44,"gold_loss":0}],"is_beta":false,"boss_relics":[{"not_picked":["Eternal Feather","Astrolabe"],"picked":"Tiny House"},{"not_picked":["Runic Dome","Fusion Hammer"],"picked":"Pandora\u0027s Box"}],"items_purged_floors":[],"is_endless":false,"potions_floor_spawned":[5,6,13,14,18,27,40,47],"killed_by":"Writhing Mass","ascension_level":1}