{"gold_per_floor":[116,131,37,49,49,49,65,81,81,81,81,92,18,28,28,126,126,140,55,6,6,25,55,55],"floor_reached":24,"playtime":852,"items_purged":[],"score":208,"play_id":"bb79a71c-58d9-4e2b-9ded-557d9c1178fd","local_time":"20180906235746","is_ascension_mode":false,"campfire_choices":[{"floor":6,"key":"REST"},{"data":"Fusion","floor":11,"key":"SMITH"},{"floor":15,"key":"REST"}],"neow_cost":"NONE","seed_source_timestamp":2028811167274698,"circlet_count":0,"master_deck":["Strike_B+1","Strike_B","Strike_B","Defend_B","Defend_B","Defend_B+1","Defend_B","Zap","Dualcast","Go for the Eyes","Recycle","Tempest","Ball Lightning","Gash","FTL","Fusion+1","Steam","Gash","Sunder","Coolheaded","Multi-Cast+1","Cold Snap+1","Pain"],"relics":["Cracked Core","Whetstone","Meat on the Bone","Busted Crown","Cables","WarpedTongs","War Paint"],"potions_floor_usage":[16,16,22,23],"damage_taken":[{"damage":9,"enemies":"Small Slimes","floor":1,"turns":3},{"damage":0,"enemies":"Cultist","floor":2,"turns":3},{"damage":8,"enemies":"Jaw Worm","floor":4,"turns":2},{"damage":16,"enemies":"Exordium Thugs","floor":7,"turns":4},{"damage":0,"enemies":"Large Slime","floor":8,"turns":4},{"damage":19,"enemies":"Blue Slaver","floor":12,"turns":3},{"damage":14,"enemies":"3 Louse","floor":14,"turns":3},{"damage":47,"enemies":"The Guardian","floor":16,"turns":9},{"damage":3,"enemies":"Chosen","floor":18,"turns":4},{"damage":6,"enemies":"3 Byrds","floor":22,"turns":3},{"damage":63,"enemies":"Slavers","floor":23,"turns":6},{"damage":26,"enemies":"Shelled Parasite and Fungi","floor":24,"turns":4}],"seed_played":"-8944945468831717857","potions_obtained":[{"floor":4,"key":"GamblersBrew"},{"floor":7,"key":"PowerPotion"},{"floor":12,"key":"Explosive Potion"},{"floor":18,"key":"SmokeBomb"},{"floor":22,"key":"Ancient Potion"}],"is_trial":false,"path_per_floor":["M","M","$","M","?","R","M","M","T","?","R","M","$","M","R","B",null,"M","?","$","?","M","E"],"character_chosen":"DEFECT","items_purchased":["Tempest","Ball Lightning","Sunder","Block Potion"],"campfire_rested":2,"item_purchase_floors":[3,3,13,20],"current_hp_per_floor":[66,66,66,58,58,75,59,59,59,64,64,45,45,43,67,32,80,77,77,77,77,71,20,0],"gold":55,"neow_bonus":"RANDOM_COMMON_RELIC","is_prod":false,"is_daily":false,"chose_seed":false,"campfire_upgraded":1,"win_rate":0,"timestamp":1536303466,"path_taken":["M","M","$","M","?","R","?","M","T","?","R","M","$","M","R","BOSS","M","?","$","?","?","E","M"],"build_version":"2018-09-06","purchased_purges":0,"victory":false,"max_hp_per_floor":[75,75,75,75,75,75,75,75,75,80,80,80,80,80,80,80,80,80,80,80,80,80,80,80],"card_choices":[{"not_picked":["Sweeping Beam","Force Field"],"picked":"Go for the Eyes","floor":1},{"not_picked":["Conserve Battery","Stack"],"picked":"Recycle","floor":2},{"not_picked":["Cold Snap","Compile Driver"],"picked":"Gash","floor":4},{"not_picked":["Hologram","Rip and Tear"],"picked":"Fusion","floor":7},{"not_picked":["Barrage","White Noise"],"picked":"Steam","floor":8},{"not_picked":["Hologram","Undo"],"picked":"Gash","floor":12},{"not_picked":["Sweeping Beam","Sunder"],"picked":"Coolheaded","floor":14},{"not_picked":["Amplify","Hyperbeam"],"picked":"Multi-Cast","floor":16},{"not_picked":[],"picked":"Cold Snap+1","floor":18},{"not_picked":["Hello World"],"picked":"SKIP","floor":22},{"not_picked":["Stack+1"],"picked":"SKIP","floor":23}],"player_experience":61862,"relics_obtained":[{"floor":9,"key":"Meat on the Bone"},{"floor":23,"key":"War Paint"}],"event_choices":[{"event_name":"Transmorgrifier","player_choice":"Transform","floor":5,"damage_taken":0},{"event_name":"Big Fish","player_choice":"Donut","floor":10,"damage_taken":0},{"event_name":"Addict","player_choice":"Obtained Relic","floor":19,"damage_taken":0},{"event_name":"Accursed Blacksmith","player_choice":"Rummage","floor":21,"damage_taken":0}],"is_beta":false,"boss_relics":[{"not_picked":["Tiny House","FrozenCore"],"picked":"Busted Crown"}],"items_purged_floors":[],"is_endless":false,"potions_floor_spawned":[4,7,12,18,22],"killed_by":"Shelled Parasite and Fungi","ascension_level":0}