{"gold_per_floor":[109,184,184,203,12,12,40,40,40,50,62,93,6,21,21,100,100,116,135,135,93,18,47,65,99,123,137,15,25,41,70,70,146,146,165,180,180,180],"floor_reached":38,"playtime":2321,"items_purged":["Parasite","Strike_R"],"score":1113,"play_id":"facd4be7-6f50-41a5-8117-21234c63d917","local_time":"20190505222441","is_ascension_mode":true,"campfire_choices":[{"data":"Bash","floor":6,"key":"SMITH"},{"data":"Feel No Pain","floor":15,"key":"SMITH"},{"data":"Corruption","floor":32,"key":"SMITH"}],"neow_cost":"CURSE","seed_source_timestamp":146561903482037,"circlet_count":0,"master_deck":["AscendersBane","Bash+1","Warcry","Corruption+1","Shockwave","Anger","Second Wind","True Grit","True Grit","Feel No Pain+1","Battle Trance","Dark Embrace","Disarm","Battle Trance","Metallicize","Feel No Pain","Seeing Red","Feel No Pain","Shrug It Off","Armaments+1","Disarm","Juggernaut","True Grit","Rupture","Dark Embrace","Headbutt","Juggernaut","Double Tap","Rupture","Discovery","Bandage Up","Discovery"],"relics":["Burning Blood","Dead Branch","Boot","Pen Nib","Mummified Hand","Gambling Chip","Black Star","Enchiridion","The Courier","Meat on the Bone","Question Card","Lantern","Vajra","Ornamental Fan","Red Skull","Pandora\u0027s Box"],"potions_floor_usage":[12,23],"damage_taken":[{"damage":4,"enemies":"Small Slimes","floor":1,"turns":4},{"damage":6,"enemies":"2 Louse","floor":4,"turns":4},{"damage":42,"enemies":"Gremlin Nob","floor":7,"turns":4},{"damage":0,"enemies":"Cultist","floor":10,"turns":3},{"damage":0,"enemies":"Exordium Wildlife","floor":11,"turns":2},{"damage":0,"enemies":"Lagavulin","floor":12,"turns":3},{"damage":0,"enemies":"Red Slaver","floor":14,"turns":2},{"damage":4,"enemies":"Hexaghost","floor":16,"turns":6},{"damage":0,"enemies":"Spheric Guardian","floor":18,"turns":3},{"damage":0,"enemies":"3 Byrds","floor":19,"turns":5},{"damage":29,"enemies":"Slavers","floor":23,"turns":6},{"damage":0,"enemies":"Centurion and Healer","floor":24,"turns":5},{"damage":8,"enemies":"Gremlin Leader","floor":25,"turns":4},{"damage":3,"enemies":"Snake Plant","floor":27,"turns":2},{"damage":0,"enemies":"Shelled Parasite and Fungi","floor":29,"turns":5},{"damage":3,"enemies":"3 Cultists","floor":30,"turns":3},{"damage":3,"enemies":"Book of Stabbing","floor":31,"turns":3},{"damage":9,"enemies":"Champ","floor":33,"turns":7},{"damage":5,"enemies":"3 Shapes","floor":35,"turns":2},{"damage":14,"enemies":"3 Darklings","floor":36,"turns":3},{"damage":56,"enemies":"4 Shapes","floor":38,"turns":1}],"seed_played":"-6176762138068048278","potions_obtained":[{"floor":7,"key":"GamblersBrew"},{"floor":10,"key":"BloodPotion"},{"floor":14,"key":"Block Potion"},{"floor":27,"key":"Fire Potion"}],"is_trial":false,"path_per_floor":["M","?","?","M","$","R","E","?","T","M","M","E","$","M","R","B",null,"M","M","?","$","?","E","M","E","T","M","$","M","M","E","R","B",null,"M","M","?","M"],"character_chosen":"IRONCLAD","items_purchased":["Corruption","Shockwave","Feel No Pain","Battle Trance","Shrug It Off"],"campfire_rested":0,"item_purchase_floors":[5,5,13,21,28],"current_hp_per_floor":[70,59,59,59,59,59,23,28,28,34,40,53,53,59,59,61,69,72,72,51,51,51,28,46,44,44,47,47,53,56,59,59,56,68,69,61,51,0],"gold":180,"neow_bonus":"ONE_RARE_RELIC","is_prod":false,"is_daily":false,"chose_seed":false,"campfire_upgraded":3,"win_rate":0,"timestamp":1557120281,"path_taken":["M","?","?","?","$","R","E","?","T","M","?","E","$","M","R","BOSS","M","M","?","$","?","E","M","E","T","M","?","M","?","E","R","BOSS","M","M","?","M"],"build_version":"2019-01-23","purchased_purges":2,"victory":false,"max_hp_per_floor":[75,75,75,75,72,72,72,72,72,72,72,72,72,72,72,72,72,72,72,72,72,72,72,72,72,72,72,72,72,72,72,72,72,72,72,72,72,72],"card_choices":[{"not_picked":["Iron Wave","Thunderclap"],"picked":"Warcry","floor":1},{"not_picked":["Flex","Evolve"],"picked":"Body Slam","floor":4},{"not_picked":["Brutality","Headbutt"],"picked":"Anger","floor":7},{"not_picked":["Heavy Blade","Hemokinesis"],"picked":"Second Wind","floor":10},{"not_picked":["Body Slam","Clothesline"],"picked":"True Grit","floor":11},{"not_picked":["Sword Boomerang","Warcry"],"picked":"True Grit","floor":12},{"not_picked":["Twin Strike","Combust"],"picked":"Battle Trance","floor":14},{"not_picked":["Immolate","Exhume"],"picked":"Dark Embrace","floor":16},{"not_picked":["Iron Wave","Hemokinesis","Wild Strike"],"picked":"SKIP","floor":18},{"not_picked":["Reckless Charge","Inflame"],"picked":"Disarm","floor":19},{"not_picked":["Limit Break","Pummel"],"picked":"Metallicize","floor":23},{"not_picked":["True Grit","Anger"],"picked":"Feel No Pain","floor":24},{"not_picked":["Thunderclap","Headbutt"],"picked":"Seeing Red","floor":25},{"not_picked":["Power Through","Wild Strike","Limit Break"],"picked":"Feel No Pain","floor":27},{"not_picked":["Searing Blow","Heavy Blade","Flex+1"],"picked":"Armaments+1","floor":29},{"not_picked":["Shrug It Off","Headbutt","Havoc+1","Ghostly Armor"],"picked":"SKIP","floor":30},{"not_picked":["Metallicize","Heavy Blade","Burning Pact"],"picked":"Disarm","floor":31},{"not_picked":["Immolate","Berserk","Bludgeon"],"picked":"Juggernaut","floor":33},{"not_picked":["Perfected Strike","Sever Soul","Iron Wave","Dropkick+1"],"picked":"SKIP","floor":35},{"not_picked":["Headbutt+1","Warcry+1","Wild Strike","Juggernaut"],"picked":"SKIP","floor":36},{"not_picked":["Deep Breath","Flash of Steel","Panacea"],"picked":"Discovery","floor":37},{"not_picked":["Forethought","Panacea","Good Instincts"],"picked":"Bandage Up","floor":37},{"not_picked":["Good Instincts","Blind","Trip"],"picked":"Discovery","floor":37}],"player_experience":552311,"relics_obtained":[{"floor":3,"key":"Boot"},{"floor":7,"key":"Pen Nib"},{"floor":9,"key":"Mummified Hand"},{"floor":12,"key":"Gambling Chip"},{"floor":20,"key":"Enchiridion"},{"floor":23,"key":"The Courier"},{"floor":23,"key":"Meat on the Bone"},{"floor":25,"key":"Question Card"},{"floor":25,"key":"Lantern"},{"floor":26,"key":"Vajra"},{"floor":31,"key":"Ornamental Fan"},{"floor":31,"key":"Red Skull"}],"event_choices":[{"damage_healed":0,"gold_gain":75,"player_choice":"Gather Gold","damage_taken":11,"max_hp_gain":0,"max_hp_loss":0,"event_name":"World of Goop","floor":2,"gold_loss":0},{"damage_healed":0,"gold_gain":0,"player_choice":"Relic","damage_taken":0,"max_hp_gain":0,"max_hp_loss":0,"event_name":"Wheel of Change","floor":3,"gold_loss":0},{"cards_removed":["Body Slam"],"damage_healed":5,"gold_gain":0,"player_choice":"Offered Common","damage_taken":0,"max_hp_gain":0,"max_hp_loss":0,"event_name":"Bonfire Elementals","floor":8,"gold_loss":0},{"cards_removed":["Body Slam"],"damage_healed":5,"gold_gain":0,"player_choice":"Offered Special","damage_taken":0,"max_hp_gain":0,"max_hp_loss":0,"event_name":"Bonfire Elementals","floor":8,"gold_loss":0},{"damage_healed":0,"gold_gain":0,"player_choice":"Obtained Book","damage_taken":21,"max_hp_gain":0,"max_hp_loss":0,"event_name":"Cursed Tome","floor":20,"gold_loss":0},{"cards_removed":["Strike_R"],"damage_healed":0,"gold_gain":0,"player_choice":"Gave Gold","damage_taken":0,"max_hp_gain":0,"max_hp_loss":0,"event_name":"Beggar","floor":22,"gold_loss":75},{"damage_healed":0,"gold_gain":0,"player_choice":"Memory 3","damage_taken":10,"max_hp_gain":0,"max_hp_loss":0,"event_name":"SensoryStone","floor":37,"gold_loss":0}],"is_beta":false,"boss_relics":[{"not_picked":["White Beast Statue","Orrery"],"picked":"Black Star"},{"not_picked":["Runic Pyramid","Astrolabe"],"picked":"Pandora\u0027s Box"}],"items_purged_floors":[5,28],"is_endless":false,"potions_floor_spawned":[7,10,14,16,18,27,31,33,35],"killed_by":"4 Shapes","ascension_level":19}