{"gold_per_floor":[109,123,142,158,176,209,209,209,209,229,249,249,281,127,127,223,273,288,288,38,55,69,69,46,80,80,97,124,142,157,172,172,172],"floor_reached":33,"playtime":2001,"items_purged":[],"score":444,"play_id":"d41743eb-5cbd-4706-a9ff-63053745d861","local_time":"20190406112125","is_ascension_mode":true,"campfire_choices":[{"data":"Bash","floor":7,"key":"SMITH"},{"data":"Pommel Strike","floor":12,"key":"SMITH"},{"data":"Perfected Strike","floor":15,"key":"SMITH"},{"data":"True Grit","floor":23,"key":"SMITH"},{"floor":32,"key":"REST"}],"neow_cost":"NONE","seed_source_timestamp":9981060739175,"circlet_count":0,"master_deck":["Strike_R","Strike_R","Strike_R","Strike_R+1","Defend_R","Defend_R","Defend_R","Bash+1","Perfected Strike+1","Twin Strike","Pommel Strike+1","Power Through","Ghostly Armor+1","Feed","Infernal Blade+1","Warcry","Burning Pact","Immolate","True Grit+1","Pommel Strike+1","Pommel Strike+1","Dropkick+1","Perfected Strike","Thunderclap+1","Flex+1","Perfected Strike","Second Wind"],"relics":["Burning Blood","PreservedInsect","Regal Pillow","Smiling Mask","War Paint","Bronze Scales","Tiny House","Pear","Meat on the Bone","Self Forming Clay","Vajra"],"potions_floor_usage":[10,13,16,18,21,27,30,33],"damage_taken":[{"damage":1,"enemies":"Cultist","floor":1,"turns":3},{"damage":0,"enemies":"Small Slimes","floor":2,"turns":2},{"damage":7,"enemies":"Jaw Worm","floor":3,"turns":2},{"damage":6,"enemies":"Exordium Thugs","floor":4,"turns":3},{"damage":9,"enemies":"Lots of Slimes","floor":5,"turns":5},{"damage":30,"enemies":"3 Sentries","floor":6,"turns":12},{"damage":0,"enemies":"Looter","floor":10,"turns":2},{"damage":5,"enemies":"Exordium Wildlife","floor":11,"turns":3},{"damage":10,"enemies":"Lagavulin","floor":13,"turns":4},{"damage":45,"enemies":"Hexaghost","floor":16,"turns":8},{"damage":14,"enemies":"Shell Parasite","floor":18,"turns":3},{"damage":15,"enemies":"3 Byrds","floor":21,"turns":4},{"damage":11,"enemies":"Snake Plant","floor":22,"turns":3},{"damage":27,"enemies":"Gremlin Leader","floor":25,"turns":4},{"damage":11,"enemies":"Centurion and Healer","floor":27,"turns":4},{"damage":21,"enemies":"Slavers","floor":28,"turns":4},{"damage":12,"enemies":"Cultist and Chosen","floor":29,"turns":4},{"damage":0,"enemies":"Snake Plant","floor":30,"turns":1},{"damage":23,"enemies":"Centurion and Healer","floor":31,"turns":3},{"damage":155,"enemies":"Champ","floor":33,"turns":10}],"seed_played":"5088759250591830052","potions_obtained":[{"floor":5,"key":"Block Potion"},{"floor":6,"key":"SteroidPotion"},{"floor":11,"key":"SkillPotion"},{"floor":13,"key":"BloodPotion"},{"floor":17,"key":"AttackPotion"},{"floor":18,"key":"Swift Potion"},{"floor":22,"key":"Block Potion"},{"floor":28,"key":"AttackPotion"},{"floor":31,"key":"FairyPotion"}],"is_trial":false,"path_per_floor":["M","M","M","M","M","E","R","?","T","M","M","R","E","$","R","B",null,"M","?","$","M","M","R","$","E","T","M","E","M","M","M","R","B"],"character_chosen":"IRONCLAD","items_purchased":["Bronze Scales","Pear","Perfected Strike"],"campfire_rested":1,"item_purchase_floors":[14,20,24],"current_hp_per_floor":[77,80,79,79,76,52,52,52,52,58,62,62,58,58,58,22,75,67,67,77,71,69,69,69,51,51,61,61,70,76,74,122,0],"gold":172,"neow_bonus":"RANDOM_COMMON_RELIC","is_prod":false,"is_daily":false,"chose_seed":false,"campfire_upgraded":4,"win_rate":0,"timestamp":1554517285,"path_taken":["M","?","M","M","M","E","R","?","T","?","M","R","E","$","R","BOSS","M","?","$","M","M","R","?","E","T","M","E","?","M","M","R","BOSS"],"build_version":"2019-01-23","purchased_purges":0,"victory":false,"max_hp_per_floor":[80,80,80,80,80,80,80,80,80,80,83,83,83,83,83,86,91,91,91,101,104,107,107,107,110,110,113,116,119,119,122,122,122],"card_choices":[{"not_picked":["Twin Strike","True Grit"],"picked":"Perfected Strike","floor":1},{"not_picked":["Blood for Blood","Clash"],"picked":"Twin Strike","floor":2},{"not_picked":["Havoc","Searing Blow"],"picked":"Pommel Strike","floor":3},{"not_picked":["Sword Boomerang","True Grit"],"picked":"Power Through","floor":4},{"not_picked":["Armaments","Havoc"],"picked":"Ghostly Armor","floor":5},{"not_picked":["Headbutt","Twin Strike"],"picked":"Feed","floor":6},{"not_picked":["Cleave","Wild Strike"],"picked":"Warcry","floor":10},{"not_picked":["Sword Boomerang","Wild Strike"],"picked":"Burning Pact","floor":11},{"not_picked":["Corruption","Rampage","Dropkick"],"picked":"SKIP","floor":13},{"not_picked":["Fiend Fire","Reaper"],"picked":"Immolate","floor":16},{"not_picked":["Thunderclap","Anger"],"picked":"True Grit","floor":17},{"not_picked":["Body Slam","Sword Boomerang"],"picked":"Pommel Strike+1","floor":18},{"not_picked":["Sentinel","Iron Wave"],"picked":"Pommel Strike+1","floor":21},{"not_picked":["Wild Strike","True Grit"],"picked":"Dropkick+1","floor":22},{"not_picked":["Inflame","Corruption","Rupture"],"picked":"SKIP","floor":25},{"not_picked":["Sword Boomerang+1","Shockwave"],"picked":"Thunderclap+1","floor":27},{"not_picked":["Sword Boomerang","Reaper"],"picked":"Flex+1","floor":28},{"not_picked":["Burning Pact+1","Anger"],"picked":"Perfected Strike","floor":29},{"not_picked":["Uppercut","Sentinel+1"],"picked":"Second Wind","floor":30},{"not_picked":["Entrench","Sword Boomerang","Anger"],"picked":"SKIP","floor":31}],"player_experience":259936,"relics_obtained":[{"floor":6,"key":"Regal Pillow"},{"floor":9,"key":"Smiling Mask"},{"floor":13,"key":"War Paint"},{"floor":25,"key":"Meat on the Bone"},{"floor":26,"key":"Self Forming Clay"},{"floor":28,"key":"Vajra"}],"event_choices":[{"damage_healed":0,"gold_gain":0,"cards_transformed":["Defend_R"],"player_choice":"Transformed","damage_taken":0,"max_hp_gain":0,"max_hp_loss":0,"event_name":"Transmorgrifier","floor":8,"gold_loss":0,"cards_obtained":["Infernal Blade"]},{"cards_removed":["Strike_R"],"damage_healed":0,"gold_gain":0,"player_choice":"Purged","damage_taken":0,"max_hp_gain":0,"max_hp_loss":0,"event_name":"Purifier","floor":19,"gold_loss":0}],"is_beta":false,"boss_relics":[{"not_picked":["Ectoplasm","Empty Cage"],"picked":"Tiny House"}],"items_purged_floors":[],"is_endless":false,"potions_floor_spawned":[5,6,11,13,18,22,28,31],"killed_by":"Champ","ascension_level":6}