{"gold_per_floor":[119,138,155,76,76,116,66,66,91,91,91,91,129,152,152,281,281,294,219,235,250,150,188,188,188,188,221,252,252,252,295,295,418,418,436,436,436,460,518,551,551,575,575,164,164,164,59,82,82,82],"floor_reached":51,"playtime":1811,"items_purged":["Defend_R","Defend_R","Anger+1"],"score":787,"play_id":"57d2518e-6984-4892-864c-3b9b310bd6a8","local_time":"20180905164236","is_ascension_mode":false,"campfire_choices":[{"data":"Bash","floor":8,"key":"SMITH"},{"data":"Shockwave","floor":11,"key":"SMITH"},{"data":"Anger","floor":15,"key":"SMITH"},{"floor":29,"key":"REST"},{"floor":32,"key":"REST"},{"floor":46,"key":"REST"},{"floor":49,"key":"REST"}],"neow_cost":"PERCENT_DAMAGE","seed_source_timestamp":244501882406530,"circlet_count":0,"master_deck":["Defend_R+1","Defend_R+1","Bash+1","Dropkick","Clothesline+1","Whirlwind","Dropkick+1","Shrug It Off","Shockwave+1","Inflame","Demon Form+1","Dropkick+1","Madness","Madness"],"relics":["Burning Blood","Golden Idol","War Paint","Omamori","Pen Nib","Fusion Hammer","Self Forming Clay","Pear","Red Mask","Whetstone","NlothsMask","Strawberry","Busted Crown","Turnip","Juzu Bracelet","Thread and Needle"],"potions_floor_usage":[3,6,13,33,39,39,40,50,50,50,50],"damage_taken":[{"damage":0,"enemies":"Cultist","floor":1,"turns":3},{"damage":0,"enemies":"2 Louse","floor":2,"turns":1},{"damage":0,"enemies":"Small Slimes","floor":3,"turns":2},{"damage":16,"enemies":"Lagavulin","floor":6,"turns":7},{"damage":2,"enemies":"3 Sentries","floor":13,"turns":5},{"damage":5,"enemies":"3 Louse","floor":14,"turns":3},{"damage":2,"enemies":"Hexaghost","floor":16,"turns":7},{"damage":20,"enemies":"2 Thieves","floor":18,"turns":2},{"damage":0,"enemies":"3 Byrds","floor":20,"turns":4},{"damage":15,"enemies":"Snake Plant","floor":21,"turns":3},{"damage":0,"enemies":"Gremlin Leader","floor":23,"turns":4},{"damage":18,"enemies":"Masked Bandits","floor":27,"turns":3},{"damage":31,"enemies":"Slavers","floor":28,"turns":6},{"damage":4,"enemies":"Book of Stabbing","floor":31,"turns":4},{"damage":28,"enemies":"Collector","floor":33,"turns":4},{"damage":6,"enemies":"3 Shapes","floor":35,"turns":3},{"damage":4,"enemies":"3 Darklings","floor":38,"turns":3},{"damage":33,"enemies":"Mysterious Sphere","floor":39,"turns":4},{"damage":31,"enemies":"2 Orb Walkers","floor":40,"turns":4},{"damage":15,"enemies":"Maw","floor":42,"turns":5},{"damage":0,"enemies":"Transient","floor":48,"turns":5},{"damage":9,"enemies":"Awakened One","floor":50,"turns":7}],"seed_played":"-4567339192860726927","potions_obtained":[{"floor":1,"key":"SteroidPotion"},{"floor":2,"key":"Explosive Potion"},{"floor":3,"key":"Fire Potion"},{"floor":20,"key":"BloodPotion"},{"floor":27,"key":"GamblersBrew"},{"floor":31,"key":"Regen Potion"},{"floor":33,"key":"Strength Potion"},{"floor":35,"key":"GamblersBrew"}],"is_trial":false,"path_per_floor":["M","M","M","$","?","E","?","R","T","?","R","?","E","M","R","B",null,"M","$","M","M","$","E","?","$","T","?","E","R","?","E","R","B",null,"M","?","$","M","?","E","?","M","T","$","?","R","$","M","R","B"],"character_chosen":"IRONCLAD","items_purchased":["Shockwave","Thread and Needle","EntropicBrew"],"campfire_rested":4,"item_purchase_floors":[4,44,47],"current_hp_per_floor":[62,68,74,74,54,44,44,44,44,44,44,44,48,49,49,53,80,66,66,72,63,63,69,69,69,79,67,42,69,69,78,97,75,97,97,85,85,87,65,40,40,31,31,31,31,60,60,66,95,92],"gold":82,"neow_bonus":"TRANSFORM_TWO_CARDS","is_prod":false,"is_daily":false,"chose_seed":false,"campfire_upgraded":3,"win_rate":0,"timestamp":1536190956,"path_taken":["M","M","M","$","?","E","?","R","T","?","R","?","E","M","R","BOSS","M","$","M","M","$","E","?","?","T","?","E","R","?","E","R","BOSS","M","?","$","M","?","E","?","M","T","?","?","R","$","M","R","BOSS"],"build_version":"2018-08-30","purchased_purges":3,"victory":true,"max_hp_per_floor":[80,80,80,80,80,80,80,80,80,80,80,80,80,80,80,80,80,80,80,80,80,80,80,80,80,90,90,90,90,90,97,97,97,97,97,97,97,97,97,97,97,97,97,97,97,97,97,97,97,97],"card_choices":[{"not_picked":["Pommel Strike","Flame Barrier"],"picked":"Whirlwind","floor":1},{"not_picked":["Body Slam","Twin Strike"],"picked":"Dropkick","floor":2},{"not_picked":["Armaments","True Grit"],"picked":"Shrug It Off","floor":3},{"not_picked":["Second Wind","Bloodletting","Rampage"],"picked":"SKIP","floor":6},{"not_picked":["Flex","Warcry"],"picked":"Inflame","floor":13},{"not_picked":["Sever Soul","Body Slam"],"picked":"Inflame","floor":14},{"not_picked":["Impervious","Fiend Fire"],"picked":"Demon Form","floor":16},{"not_picked":["Sever Soul","Uppercut","Flex+1"],"picked":"SKIP","floor":18},{"not_picked":["Warcry","Cleave+1","Pommel Strike"],"picked":"SKIP","floor":20},{"not_picked":["True Grit","Wild Strike","Anger"],"picked":"SKIP","floor":21},{"not_picked":["Searing Blow","Berserk","Flex+1"],"picked":"SKIP","floor":23},{"not_picked":["Havoc","Feel No Pain"],"picked":"Dropkick+1","floor":27},{"not_picked":["Sword Boomerang","Clothesline","Iron Wave"],"picked":"SKIP","floor":28},{"not_picked":["Armaments","Hemokinesis","Juggernaut"],"picked":"SKIP","floor":31},{"not_picked":["Iron Wave+1"],"picked":"SKIP","floor":35},{"not_picked":["Flex+1"],"picked":"SKIP","floor":38},{"not_picked":["Spot Weakness+1"],"picked":"SKIP","floor":40},{"not_picked":["Intimidate"],"picked":"SKIP","floor":42},{"not_picked":["Heavy Blade+1"],"picked":"SKIP","floor":48}],"player_experience":176939,"relics_obtained":[{"floor":6,"key":"War Paint"},{"floor":9,"key":"Omamori"},{"floor":13,"key":"Pen Nib"},{"floor":23,"key":"Self Forming Clay"},{"floor":26,"key":"Pear"},{"floor":27,"key":"Red Mask"},{"floor":28,"key":"Whetstone"},{"floor":31,"key":"Strawberry"},{"floor":39,"key":"Turnip"},{"floor":40,"key":"Juzu Bracelet"}],"event_choices":[{"event_name":"Golden Idol","player_choice":"Take Damage","floor":5,"damage_taken":0},{"event_name":"The Cleric","player_choice":"Card Removal","floor":7,"damage_taken":0},{"event_name":"Purifier","player_choice":"One Purge","floor":10,"damage_taken":0},{"event_name":"Transmorgrifier","player_choice":"Transform","floor":12,"damage_taken":0},{"event_name":"Vampires","player_choice":"Ignored","floor":24,"damage_taken":0},{"event_name":"Masked Bandits","player_choice":"Fought Bandits","floor":27,"damage_taken":0},{"event_name":"FaceTrader","player_choice":"Trade","floor":30,"damage_taken":0},{"event_name":"Winding Halls","player_choice":"Embrace Madness","floor":36,"damage_taken":0},{"event_name":"Mysterious Sphere","player_choice":"Fight","floor":39,"damage_taken":0},{"event_name":"Accursed Blacksmith","player_choice":"Forge","floor":41,"damage_taken":0},{"event_name":"Falling","player_choice":"Removed Power","floor":45,"damage_taken":0}],"is_beta":false,"boss_relics":[{"not_picked":["Runic Dome","Astrolabe"],"picked":"Fusion Hammer"},{"not_picked":["Runic Pyramid","Black Blood"],"picked":"Busted Crown"}],"items_purged_floors":[19,22,44],"is_endless":false,"potions_floor_spawned":[1,2,3,20,27,31,33,35],"ascension_level":0}