{"gold_per_floor":[117,42,60,60,10,10,10,24,24,199,233,233,247,264,264,361,361,378,408,508,525,539,569,569,602,602,602,612,612,316,332,332,429,429,442,442,542,552,155,181,56,56,56,73,73,89,89,105,105,105],"floor_reached":50,"playtime":2689,"items_purged":["Strike_G","Strike_G","Doubt"],"score":672,"play_id":"847d515b-372b-4ca3-b329-14bd367dba35","local_time":"20181207191157","is_ascension_mode":true,"campfire_choices":[{"data":"Crippling Poison","floor":6,"key":"SMITH"},{"data":"Catalyst","floor":15,"key":"SMITH"},{"floor":24,"key":"REST"},{"data":"Burst","floor":27,"key":"SMITH"},{"data":"Deadly Poison","floor":29,"key":"SMITH"},{"data":"Noxious Fumes","floor":32,"key":"SMITH"},{"data":"Night Terror","floor":45,"key":"SMITH"},{"floor":49,"key":"REST"}],"neow_cost":"NONE","seed_source_timestamp":331283192503977,"circlet_count":0,"master_deck":["Defend_G","Defend_G","Defend_G","Defend_G","Defend_G","Strike_G","Strike_G","Survivor","Neutralize","Crippling Poison+1","Deadly Poison+1","Backstab+1","Catalyst+1","Burst+1","PiercingWail+1","Deadly Poison+1","Noxious Fumes+1","Poisoned Stab+1","Night Terror+1","Footwork+1","Bouncing Flask"],"relics":["Ring of the Snake","Molten Egg 2","Thread and Needle","Dream Catcher","Anchor","Lizard Tail","Red Mask","Letter Opener","Calipers","Darkstone Periapt","Regal Pillow","Runic Pyramid","Tingsha","Ice Cream","Bag of Preparation","Lantern","Ornamental Fan"],"potions_floor_usage":[11,16,18,19,21,28,37,37,50,50],"damage_taken":[{"damage":4,"enemies":"Small Slimes","floor":1,"turns":4},{"damage":11,"enemies":"Jaw Worm","floor":3,"turns":7},{"damage":1,"enemies":"2 Louse","floor":8,"turns":2},{"damage":14,"enemies":"Lagavulin","floor":11,"turns":7},{"damage":0,"enemies":"Exordium Wildlife","floor":13,"turns":3},{"damage":0,"enemies":"Red Slaver","floor":14,"turns":2},{"damage":5,"enemies":"The Guardian","floor":16,"turns":8},{"damage":13,"enemies":"Spheric Guardian","floor":18,"turns":6},{"damage":3,"enemies":"Masked Bandits","floor":19,"turns":3},{"damage":1,"enemies":"3 Byrds","floor":21,"turns":4},{"damage":7,"enemies":"Snecko","floor":22,"turns":4},{"damage":57,"enemies":"Slavers","floor":23,"turns":9},{"damage":0,"enemies":"Gremlin Leader","floor":25,"turns":5},{"damage":12,"enemies":"Snake Plant","floor":28,"turns":3},{"damage":3,"enemies":"Cultist and Chosen","floor":31,"turns":4},{"damage":31,"enemies":"Champ","floor":33,"turns":8},{"damage":1,"enemies":"Orb Walker","floor":35,"turns":4},{"damage":5,"enemies":"Mind Bloom Boss Battle","floor":37,"turns":5},{"damage":20,"enemies":"3 Darklings","floor":38,"turns":4},{"damage":5,"enemies":"Giant Head","floor":40,"turns":4},{"damage":6,"enemies":"Spire Growth","floor":44,"turns":4},{"damage":16,"enemies":"Jaw Worm Horde","floor":46,"turns":5},{"damage":20,"enemies":"Maw","floor":48,"turns":5},{"damage":54,"enemies":"Awakened One","floor":50,"turns":9}],"seed_played":"6295264234652921867","potions_obtained":[{"floor":8,"key":"SkillPotion"},{"floor":14,"key":"Regen Potion"},{"floor":16,"key":"EssenceOfSteel"},{"floor":18,"key":"Weak Potion"},{"floor":19,"key":"GamblersBrew"},{"floor":25,"key":"Dexterity Potion"},{"floor":33,"key":"SteroidPotion"},{"floor":35,"key":"LiquidBronze"},{"floor":40,"key":"FearPotion"},{"floor":44,"key":"LiquidBronze"},{"floor":48,"key":"LiquidBronze"}],"is_trial":false,"path_per_floor":["M","$","M","?","?","R","$","M","T","?","E","T","M","M","R","B",null,"M","?","?","M","M","E","R","E","T","R","M","R","$","M","R","B",null,"M","?","?","M","$","E","$","?","T","M","R","M","T","M","R","B"],"character_chosen":"THE_SILENT","items_purchased":["Crippling Poison","Regal Pillow","Noxious Fumes","Ice Cream"],"campfire_rested":2,"item_purchase_floors":[2,30,30,39],"current_hp_per_floor":[73,73,62,59,59,59,59,58,58,58,44,44,44,44,44,54,77,64,61,61,60,53,36,59,59,59,59,47,47,47,44,44,13,77,76,73,68,48,48,43,43,43,43,37,37,21,21,1,37,0],"gold":105,"neow_bonus":"TEN_PERCENT_HP_BONUS","is_prod":false,"is_daily":false,"chose_seed":false,"campfire_upgraded":6,"win_rate":0,"timestamp":1544206317,"path_taken":["M","$","M","?","?","R","$","M","T","?","E","?","?","M","R","BOSS","M","?","?","M","M","E","R","E","T","R","M","R","$","?","R","BOSS","M","?","?","?","?","E","$","?","T","M","R","M","?","M","R","BOSS"],"build_version":"2018-12-06","purchased_purges":3,"victory":false,"max_hp_per_floor":[77,77,77,77,77,77,77,77,77,77,77,77,77,77,77,77,77,77,77,77,77,77,77,77,77,77,77,77,77,77,77,77,77,77,77,73,73,73,73,73,73,73,73,73,73,73,73,73,73,73],"card_choices":[{"not_picked":["Deflect","Finisher","Sucker Punch"],"picked":"SKIP","floor":1},{"not_picked":["Dodge and Roll","Cloak And Dagger"],"picked":"Deadly Poison","floor":3},{"not_picked":["Expertise","Underhanded Strike+1","Prepared"],"picked":"SKIP","floor":8},{"not_picked":["Sucker Punch+1","Quick Slash+1"],"picked":"Backstab+1","floor":11},{"not_picked":["Outmaneuver","Acrobatics"],"picked":"Catalyst","floor":13},{"not_picked":["Dodge and Roll","Eviscerate+1","Bane+1"],"picked":"SKIP","floor":14},{"not_picked":["Bullet Time","Corpse Explosion"],"picked":"Burst","floor":16},{"not_picked":["Cloak And Dagger","Prepared","Bane+1"],"picked":"SKIP","floor":18},{"not_picked":["Underhanded Strike+1","Prepared","Crippling Poison"],"picked":"SKIP","floor":21},{"not_picked":["Dagger Spray+1","Underhanded Strike+1","Tactician+1"],"picked":"SKIP","floor":22},{"not_picked":["Distraction+1","Outmaneuver"],"picked":"PiercingWail+1","floor":23},{"not_picked":["Flechettes+1","Prepared"],"picked":"Deadly Poison+1","floor":25},{"not_picked":["Accuracy","Predator+1","Concentrate"],"picked":"SKIP","floor":28},{"not_picked":["PiercingWail","Expertise"],"picked":"Poisoned Stab+1","floor":31},{"not_picked":["Storm of Steel","Burst"],"picked":"Night Terror","floor":33},{"not_picked":["Bane+1","Cloak And Dagger+1"],"picked":"Footwork+1","floor":35},{"not_picked":["Deflect+1","Flying Knee+1","Blade Dance+1"],"picked":"SKIP","floor":38},{"not_picked":["Riddle With Holes+1","Predator+1"],"picked":"Bouncing Flask","floor":40},{"not_picked":["Slice+1","Poisoned Stab+1","Outmaneuver"],"picked":"SKIP","floor":44},{"not_picked":["Backflip+1","Terror+1","Caltrops"],"picked":"SKIP","floor":46},{"not_picked":["Dagger Spray+1","Bane+1","Distraction"],"picked":"SKIP","floor":48}],"player_experience":378544,"relics_obtained":[{"floor":9,"key":"Thread and Needle"},{"floor":11,"key":"Dream Catcher"},{"floor":12,"key":"Anchor"},{"floor":19,"key":"Red Mask"},{"floor":23,"key":"Letter Opener"},{"floor":25,"key":"Calipers"},{"floor":26,"key":"Darkstone Periapt"},{"floor":37,"key":"Tingsha"},{"floor":40,"key":"Bag of Preparation"},{"floor":43,"key":"Lantern"},{"floor":47,"key":"Ornamental Fan"}],"event_choices":[{"damage_healed":0,"gold_gain":0,"player_choice":"Success","damage_taken":3,"relics_obtained":["Molten Egg 2"],"max_hp_gain":0,"max_hp_loss":0,"event_name":"Scrap Ooze","floor":4,"gold_loss":0},{"cards_removed":["Strike_G"],"damage_healed":0,"gold_gain":0,"player_choice":"Card Removal","damage_taken":0,"max_hp_gain":0,"max_hp_loss":0,"event_name":"The Cleric","floor":5,"gold_loss":50},{"damage_healed":0,"gold_gain":175,"player_choice":"AGREE","damage_taken":0,"max_hp_gain":0,"max_hp_loss":0,"event_name":"Liars Game","floor":10,"gold_loss":0,"cards_obtained":["Doubt"]},{"damage_healed":0,"gold_gain":0,"player_choice":"Fought Bandits","damage_taken":0,"max_hp_gain":0,"max_hp_loss":0,"event_name":"Masked Bandits","floor":19,"gold_loss":0},{"damage_healed":0,"gold_gain":100,"player_choice":"Pray","damage_taken":0,"max_hp_gain":0,"max_hp_loss":0,"event_name":"Golden Shrine","floor":20,"gold_loss":0},{"damage_healed":0,"gold_gain":0,"player_choice":"Max HP","damage_taken":0,"max_hp_gain":0,"max_hp_loss":4,"event_name":"Winding Halls","floor":36,"gold_loss":0},{"damage_healed":0,"gold_gain":0,"player_choice":"Fight","damage_taken":0,"max_hp_gain":0,"max_hp_loss":0,"event_name":"MindBloom","floor":37,"gold_loss":0},{"damage_healed":0,"gold_gain":0,"player_choice":"Ignored","damage_taken":0,"max_hp_gain":0,"max_hp_loss":0,"event_name":"Mysterious Sphere","floor":42,"gold_loss":0}],"is_beta":false,"boss_relics":[{"not_picked":["Sozu","Fusion Hammer"],"picked":"Lizard Tail"},{"not_picked":["Tiny House","Runic Dome"],"picked":"Runic Pyramid"}],"items_purged_floors":[30,39,41],"is_endless":false,"potions_floor_spawned":[8,14,16,18,19,25,33,35,40,44,48],"killed_by":"Awakened One","ascension_level":4}