{"gold_per_floor":[119,137,152,172,172,172,206,206,257,257,257],"floor_reached":11,"playtime":401,"items_purged":[],"score":135,"play_id":"9d3635a7-b4bf-44ae-9ca3-d8e7e1794120","local_time":"20190430232215","is_ascension_mode":true,"campfire_choices":[{"data":"Metallicize","floor":6,"key":"SMITH"},{"data":"Armaments","floor":8,"key":"SMITH"},{"data":"True Grit","floor":10,"key":"SMITH"}],"neow_cost":"NONE","seed_source_timestamp":5869113606223,"circlet_count":0,"master_deck":["AscendersBane","Strike_R","Strike_R","Strike_R","Strike_R","Strike_R","Defend_R","Defend_R","Defend_R","Defend_R","Bash+1","Metallicize+1","Rampage","True Grit+1","Armaments+1"],"relics":["Burning Blood","Toxic Egg 2","Juzu Bracelet"],"potions_floor_usage":[4,7],"damage_taken":[{"damage":7,"enemies":"Cultist","floor":1,"turns":4},{"damage":4,"enemies":"2 Louse","floor":2,"turns":4},{"damage":10,"enemies":"Small Slimes","floor":3,"turns":3},{"damage":14,"enemies":"Blue Slaver","floor":4,"turns":5},{"damage":22,"enemies":"3 Sentries","floor":7,"turns":9},{"damage":63,"enemies":"Gremlin Nob","floor":11,"turns":5}],"seed_played":"-4541200752323098204","potions_obtained":[{"floor":1,"key":"Weak Potion"},{"floor":2,"key":"PowerPotion"}],"is_trial":false,"path_per_floor":["M","M","M","M","?","R","E","R","T","R","E"],"character_chosen":"IRONCLAD","items_purchased":[],"campfire_rested":0,"item_purchase_floors":[],"current_hp_per_floor":[74,76,72,64,64,64,48,48,48,48,0],"gold":257,"neow_bonus":"TEN_PERCENT_HP_BONUS","is_prod":false,"is_daily":false,"chose_seed":false,"campfire_upgraded":3,"win_rate":0,"timestamp":1556691735,"path_taken":["M","?","M","M","?","R","E","R","T","R","E"],"build_version":"2019-01-23","purchased_purges":0,"victory":false,"max_hp_per_floor":[82,82,82,82,82,82,82,82,82,82,82],"card_choices":[{"not_picked":["Warcry","Second Wind"],"picked":"Metallicize","floor":1},{"not_picked":["Clothesline","Armaments"],"picked":"Rampage","floor":2},{"not_picked":["Burning Pact","Warcry"],"picked":"True Grit","floor":3},{"not_picked":["Heavy Blade","Infernal Blade"],"picked":"Armaments","floor":4},{"not_picked":["Wild Strike","Blood for Blood","Power Through"],"picked":"SKIP","floor":7}],"player_experience":515117,"relics_obtained":[{"floor":7,"key":"Toxic Egg 2"},{"floor":9,"key":"Juzu Bracelet"}],"event_choices":[{"damage_healed":0,"gold_gain":0,"player_choice":"Forge","damage_taken":0,"max_hp_gain":0,"max_hp_loss":0,"event_name":"Accursed Blacksmith","floor":5,"gold_loss":0,"cards_upgraded":["Bash"]}],"is_beta":false,"boss_relics":[],"items_purged_floors":[],"is_endless":false,"potions_floor_spawned":[1,2,3],"killed_by":"Gremlin Nob","ascension_level":17}