{"gold_per_floor":[116,132,152,152,164,198,212,242,242,253,140,140,153,153,153,153],"floor_reached":16,"playtime":825,"items_purged":["Strike_R"],"score":114,"play_id":"357ea03f-3e82-4236-bd4b-3fae96648052","local_time":"20180824114604","is_ascension_mode":false,"campfire_choices":[{"data":"Whirlwind","floor":12,"key":"SMITH"},{"data":"Bash","floor":15,"key":"SMITH"}],"neow_cost":"NONE","seed_source_timestamp":514403554468169,"circlet_count":0,"master_deck":["Strike_R+1","Strike_R+1","Strike_R","Defend_R","Defend_R","Defend_R","Defend_R","Bash+1","Exhume","Disarm","Hemokinesis","Whirlwind+1","Headbutt","Clothesline","Clash","Evolve"],"relics":["Burning Blood","NlothsMask","Magic Flower","Whetstone"],"potions_floor_usage":[10,16,16],"damage_taken":[{"damage":0,"enemies":"2 Louse","floor":1,"turns":4},{"damage":0,"enemies":"Cultist","floor":2,"turns":4},{"damage":3,"enemies":"Small Slimes","floor":3,"turns":3},{"damage":4,"enemies":"2 Fungi Beasts","floor":5,"turns":3},{"damage":31,"enemies":"Gremlin Nob","floor":6,"turns":4},{"damage":13,"enemies":"Looter","floor":7,"turns":3},{"damage":38,"enemies":"3 Sentries","floor":8,"turns":6},{"damage":15,"enemies":"Exordium Thugs","floor":10,"turns":7},{"damage":12,"enemies":"Blue Slaver","floor":13,"turns":3},{"damage":44,"enemies":"Hexaghost","floor":16,"turns":13}],"seed_played":"-8906585074917086200","potions_obtained":[{"floor":1,"key":"BloodPotion"},{"floor":2,"key":"Ancient Potion"},{"floor":8,"key":"Regen Potion"},{"floor":10,"key":"SteroidPotion"}],"is_trial":false,"path_per_floor":["M","M","M","?","M","E","M","E","T","M","$","R","M","?","R"],"character_chosen":"IRONCLAD","items_purchased":["Evolve"],"campfire_rested":0,"item_purchase_floors":[11],"current_hp_per_floor":[80,80,80,80,80,55,51,22,22,40,40,40,37,30,30,0],"gold":153,"neow_bonus":"ONE_RANDOM_RARE_CARD","is_prod":false,"is_daily":false,"chose_seed":false,"campfire_upgraded":2,"win_rate":0,"timestamp":1535136364,"path_taken":["M","M","M","?","M","E","M","E","T","M","$","R","M","?","R","BOSS"],"build_version":"2018-08-23v2","purchased_purges":1,"victory":false,"max_hp_per_floor":[80,80,80,80,80,80,80,80,80,80,80,80,80,80,80,80],"card_choices":[{"not_picked":["True Grit","Rage"],"picked":"Disarm","floor":1},{"not_picked":["Power Through","Havoc"],"picked":"Hemokinesis","floor":2},{"not_picked":["Shrug It Off","Havoc"],"picked":"Whirlwind","floor":3},{"not_picked":["Battle Trance","Sword Boomerang"],"picked":"Headbutt","floor":5},{"not_picked":["Seeing Red","Carnage","Dual Wield"],"picked":"SKIP","floor":6},{"not_picked":["Warcry","Limit Break","Headbutt"],"picked":"SKIP","floor":7},{"not_picked":["Warcry","Battle Trance"],"picked":"Clothesline","floor":8},{"not_picked":["Uppercut","Headbutt"],"picked":"Clash","floor":10},{"not_picked":["Sword Boomerang","Havoc","Clothesline"],"picked":"SKIP","floor":13}],"player_experience":133048,"relics_obtained":[{"floor":6,"key":"Magic Flower"},{"floor":8,"key":"Whetstone"}],"event_choices":[{"event_name":"FaceTrader","player_choice":"Trade","floor":4,"damage_taken":0},{"event_name":"Golden Wing","player_choice":"Card Removal","floor":14,"damage_taken":0}],"is_beta":false,"boss_relics":[],"items_purged_floors":[11],"is_endless":false,"potions_floor_spawned":[1,2,8,10],"killed_by":"Hexaghost","ascension_level":0}