{"gold_per_floor":[118,83,100,275,286,286,315,315,315,333,384,402,402,422,422,422],"floor_reached":16,"playtime":1106,"items_purged":[],"score":148,"play_id":"ff5b3fce-0044-4a3e-a3ef-518462613ba2","local_time":"20190408220040","is_ascension_mode":true,"campfire_choices":[{"data":"Gash","floor":6,"key":"SMITH"},{"data":"Zap","floor":8,"key":"SMITH"},{"floor":15,"key":"REST"}],"neow_cost":"TEN_PERCENT_HP_LOSS","seed_source_timestamp":333379713924224,"circlet_count":0,"master_deck":["Strike_B","Strike_B","Strike_B","Defend_B","Defend_B","Defend_B","Defend_B","Zap+1","Dualcast","Fission","Gash+1","Gash","Doubt","Chill","Beam Cell","Coolheaded","Conserve Battery"],"relics":["Cracked Core","Singing Bowl","Shovel","Bronze Scales"],"potions_floor_usage":[7,12],"damage_taken":[{"damage":13,"enemies":"Jaw Worm","floor":1,"turns":4},{"damage":0,"enemies":"Small Slimes","floor":3,"turns":4},{"damage":1,"enemies":"Cultist","floor":5,"turns":3},{"damage":13,"enemies":"3 Sentries","floor":7,"turns":9},{"damage":14,"enemies":"Looter","floor":10,"turns":4},{"damage":1,"enemies":"Gremlin Gang","floor":12,"turns":5},{"damage":10,"enemies":"Blue Slaver","floor":14,"turns":4},{"damage":52,"enemies":"Hexaghost","floor":16,"turns":11}],"seed_played":"-6742244822741976200","potions_obtained":[{"floor":3,"key":"AttackPotion"},{"floor":10,"key":"Block Potion"}],"is_trial":false,"path_per_floor":["?","?","T","M","?"],"character_chosen":"DEFECT","items_purchased":[],"campfire_rested":1,"item_purchase_floors":[],"current_hp_per_floor":[55,68,68,68,67,67,54,54,54,40,40,39,39,31,52,0],"gold":422,"neow_bonus":"THREE_RARE_CARDS","is_prod":false,"is_daily":false,"chose_seed":false,"campfire_upgraded":2,"win_rate":0,"timestamp":1554782440,"path_taken":["M","?","M","?","M","R","E","R","T","M","?","?","?","M","R","BOSS"],"build_version":"2019-01-23","purchased_purges":0,"victory":false,"max_hp_per_floor":[68,68,68,68,68,68,68,68,68,68,68,68,68,70,70,70],"card_choices":[{"not_picked":["Meteor Strike","Hyperbeam"],"picked":"Fission","floor":0},{"not_picked":["Rebound","Ball Lightning"],"picked":"Gash","floor":1},{"not_picked":["Loop","Turbo"],"picked":"Gash","floor":3},{"not_picked":["BootSequence","Loop"],"picked":"Chill","floor":5},{"not_picked":["Steam","Loop"],"picked":"Beam Cell","floor":7},{"not_picked":["Rebound","Meteor Strike"],"picked":"Coolheaded","floor":10},{"not_picked":["Undo","Storm"],"picked":"Conserve Battery","floor":12},{"not_picked":["Double Energy","Lockon","Steam"],"picked":"Singing Bowl","floor":14}],"player_experience":555782,"relics_obtained":[{"floor":7,"key":"Singing Bowl"},{"floor":9,"key":"Shovel"},{"floor":11,"key":"Bronze Scales"}],"event_choices":[{"damage_healed":17,"gold_gain":0,"player_choice":"Healed","damage_taken":0,"max_hp_gain":0,"max_hp_loss":0,"event_name":"The Cleric","floor":2,"gold_loss":35},{"damage_healed":0,"gold_gain":175,"player_choice":"AGREE","damage_taken":0,"max_hp_gain":0,"max_hp_loss":0,"event_name":"Liars Game","floor":4,"gold_loss":0,"cards_obtained":["Doubt"]},{"cards_removed":["Strike_B"],"damage_healed":0,"gold_gain":0,"player_choice":"Purged","damage_taken":0,"max_hp_gain":0,"max_hp_loss":0,"event_name":"Purifier","floor":13,"gold_loss":0}],"is_beta":false,"boss_relics":[],"items_purged_floors":[],"is_endless":false,"potions_floor_spawned":[3,10],"killed_by":"Hexaghost","ascension_level":9}