{"gold_per_floor":[118,118,136,148,27,57,67,77,77,77,92,105,5,16,16,16],"floor_reached":16,"playtime":645,"items_purged":["Strike_R","Strike_R"],"score":106,"play_id":"051e4b99-e570-47b2-88e5-aa11bff28abc","local_time":"20181129214221","is_ascension_mode":false,"campfire_choices":[{"data":"Heavy Blade","floor":10,"key":"SMITH"},{"data":"Flame Barrier","floor":15,"key":"SMITH"}],"neow_cost":"NONE","seed_source_timestamp":11780531580201,"circlet_count":0,"master_deck":["Strike_R","Strike_R","Strike_R","Defend_R","Defend_R","Defend_R","Defend_R","Bash","Flex+1","Flame Barrier+1","Heavy Blade+1","Ghostly Armor"],"relics":["Burning Blood","NeowsBlessing","Kunai","Shuriken"],"potions_floor_usage":[6,7,11,12,16],"damage_taken":[{"damage":0,"enemies":"Small Slimes","floor":1,"turns":1},{"damage":0,"enemies":"Cultist","floor":3,"turns":1},{"damage":0,"enemies":"2 Louse","floor":4,"turns":1},{"damage":19,"enemies":"Lagavulin","floor":6,"turns":7},{"damage":0,"enemies":"Blue Slaver","floor":7,"turns":2},{"damage":5,"enemies":"Looter","floor":8,"turns":3},{"damage":5,"enemies":"Exordium Thugs","floor":11,"turns":5},{"damage":0,"enemies":"3 Louse","floor":12,"turns":5},{"damage":3,"enemies":"Red Slaver","floor":14,"turns":3},{"damage":81,"enemies":"Slime Boss","floor":16,"turns":12}],"seed_played":"-6233963374103072240","potions_obtained":[{"floor":3,"key":"Ancient Potion"},{"floor":6,"key":"Fire Potion"},{"floor":7,"key":"SteroidPotion"},{"floor":8,"key":"GamblersBrew"},{"floor":11,"key":"Dexterity Potion"}],"is_trial":false,"path_per_floor":["M","?","M","M","$","E","M","M","T","R","M","M","$","M","R","B"],"character_chosen":"IRONCLAD","items_purchased":["Heavy Blade"],"campfire_rested":0,"item_purchase_floors":[5],"current_hp_per_floor":[80,80,80,80,80,67,73,74,74,74,75,80,80,80,80,0],"gold":16,"neow_bonus":"THREE_ENEMY_KILL","is_prod":false,"is_daily":false,"chose_seed":false,"campfire_upgraded":2,"win_rate":0,"timestamp":1543524141,"path_taken":["M","?","?","M","$","E","M","M","T","R","M","M","$","M","R","BOSS"],"build_version":"2018-11-15","purchased_purges":2,"victory":false,"max_hp_per_floor":[80,80,80,80,80,80,80,80,80,80,80,80,80,80,80,80],"card_choices":[{"not_picked":["Warcry","Sword Boomerang"],"picked":"Flex","floor":1},{"not_picked":["Headbutt","Power Through","Carnage"],"picked":"SKIP","floor":3},{"not_picked":["True Grit","Evolve"],"picked":"Flame Barrier","floor":4},{"not_picked":["Body Slam","Thunderclap","Searing Blow"],"picked":"SKIP","floor":6},{"not_picked":["Iron Wave","Cleave","Armaments"],"picked":"SKIP","floor":7},{"not_picked":["Havoc","Bloodletting","Clash"],"picked":"SKIP","floor":8},{"not_picked":["Feel No Pain","Warcry"],"picked":"Ghostly Armor","floor":11},{"not_picked":["Metallicize","Armaments","Flex"],"picked":"SKIP","floor":12},{"not_picked":["Havoc","True Grit","Anger"],"picked":"SKIP","floor":14}],"player_experience":291349,"relics_obtained":[{"floor":6,"key":"Kunai"},{"floor":9,"key":"Shuriken"}],"event_choices":[{"damage_healed":0,"gold_gain":0,"player_choice":"Forge","damage_taken":0,"max_hp_gain":0,"max_hp_loss":0,"event_name":"Accursed Blacksmith","floor":2,"gold_loss":0,"cards_upgraded":["Flex"]}],"is_beta":false,"boss_relics":[],"items_purged_floors":[5,13],"is_endless":false,"potions_floor_spawned":[3,6,7,8,11],"killed_by":"Slime Boss","ascension_level":0}