{"gold_per_floor":[115,115,125,142,155,155,155,180,180,180,224,242,242,262,262,386,386,411,336,356,370,391,391],"floor_reached":23,"playtime":1743,"items_purged":[],"score":207,"play_id":"df544ded-98fa-469a-9f34-0cf526e0a3d9","local_time":"20190317171759","is_ascension_mode":true,"campfire_choices":[{"floor":6,"key":"REST"},{"data":"Streamline","floor":10,"key":"SMITH"},{"floor":13,"key":"REST"},{"data":"Sunder","floor":15,"key":"SMITH"}],"neow_cost":"NONE","seed_source_timestamp":247224271862681,"circlet_count":0,"master_deck":["Strike_B","Strike_B","Strike_B","Defend_B","Defend_B","Defend_B","Defend_B","Zap","Dualcast","Doom and Gloom","Rip and Tear","Redo+1","Coolheaded+1","Injury","Streamline+1","Streamline","Rebound","Sunder+1","Hyperbeam","Stack+1","Rebound","Hologram+1","Beam Cell"],"relics":["Cracked Core","Bag of Marbles","Toxic Egg 2","Golden Idol","Bottled Lightning","Pantograph","Nuclear Battery"],"potions_floor_usage":[16,16,23,23],"damage_taken":[{"damage":3,"enemies":"Jaw Worm","floor":1,"turns":3},{"damage":0,"enemies":"2 Louse","floor":3,"turns":1},{"damage":0,"enemies":"Cultist","floor":4,"turns":2},{"damage":26,"enemies":"Exordium Thugs","floor":5,"turns":4},{"damage":6,"enemies":"2 Fungi Beasts","floor":8,"turns":3},{"damage":20,"enemies":"3 Sentries","floor":11,"turns":4},{"damage":11,"enemies":"Looter","floor":12,"turns":3},{"damage":10,"enemies":"Blue Slaver","floor":14,"turns":2},{"damage":43,"enemies":"The Guardian","floor":16,"turns":8},{"damage":0,"enemies":"Spheric Guardian","floor":18,"turns":3},{"damage":3,"enemies":"Chosen","floor":20,"turns":4},{"damage":1,"enemies":"3 Cultists","floor":21,"turns":3},{"damage":18,"enemies":"Centurion and Healer","floor":22,"turns":3},{"damage":55,"enemies":"Book of Stabbing","floor":23,"turns":4}],"seed_played":"-6928863176476101382","potions_obtained":[{"floor":1,"key":"SpeedPotion"},{"floor":12,"key":"FocusPotion"},{"floor":14,"key":"Weak Potion"},{"floor":16,"key":"Ancient Potion"},{"floor":22,"key":"SpeedPotion"}],"is_trial":false,"path_per_floor":["M","?","M","M","M","R","?","M","T","R","E","M","R","M","R","B",null,"M","?","M","M","M","E"],"character_chosen":"DEFECT","items_purchased":[],"campfire_rested":2,"item_purchase_floors":[],"current_hp_per_floor":[72,60,60,60,34,56,56,50,50,50,30,19,41,31,31,13,75,75,75,72,71,53,0],"gold":391,"neow_bonus":"RANDOM_COMMON_RELIC","is_prod":false,"is_daily":false,"chose_seed":false,"campfire_upgraded":2,"win_rate":0,"timestamp":1552810679,"path_taken":["M","?","M","M","M","R","?","M","T","R","E","M","R","M","R","BOSS","M","?","M","M","M","E"],"build_version":"2019-01-23","purchased_purges":0,"victory":false,"max_hp_per_floor":[75,75,75,75,75,75,75,75,75,75,75,75,75,75,75,75,75,75,75,75,75,75,75],"card_choices":[{"not_picked":["Aggregate","Coolheaded"],"picked":"Doom and Gloom","floor":1},{"not_picked":["Cold Snap","Hologram+1"],"picked":"Rip and Tear","floor":3},{"not_picked":["Hello World","Ball Lightning"],"picked":"Redo+1","floor":4},{"not_picked":["Ball Lightning","Force Field+1"],"picked":"Coolheaded+1","floor":5},{"not_picked":["Heatsinks","Steam+1"],"picked":"Streamline","floor":8},{"not_picked":["Cold Snap","Coolheaded+1"],"picked":"Streamline","floor":11},{"not_picked":["Cold Snap","Barrage"],"picked":"Rebound","floor":12},{"not_picked":["All For One","Conserve Battery+1"],"picked":"Sunder","floor":14},{"not_picked":["Buffer","Meteor Strike"],"picked":"Hyperbeam","floor":16},{"not_picked":["Cold Snap","Go for the Eyes"],"picked":"Stack+1","floor":18},{"not_picked":["Heatsinks+1","Sweeping Beam"],"picked":"Rebound","floor":20},{"not_picked":["Barrage+1","Turbo+1"],"picked":"Hologram+1","floor":21},{"not_picked":["Loop+1","Ball Lightning+1"],"picked":"Beam Cell","floor":22}],"player_experience":112365,"relics_obtained":[{"floor":9,"key":"Bottled Lightning"},{"floor":11,"key":"Pantograph"}],"event_choices":[{"damage_healed":0,"gold_gain":0,"player_choice":"Success","damage_taken":12,"relics_obtained":["Toxic Egg 2"],"max_hp_gain":0,"max_hp_loss":0,"event_name":"Scrap Ooze","floor":2,"gold_loss":0},{"damage_healed":0,"gold_gain":0,"player_choice":"Take Wound","damage_taken":0,"relics_obtained":["Golden Idol"],"max_hp_gain":0,"max_hp_loss":0,"event_name":"Golden Idol","floor":7,"gold_loss":0,"cards_obtained":["Injury"]},{"cards_removed":["Strike_B"],"damage_healed":0,"gold_gain":0,"player_choice":"Gave Gold","damage_taken":0,"max_hp_gain":0,"max_hp_loss":0,"event_name":"Beggar","floor":19,"gold_loss":75}],"is_beta":false,"boss_relics":[{"not_picked":["Cursed Key","Runic Pyramid"],"picked":"Nuclear Battery"}],"items_purged_floors":[],"is_endless":false,"potions_floor_spawned":[1,12,14,16,22],"killed_by":"Book of Stabbing","ascension_level":1}