{"gold_per_floor":[114,114,289,308,322,348,348,375,375,375,385,398,409,74,74,174,174,190,280,36,47,47,47,47,47,73,85,85,102,27,27],"floor_reached":31,"playtime":1077,"items_purged":["Doubt"],"score":257,"play_id":"a562876e-101e-4a05-aa1d-9fb16e510c72","local_time":"20181218230643","is_ascension_mode":true,"campfire_choices":[{"floor":10,"key":"REST"},{"floor":15,"key":"REST"},{"floor":23,"key":"REST"},{"floor":25,"key":"RECALL"},{"floor":28,"key":"REST"}],"neow_cost":"NONE","seed_source_timestamp":232409039928699,"circlet_count":0,"master_deck":["Strike_B+1","Strike_B","Strike_B","Strike_B+1","Defend_B","Defend_B","Defend_B","Defend_B","Zap","Dualcast","Ball Lightning","Rebound","Leap+1","Gash","Doom and Gloom","BootSequence","Leap","Go for the Eyes","Trip","Sweeping Beam","All For One","Rebound","Consume","Reinforced Body","Conserve Battery","Stack","Leap+1","Bandage Up","Defragment","PanicButton","Consume","Seek","RitualDagger","Aggregate"],"relics":["Cracked Core","Regal Pillow","Shuriken","PreservedInsect","Bag of Preparation","Symbiotic Virus","Whetstone","Orrery"],"potions_floor_usage":[6,8,16,16,16,21,21,21,31],"damage_taken":[{"damage":5,"enemies":"2 Louse","floor":1,"turns":2},{"damage":8,"enemies":"Small Slimes","floor":4,"turns":2},{"damage":6,"enemies":"Cultist","floor":5,"turns":3},{"damage":24,"enemies":"Lagavulin","floor":6,"turns":6},{"damage":17,"enemies":"3 Sentries","floor":8,"turns":5},{"damage":7,"enemies":"Blue Slaver","floor":11,"turns":2},{"damage":5,"enemies":"Exordium Thugs","floor":12,"turns":4},{"damage":0,"enemies":"2 Fungi Beasts","floor":13,"turns":2},{"damage":25,"enemies":"Hexaghost","floor":16,"turns":7},{"damage":0,"enemies":"Chosen","floor":18,"turns":4},{"damage":0,"enemies":"3 Byrds","floor":21,"turns":4},{"damage":42,"enemies":"Snake Plant","floor":27,"turns":6},{"damage":17,"enemies":"Cultist and Chosen","floor":29,"turns":5},{"damage":55,"enemies":"3 Cultists","floor":31,"turns":5}],"seed_played":"-7323470395020247381","potions_obtained":[{"floor":4,"key":"Explosive Potion"},{"floor":6,"key":"FearPotion"},{"floor":12,"key":"Energy Potion"},{"floor":13,"key":"Swift Potion"},{"floor":29,"key":"EssenceOfSteel"}],"is_trial":false,"path_per_floor":["M","?","?","M","M","E","?","E","T","R","M","M","M","$","R","B",null,"M","?","$","M","$","R","?","R","T","M","R","M","$","M"],"character_chosen":"DEFECT","items_purchased":["Whetstone","Trip","Sweeping Beam","Explosive Potion","Defragment","PanicButton","Consume","SkillPotion"],"campfire_rested":4,"item_purchase_floors":[14,14,14,14,20,20,20,20],"current_hp_per_floor":[70,58,58,50,44,20,20,3,3,40,33,28,28,28,65,40,75,75,40,40,44,44,75,69,69,69,27,64,51,51,0],"gold":27,"neow_bonus":"RANDOM_COMMON_RELIC","is_prod":false,"is_daily":false,"chose_seed":false,"campfire_upgraded":0,"win_rate":0,"timestamp":1545203203,"path_taken":["M","?","?","M","M","E","?","E","T","R","M","?","M","$","R","BOSS","M","?","$","M","?","R","?","R","T","M","R","?","$","M"],"build_version":"2018-12-13","purchased_purges":1,"victory":false,"max_hp_per_floor":[75,75,75,75,75,75,75,75,75,75,75,75,75,75,75,75,75,75,75,75,75,75,75,75,75,75,75,75,75,75,75],"card_choices":[{"not_picked":["Stack","Conserve Battery"],"picked":"Ball Lightning","floor":1},{"not_picked":["Redo","Coolheaded"],"picked":"Rebound","floor":4},{"not_picked":["Steam","Chaos"],"picked":"Leap","floor":5},{"not_picked":["Heatsinks","Storm"],"picked":"Gash","floor":6},{"not_picked":["Streamline","All For One"],"picked":"Doom and Gloom","floor":8},{"not_picked":["Sweeping Beam","White Noise"],"picked":"BootSequence","floor":11},{"not_picked":["Coolheaded","Stack"],"picked":"Leap","floor":12},{"not_picked":["Ball Lightning","Rebound"],"picked":"Go for the Eyes","floor":13},{"not_picked":["Seek","Reboot"],"picked":"All For One","floor":16},{"not_picked":["Turbo","Go for the Eyes"],"picked":"Rebound","floor":17},{"not_picked":["Storm","FTL"],"picked":"Consume","floor":17},{"not_picked":["Rebound","Beam Cell"],"picked":"Reinforced Body","floor":17},{"not_picked":["Cold Snap","Sweeping Beam"],"picked":"Conserve Battery","floor":17},{"not_picked":["Ball Lightning","Recycle"],"picked":"Stack","floor":17},{"not_picked":["Sweeping Beam+1","Conserve Battery"],"picked":"Leap+1","floor":18},{"not_picked":["Blizzard","Compile Driver"],"picked":"Seek","floor":21},{"not_picked":["Genetic Algorithm+1","Redo+1"],"picked":"Aggregate","floor":27},{"not_picked":["Compile Driver","Barrage","Cold Snap+1"],"picked":"SKIP","floor":29}],"player_experience":300671,"relics_obtained":[{"floor":6,"key":"PreservedInsect"},{"floor":8,"key":"Bag of Preparation"},{"floor":9,"key":"Symbiotic Virus"}],"event_choices":[{"damage_healed":0,"gold_gain":0,"player_choice":"Success","damage_taken":12,"relics_obtained":["Shuriken"],"max_hp_gain":0,"max_hp_loss":0,"event_name":"Scrap Ooze","floor":2,"gold_loss":0},{"damage_healed":0,"gold_gain":175,"player_choice":"AGREE","damage_taken":0,"max_hp_gain":0,"max_hp_loss":0,"event_name":"Liars Game","floor":3,"gold_loss":0,"cards_obtained":["Doubt"]},{"damage_healed":0,"gold_gain":0,"player_choice":"Upgraded","damage_taken":0,"max_hp_gain":0,"max_hp_loss":0,"event_name":"Upgrade Shrine","floor":7,"gold_loss":0,"cards_upgraded":["Leap"]},{"damage_healed":0,"gold_gain":90,"player_choice":"CARD GOLD POTION POTION ","damage_taken":35,"max_hp_gain":0,"max_hp_loss":0,"event_name":"Knowing Skull","floor":19,"potions_obtained":["FocusPotion","Explosive Potion"],"gold_loss":0,"cards_obtained":["Bandage Up"]},{"damage_healed":0,"gold_gain":0,"player_choice":"Joined the Cult","damage_taken":6,"max_hp_gain":0,"max_hp_loss":0,"event_name":"Nest","floor":24,"gold_loss":0,"cards_obtained":["RitualDagger"]}],"is_beta":false,"boss_relics":[{"not_picked":["Tiny House","Empty Cage"],"picked":"Orrery"}],"items_purged_floors":[30],"is_endless":false,"potions_floor_spawned":[4,6,12,13,29],"killed_by":"3 Cultists","ascension_level":1}