{"gold_per_floor":[109,124,135,154,168,168,188,188,188,10,10,40,40,59,59,157,157,177,188,113,113,131],"floor_reached":22,"playtime":892,"items_purged":["Strike_R"],"score":190,"play_id":"3172dfc5-8349-401c-b079-3d61ba07f00a","local_time":"20181204213033","is_ascension_mode":false,"campfire_choices":[{"data":"Body Slam","floor":6,"key":"SMITH"},{"data":"Body Slam","floor":8,"key":"SMITH"},{"data":"Shrug It Off","floor":15,"key":"SMITH"}],"neow_cost":"NONE","seed_source_timestamp":223902416610072,"circlet_count":0,"master_deck":["Strike_R","Strike_R","Strike_R","Defend_R","Defend_R","Defend_R","Defend_R","Bash","Flame Barrier","Body Slam+1","Body Slam+1","Shrug It Off+1","Offering","Pommel Strike+1","Bludgeon+1","Inflame"],"relics":["Velvet Choker","Molten Egg 2","Red Skull","Nunchaku","Eternal Feather"],"potions_floor_usage":[12,12,12],"damage_taken":[{"damage":6,"enemies":"Cultist","floor":1,"turns":3},{"damage":0,"enemies":"2 Louse","floor":2,"turns":3},{"damage":0,"enemies":"Small Slimes","floor":3,"turns":4},{"damage":1,"enemies":"3 Louse","floor":4,"turns":3},{"damage":0,"enemies":"Exordium Thugs","floor":5,"turns":5},{"damage":0,"enemies":"Blue Slaver","floor":7,"turns":3},{"damage":8,"enemies":"Gremlin Nob","floor":12,"turns":4},{"damage":8,"enemies":"Gremlin Gang","floor":14,"turns":4},{"damage":14,"enemies":"Hexaghost","floor":16,"turns":9},{"damage":6,"enemies":"Spheric Guardian","floor":18,"turns":2},{"damage":6,"enemies":"Chosen","floor":19,"turns":3},{"damage":11,"enemies":"Colosseum Slavers","floor":21,"turns":4},{"damage":18,"enemies":"Shelled Parasite and Fungi","floor":22,"turns":5}],"seed_played":"-5972590800855408955","potions_obtained":[{"floor":1,"key":"Block Potion"},{"floor":4,"key":"Regen Potion"},{"floor":5,"key":"PowerPotion"},{"floor":16,"key":"Energy Potion"},{"floor":22,"key":"Regen Potion"}],"is_trial":false,"path_per_floor":["M","M","M","M","M","R","M","R","T","$","?","E","?","M","R","B",null,"M","M","$","?","M"],"character_chosen":"IRONCLAD","items_purchased":["Shrug It Off","Offering"],"campfire_rested":0,"item_purchase_floors":[10,10],"current_hp_per_floor":[74,74,74,73,73,73,73,73,73,73,70,74,67,59,59,45,80,74,68,68,57,39],"gold":131,"neow_bonus":"BOSS_RELIC","is_prod":false,"is_daily":false,"chose_seed":false,"campfire_upgraded":3,"win_rate":0,"timestamp":1543955433,"path_taken":["M","M","?","M","M","R","M","R","T","$","?","E","?","M","R","BOSS","M","M","$","?","M"],"build_version":"2018-11-15","purchased_purges":1,"victory":false,"max_hp_per_floor":[80,80,80,80,80,80,80,80,80,80,80,80,80,80,80,80,80,80,80,80,80,80],"card_choices":[{"not_picked":["Disarm","Warcry"],"picked":"Flame Barrier","floor":1},{"not_picked":["Thunderclap","Power Through","Iron Wave"],"picked":"SKIP","floor":2},{"not_picked":["True Grit","Warcry","Immolate"],"picked":"SKIP","floor":3},{"not_picked":["Second Wind","Twin Strike"],"picked":"Body Slam","floor":4},{"not_picked":["Iron Wave","Spot Weakness"],"picked":"Body Slam","floor":5},{"not_picked":["Flex","Dropkick","Anger"],"picked":"SKIP","floor":7},{"not_picked":["Exhume","Headbutt+1","Cleave+1"],"picked":"SKIP","floor":12},{"not_picked":["Clash+1","Carnage+1"],"picked":"Pommel Strike+1","floor":14},{"not_picked":["Dark Embrace","Reaper+1"],"picked":"Bludgeon+1","floor":16},{"not_picked":["Hemokinesis+1","Havoc","Seeing Red+1"],"picked":"SKIP","floor":18},{"not_picked":["Pommel Strike+1","Clash+1"],"picked":"Inflame","floor":19},{"not_picked":["Cleave+1","Warcry+1","Metallicize"],"picked":"SKIP","floor":22}],"player_experience":347892,"relics_obtained":[{"floor":9,"key":"Molten Egg 2"},{"floor":12,"key":"Nunchaku"}],"event_choices":[{"damage_healed":0,"gold_gain":0,"player_choice":"Success","damage_taken":3,"relics_obtained":["Red Skull"],"max_hp_gain":0,"max_hp_loss":0,"event_name":"Scrap Ooze","floor":11,"gold_loss":0},{"cards_removed":["Strike_R"],"damage_healed":0,"gold_gain":0,"player_choice":"Card Removal","damage_taken":7,"max_hp_gain":0,"max_hp_loss":0,"event_name":"Golden Wing","floor":13,"gold_loss":0},{"damage_healed":0,"gold_gain":0,"player_choice":"Fight","damage_taken":0,"max_hp_gain":0,"max_hp_loss":0,"event_name":"Colosseum","floor":21,"gold_loss":0},{"damage_healed":0,"gold_gain":0,"player_choice":"Fled From Nobs","damage_taken":0,"max_hp_gain":0,"max_hp_loss":0,"event_name":"Colosseum","floor":21,"gold_loss":0}],"is_beta":false,"boss_relics":[{"not_picked":["Coffee Dripper","Runic Dome"],"picked":"Eternal Feather"}],"items_purged_floors":[20],"is_endless":false,"potions_floor_spawned":[1,4,5,16,21,22],"killed_by":"Shelled Parasite and Fungi","ascension_level":0}