{"gold_per_floor":[114,132,132,132,146,190,190,209,209,224,123,123,156,177,177,306,306,326,251,289,201,201,201,215,228,252,157,157],"floor_reached":28,"playtime":3886,"items_purged":["Strike_R","Strike_R","Strike_R"],"score":239,"play_id":"1e1cb5ce-3de3-43ab-8000-0743c1c144d3","local_time":"20190222211122","is_ascension_mode":true,"campfire_choices":[{"data":"Searing Blow","floor":7,"key":"SMITH"},{"floor":12,"key":"REST"},{"data":"Searing Blow+1","floor":15,"key":"SMITH"},{"data":"Searing Blow+2","floor":23,"key":"SMITH"}],"neow_cost":"NONE","seed_source_timestamp":617822625233016,"circlet_count":0,"master_deck":["Strike_R","Defend_R","Defend_R","Defend_R","Defend_R","Bash","Wild Strike","Searing Blow+3","Evolve","Shrug It Off","Rampage","Flame Barrier","Immolate","Dual Wield","Body Slam+1","Whirlwind","Corruption","Inflame","Iron Wave","Entrench","Armaments"],"relics":["Burning Blood","Smiling Mask","Golden Idol","Bag of Preparation","Bottled Tornado","Prayer Wheel","Runic Pyramid","Red Mask","Pen Nib"],"potions_floor_usage":[6,13,16,16,25,28],"damage_taken":[{"damage":0,"enemies":"Small Slimes","floor":1,"turns":3},{"damage":7,"enemies":"2 Louse","floor":2,"turns":3},{"damage":1,"enemies":"Cultist","floor":5,"turns":3},{"damage":36,"enemies":"3 Sentries","floor":6,"turns":10},{"damage":36,"enemies":"Exordium Thugs","floor":8,"turns":5},{"damage":4,"enemies":"3 Louse","floor":10,"turns":5},{"damage":30,"enemies":"Gremlin Nob","floor":13,"turns":5},{"damage":2,"enemies":"Blue Slaver","floor":14,"turns":4},{"damage":13,"enemies":"The Guardian","floor":16,"turns":16},{"damage":25,"enemies":"Spheric Guardian","floor":18,"turns":6},{"damage":44,"enemies":"Masked Bandits","floor":20,"turns":5},{"damage":13,"enemies":"Shell Parasite","floor":24,"turns":9},{"damage":14,"enemies":"Snecko","floor":25,"turns":5},{"damage":14,"enemies":"Chosen and Byrds","floor":28,"turns":7}],"seed_played":"-8194336986632768793","potions_obtained":[{"floor":2,"key":"Dexterity Potion"},{"floor":8,"key":"Poison Potion"},{"floor":10,"key":"Block Potion"},{"floor":13,"key":"Dexterity Potion"},{"floor":16,"key":"SpeedPotion"},{"floor":24,"key":"SpeedPotion"},{"floor":25,"key":"Block Potion"}],"is_trial":false,"path_per_floor":["?","?","?","?","?","M"],"character_chosen":"IRONCLAD","items_purchased":["Shrug It Off","Corruption","Armaments"],"campfire_rested":1,"item_purchase_floors":[11,21,27],"current_hp_per_floor":[80,79,59,64,69,39,39,9,9,11,11,36,12,16,16,9,85,66,66,28,28,28,28,21,13,13,13,0],"gold":157,"neow_bonus":"RANDOM_COMMON_RELIC","is_prod":false,"is_daily":false,"chose_seed":false,"campfire_upgraded":3,"win_rate":0,"timestamp":1550895082,"path_taken":["M","M","?","?","M","E","R","M","T","M","$","R","E","M","R","BOSS","M","?","?","$","?","R","?","M","T","$","M"],"build_version":"2019-01-23","purchased_purges":3,"victory":false,"max_hp_per_floor":[80,80,80,85,85,85,85,85,85,85,85,85,85,85,85,85,85,85,85,85,85,85,85,85,85,85,85,85],"card_choices":[{"not_picked":["Twin Strike","Disarm"],"picked":"Wild Strike","floor":1},{"not_picked":["Sword Boomerang","Carnage"],"picked":"Searing Blow","floor":2},{"not_picked":["Cleave","Clash","Anger"],"picked":"SKIP","floor":5},{"not_picked":["Wild Strike","Offering"],"picked":"Evolve","floor":6},{"not_picked":["Sword Boomerang","Flex","Dropkick"],"picked":"SKIP","floor":8},{"not_picked":["Flex","Body Slam","Carnage"],"picked":"SKIP","floor":10},{"not_picked":["Cleave","Flex"],"picked":"Rampage","floor":13},{"not_picked":["Body Slam","Sword Boomerang"],"picked":"Flame Barrier","floor":14},{"not_picked":["Hemokinesis","Second Wind","Blood for Blood"],"picked":"SKIP","floor":14},{"not_picked":["Exhume","Barricade"],"picked":"Immolate","floor":16},{"not_picked":["Bloodletting","Body Slam"],"picked":"Dual Wield","floor":18},{"not_picked":["Combust","Dropkick+1"],"picked":"Body Slam+1","floor":18},{"not_picked":["Twin Strike","Havoc"],"picked":"Whirlwind","floor":20},{"not_picked":["Flex","Heavy Blade"],"picked":"Inflame","floor":24},{"not_picked":["Seeing Red","Whirlwind","Havoc"],"picked":"SKIP","floor":24},{"not_picked":["Pommel Strike","Havoc+1"],"picked":"Iron Wave","floor":25},{"not_picked":["Berserk","Searing Blow"],"picked":"Entrench","floor":25}],"player_experience":69740,"relics_obtained":[{"floor":6,"key":"Bag of Preparation"},{"floor":9,"key":"Bottled Tornado"},{"floor":13,"key":"Prayer Wheel"},{"floor":20,"key":"Red Mask"},{"floor":26,"key":"Pen Nib"}],"event_choices":[{"damage_healed":0,"gold_gain":0,"player_choice":"Take Damage","damage_taken":20,"relics_obtained":["Golden Idol"],"max_hp_gain":0,"max_hp_loss":0,"event_name":"Golden Idol","floor":3,"gold_loss":0},{"damage_healed":0,"gold_gain":0,"player_choice":"Donut","damage_taken":0,"max_hp_gain":5,"max_hp_loss":0,"event_name":"Big Fish","floor":4,"gold_loss":0},{"cards_removed":["Strike_R"],"damage_healed":0,"gold_gain":0,"player_choice":"Gave Gold","damage_taken":0,"max_hp_gain":0,"max_hp_loss":0,"event_name":"Beggar","floor":19,"gold_loss":75},{"damage_healed":0,"gold_gain":0,"player_choice":"Fought Bandits","damage_taken":0,"max_hp_gain":0,"max_hp_loss":0,"event_name":"Masked Bandits","floor":20,"gold_loss":0},{"damage_healed":0,"gold_gain":0,"player_choice":"Ignored","damage_taken":0,"max_hp_gain":0,"max_hp_loss":0,"event_name":"N\u0027loth","floor":22,"gold_loss":0}],"is_beta":false,"boss_relics":[{"not_picked":["Coffee Dripper","Orrery"],"picked":"Runic Pyramid"}],"items_purged_floors":[11,21,27],"is_endless":false,"potions_floor_spawned":[2,8,10,13,16,24,25],"killed_by":"Chosen and Byrds","ascension_level":1}