{"gold_per_floor":[214,224,19,32,48,81,81,92,92,127,59,72,92,15,15,90,90,106,10,27,39,39,66,66,97,97,111,111,127,139,154,154,225,225,235,252,106,116,16,43,55,105,117,129,175,203,90,105,105,105],"floor_reached":51,"playtime":2501,"items_purged":["Strike_R","Strike_R","Strike_R"],"score":1506,"play_id":"342516fb-1909-446f-bda7-ff77f7b59d2b","local_time":"20190408130422","is_ascension_mode":true,"campfire_choices":[{"floor":7.0,"key":"REST"},{"floor":15.0,"key":"REST"},{"floor":24.0,"key":"REST"},{"data":"Corruption","floor":32.0,"key":"SMITH"},{"data":"Feel No Pain","floor":41.0,"key":"SMITH"},{"data":"Feel No Pain","floor":44,"key":"SMITH"},{"floor":49,"key":"REST"}],"neow_cost":"NONE","seed_source_timestamp":0,"circlet_count":0,"master_deck":["AscendersBane","Strike_R","Strike_R","Defend_R","Defend_R","Defend_R","Defend_R","Bash","Clash","Iron Wave","Fiend Fire","Bludgeon","Limit Break","Twin Strike","Reaper","Shrug It Off","True Grit","Burning Pact","True Grit","Corruption+1","Metallicize","Demon Form","Metallicize","Bandage Up","Sentinel+1","Pummel","Infernal Blade","Inflame","Sever Soul","Warcry","Shrug It Off+1","Shockwave","Feed","Feel No Pain+1","Shrug It Off+1","Intimidate","Shockwave","Feel No Pain+1","Burning Pact+1","Metallicize","Dark Embrace","Rupture+1","Intimidate"],"special_seed":0,"relics":["Burning Blood","Bag of Marbles","Charon\u0027s Ashes","Dead Branch","Runic Cube","Gambling Chip","Mummified Hand","Pen Nib","Prayer Wheel","Spirit Poop","Orrery","MawBank","Unceasing Top","Letter Opener","Darkstone Periapt"],"potions_floor_usage":[50],"damage_taken":[{"damage":10.0,"enemies":"Cultist","floor":1.0,"turns":5.0},{"damage":7.0,"enemies":"2 Louse","floor":2.0,"turns":3.0},{"damage":0.0,"enemies":"Small Slimes","floor":4.0,"turns":2.0},{"damage":6.0,"enemies":"3 Louse","floor":5.0,"turns":4.0},{"damage":50.0,"enemies":"Lagavulin","floor":6.0,"turns":6.0},{"damage":10.0,"enemies":"2 Fungi Beasts","floor":8.0,"turns":3.0},{"damage":8.0,"enemies":"Gremlin Nob","floor":10.0,"turns":3.0},{"damage":20.0,"enemies":"Exordium Thugs","floor":12.0,"turns":5.0},{"damage":0.0,"enemies":"Gremlin Gang","floor":13.0,"turns":1.0},{"damage":9.0,"enemies":"Slime Boss","floor":16.0,"turns":4.0},{"damage":9.0,"enemies":"2 Thieves","floor":18.0,"turns":1.0},{"damage":5.0,"enemies":"3 Byrds","floor":20.0,"turns":3.0},{"damage":18.0,"enemies":"Snake Plant","floor":21.0,"turns":4.0},{"damage":46.0,"enemies":"Book of Stabbing","floor":23.0,"turns":6.0},{"damage":20.0,"enemies":"Slavers","floor":25.0,"turns":4.0},{"damage":16.0,"enemies":"Snecko","floor":27.0,"turns":4.0},{"damage":12.0,"enemies":"Sentry and Sphere","floor":29.0,"turns":4.0},{"damage":0.0,"enemies":"3 Cultists","floor":30.0,"turns":2.0},{"damage":11.0,"enemies":"Centurion and Healer","floor":31.0,"turns":3.0},{"damage":37.0,"enemies":"Collector","floor":33.0,"turns":5.0},{"damage":16.0,"enemies":"Orb Walker","floor":35.0,"turns":3.0},{"damage":9.0,"enemies":"3 Shapes","floor":36.0,"turns":4.0},{"damage":3.0,"enemies":"3 Darklings","floor":38.0,"turns":1.0},{"damage":0.0,"enemies":"Giant Head","floor":40.0,"turns":5.0},{"damage":24.0,"enemies":"Nemesis","floor":42.0,"turns":5.0},{"damage":7,"enemies":"Giant Head","floor":45,"turns":5},{"damage":9,"enemies":"Sphere and 2 Shapes","floor":46,"turns":3},{"damage":22,"enemies":"Spire Growth","floor":48,"turns":4},{"damage":17,"enemies":"Awakened One","floor":50,"turns":4}],"seed_played":"3990104062516637802","potions_obtained":[{"floor":2.0,"key":"AttackPotion"},{"floor":6.0,"key":"Poison Potion"},{"floor":8.0,"key":"SneckoOil"},{"floor":21.0,"key":"FairyPotion"},{"floor":25.0,"key":"Regen Potion"},{"floor":35.0,"key":"Explosive Potion"},{"floor":42,"key":"SkillPotion"}],"is_trial":false,"path_per_floor":["M","M","$","M","M","E","R","M","T","E","$","M","M","$","R","B",null,"M","$","M","M","?","E","R","E","T","M","?","M","M","M","R","B",null,"M","M","$","M","$","E","R","E","T","R","E","M","$","M","R","B",null],"character_chosen":"IRONCLAD","items_purchased":["Fiend Fire","Bludgeon","Burning Pact","Metallicize","Bandage Up","Feel No Pain"],"campfire_rested":4,"item_purchase_floors":[3,3,11,14,19,37],"current_hp_per_floor":[68,67,67,73,73,29,53,49,49,47,47,33,39,39,63,60,75,72,72,77,69,69,33,57,47,47,43,43,41,80,75,75,57,74,68,72,72,75,75,83,83,68,68,68,83,80,80,68,83,83],"gold":105,"neow_bonus":"HUNDRED_GOLD","is_prod":false,"is_daily":false,"chose_seed":false,"campfire_upgraded":3,"win_rate":0,"timestamp":1554753862,"path_taken":["M","?","$","M","M","E","R","M","T","E","$","?","M","$","R","BOSS","M","$","M","M","?","E","R","E","T","M","?","M","M","M","R","BOSS","M","M","$","M","?","E","R","E","T","R","E","M","?","M","R","BOSS"],"build_version":"2019-01-23","purchased_purges":3,"victory":true,"max_hp_per_floor":[80,80,80,80,80,80,80,80,80,80,80,80,80,80,80,80,80,80,80,80,80,80,80,80,80,80,80,80,80,80,80,80,80,80,80,83,83,83,83,83,83,83,83,83,83,83,83,83,83,83],"card_choices":[{"not_picked":["Sword Boomerang","Thunderclap"],"picked":"Clash","floor":1.0},{"not_picked":["Searing Blow","Sword Boomerang"],"picked":"Iron Wave","floor":2.0},{"not_picked":["Combust","Perfected Strike"],"picked":"Limit Break","floor":4.0},{"not_picked":["Ghostly Armor","Flex"],"picked":"Twin Strike","floor":5.0},{"not_picked":["Blood for Blood","Body Slam"],"picked":"Reaper","floor":6.0},{"not_picked":["Clash","Second Wind"],"picked":"Shrug It Off","floor":8.0},{"not_picked":["Flex","Pommel Strike"],"picked":"True Grit","floor":10.0},{"not_picked":["Rampage","Sword Boomerang"],"picked":"True Grit","floor":12.0},{"not_picked":["Iron Wave","Armaments"],"picked":"Corruption","floor":13.0},{"not_picked":["Bludgeon","Berserk"],"picked":"Demon Form","floor":16.0},{"not_picked":["Seeing Red","Thunderclap"],"picked":"Metallicize","floor":18.0},{"not_picked":["Sword Boomerang","Armaments"],"picked":"Sentinel+1","floor":20.0},{"not_picked":["Clash","Rupture+1"],"picked":"Pummel","floor":21.0},{"not_picked":["Havoc","Twin Strike+1"],"picked":"Infernal Blade","floor":23.0},{"not_picked":["Armaments","Second Wind","Twin Strike"],"picked":"SKIP","floor":25.0},{"not_picked":["Anger","Armaments","Power Through"],"picked":"SKIP","floor":27.0},{"not_picked":["Armaments","Iron Wave","Clash"],"picked":"SKIP","floor":27.0},{"not_picked":["Battle Trance","Corruption"],"picked":"Inflame","floor":29.0},{"not_picked":["Iron Wave","Warcry"],"picked":"Sever Soul","floor":29.0},{"not_picked":["Rage","Rupture+1"],"picked":"Warcry","floor":30.0},{"not_picked":["Reckless Charge","Sever Soul","Evolve"],"picked":"SKIP","floor":30.0},{"not_picked":["Brutality","Flex"],"picked":"Shrug It Off+1","floor":31.0},{"not_picked":["Twin Strike","Anger"],"picked":"Shockwave","floor":31.0},{"not_picked":["Impervious","Demon Form"],"picked":"Feed","floor":33.0},{"not_picked":["Bloodletting+1","Warcry"],"picked":"Feel No Pain","floor":34.0},{"not_picked":["Entrench","Dual Wield"],"picked":"Shrug It Off+1","floor":34.0},{"not_picked":["Clash","Iron Wave"],"picked":"Intimidate","floor":34.0},{"not_picked":["Infernal Blade","Heavy Blade","Cleave"],"picked":"SKIP","floor":35.0},{"not_picked":["Iron Wave","Cleave","Fire Breathing+1"],"picked":"SKIP","floor":35.0},{"not_picked":["Corruption","Evolve+1"],"picked":"Shockwave","floor":36.0},{"not_picked":["Pummel+1","Body Slam","Demon Form"],"picked":"SKIP","floor":36.0},{"not_picked":["Infernal Blade","Headbutt"],"picked":"Burning Pact+1","floor":38.0},{"not_picked":["Armaments","Clash","Anger"],"picked":"SKIP","floor":38.0},{"not_picked":["Anger","Sentinel","Demon Form"],"picked":"SKIP","floor":40.0},{"not_picked":["Entrench+1","Perfected Strike","Evolve"],"picked":"SKIP","floor":42},{"not_picked":["Pummel","Burning Pact"],"picked":"Metallicize","floor":45},{"not_picked":["Perfected Strike+1","Anger"],"picked":"Dark Embrace","floor":46},{"not_picked":["Clothesline","Combust"],"picked":"Rupture+1","floor":46},{"not_picked":["Twin Strike","Thunderclap+1"],"picked":"Intimidate","floor":48},{"not_picked":["Flex","Perfected Strike+1","Clothesline+1"],"picked":"SKIP","floor":48}],"player_experience":394234,"relics_obtained":[{"floor":6.0,"key":"Bag of Marbles"},{"floor":9.0,"key":"Charon\u0027s Ashes"},{"floor":10.0,"key":"Dead Branch"},{"floor":23.0,"key":"Mummified Hand"},{"floor":25.0,"key":"Pen Nib"},{"floor":26.0,"key":"Prayer Wheel"},{"floor":40.0,"key":"MawBank"},{"floor":42,"key":"Unceasing Top"},{"floor":43,"key":"Letter Opener"},{"floor":45,"key":"Darkstone Periapt"}],"event_choices":[{"damage_healed":0.0,"max_hp_gain":0.0,"max_hp_loss":0.0,"gold_gain":0.0,"event_name":"Addict","player_choice":"Stole Relic","floor":22.0,"gold_loss":0.0,"damage_taken":0.0,"relics_obtained":["Gambling Chip"],"cards_obtained":["Shame"]},{"cards_removed":["Shame"],"damage_healed":0.0,"max_hp_gain":0.0,"max_hp_loss":0.0,"gold_gain":0.0,"event_name":"Bonfire Elementals","player_choice":"Offered Curse","floor":28.0,"gold_loss":0.0,"damage_taken":0.0,"relics_obtained":["Spirit Poop"]}],"is_beta":false,"boss_relics":[{"not_picked":["Eternal Feather","Velvet Choker"],"picked":"Runic Cube"},{"not_picked":["Astrolabe","White Beast Statue"],"picked":"Orrery"}],"items_purged_floors":[37,39,47],"is_endless":false,"potions_floor_spawned":[2,6,8,13,21,25,27,30,31,35,42,45,46],"ascension_level":13}