{"gold_per_floor":[114,114,4,20,38,73,40,40,65,109,296,308,348,360,372,482,494,519,541,553,577,504,516,528,540,601,633,645],"floor_reached":28,"playtime":710,"items_purged":[],"score":304,"play_id":"a9f84070-11de-49ab-8371-af8b42ff0d4c","local_time":"20190501002056","is_ascension_mode":true,"campfire_choices":[{"data":"Defragment","floor":8,"key":"SMITH"},{"data":"Defragment","floor":15,"key":"SMITH"},{"floor":23,"key":"REST"},{"floor":25,"key":"REST"}],"neow_cost":"NONE","seed_source_timestamp":87736054437800,"circlet_count":0,"master_deck":["Strike_B","Strike_B","Defend_B","Defend_B","Defend_B","Defend_B","Zap","Dualcast+1","Ball Lightning","Flash of Steel","Self Repair","Ball Lightning","White Noise","Defragment+1","Force Field+1","Doubt","Defragment+1","Echo Form","Capacitor+1","Coolheaded","Rip and Tear","Double Energy","Conserve Battery","Necronomicurse","Undo"],"relics":["Cracked Core","NeowsBlessing","CultistMask","Juzu Bracelet","MawBank","Nunchaku","Mercury Hourglass","Sozu","War Paint","Necronomicon","PreservedInsect"],"potions_floor_usage":[6,10,19],"damage_taken":[{"damage":0,"enemies":"Small Slimes","floor":1,"turns":1},{"damage":0,"enemies":"Cultist","floor":4,"turns":1},{"damage":0,"enemies":"Jaw Worm","floor":5,"turns":1},{"damage":29,"enemies":"Lagavulin","floor":6,"turns":5},{"damage":12,"enemies":"Gremlin Nob","floor":10,"turns":4},{"damage":8,"enemies":"Lagavulin","floor":13,"turns":8},{"damage":23,"enemies":"The Guardian","floor":16,"turns":7},{"damage":25,"enemies":"Shell Parasite","floor":18,"turns":4},{"damage":32,"enemies":"2 Thieves","floor":19,"turns":3},{"damage":22,"enemies":"Cultist and Chosen","floor":21,"turns":5},{"damage":14,"enemies":"Sentry and Sphere","floor":27,"turns":5},{"damage":32,"enemies":"Slavers","floor":28,"turns":2}],"seed_played":"3212369432006087365","potions_obtained":[{"floor":1,"key":"SteroidPotion"},{"floor":4,"key":"FocusPotion"},{"floor":5,"key":"PowerPotion"},{"floor":13,"key":"EntropicBrew"}],"is_trial":false,"path_per_floor":["M","?","$","M","M","E","$","R","T","E","?","?","E","$","R","B",null,"M","M","?","M","?","R","?","R","T","M","E"],"character_chosen":"DEFECT","items_purchased":["Ball Lightning","Flash of Steel","Defragment"],"campfire_rested":2,"item_purchase_floors":[3,3,7],"current_hp_per_floor":[68,68,68,68,68,46,46,46,46,41,41,66,65,65,65,49,69,51,26,26,11,11,33,17,39,39,32,0],"gold":645,"neow_bonus":"THREE_ENEMY_KILL","is_prod":false,"is_daily":false,"chose_seed":false,"campfire_upgraded":2,"win_rate":0,"timestamp":1556662856,"path_taken":["M","?","$","M","?","E","$","R","T","E","?","?","E","?","R","BOSS","M","M","?","M","?","R","?","R","T","M","E"],"build_version":"2019-01-23","purchased_purges":0,"victory":false,"max_hp_per_floor":[75,75,75,75,75,75,75,75,75,75,75,75,75,75,75,75,75,75,75,75,75,75,75,75,75,75,75,75],"card_choices":[{"not_picked":["Fusion","Steam","Double Energy"],"picked":"SKIP","floor":1},{"not_picked":["White Noise","BootSequence"],"picked":"Self Repair","floor":4},{"not_picked":["Steam","Compile Driver"],"picked":"Ball Lightning","floor":5},{"not_picked":["Conserve Battery","Gash"],"picked":"White Noise","floor":6},{"not_picked":["Rebound","Blizzard"],"picked":"Force Field","floor":10},{"not_picked":["All For One","Barrage"],"picked":"Defragment","floor":13},{"not_picked":["Core Surge","Biased Cognition"],"picked":"Echo Form","floor":16},{"not_picked":["Double Energy","Coolheaded"],"picked":"Capacitor+1","floor":18},{"not_picked":["Hologram","Stack"],"picked":"Coolheaded","floor":19},{"not_picked":["Defragment","Go for the Eyes"],"picked":"Conserve Battery","floor":21},{"not_picked":["Cold Snap","Sweeping Beam"],"picked":"Undo","floor":27}],"player_experience":917262,"relics_obtained":[{"floor":6,"key":"Juzu Bracelet"},{"floor":9,"key":"MawBank"},{"floor":10,"key":"Nunchaku"},{"floor":13,"key":"Mercury Hourglass"},{"floor":24,"key":"Necronomicon"},{"floor":26,"key":"PreservedInsect"}],"event_choices":[{"damage_healed":0,"gold_gain":0,"player_choice":"Trade","damage_taken":0,"relics_obtained":["CultistMask"],"max_hp_gain":0,"max_hp_loss":0,"event_name":"FaceTrader","floor":2,"gold_loss":0},{"damage_healed":0,"gold_gain":175,"player_choice":"AGREE","damage_taken":0,"max_hp_gain":0,"max_hp_loss":0,"event_name":"Liars Game","floor":11,"gold_loss":0,"cards_obtained":["Doubt"]},{"damage_healed":25,"gold_gain":0,"player_choice":"Banana","damage_taken":0,"max_hp_gain":0,"max_hp_loss":0,"event_name":"Big Fish","floor":12,"gold_loss":0},{"damage_healed":0,"gold_gain":0,"cards_transformed":["Strike_B","Strike_B"],"player_choice":"Became Test Subject","damage_taken":0,"max_hp_gain":0,"max_hp_loss":0,"event_name":"Drug Dealer","floor":20,"gold_loss":0,"cards_obtained":["Rip and Tear","Double Energy"]},{"damage_healed":0,"gold_gain":0,"player_choice":"Obtained Relic","damage_taken":0,"relics_obtained":["War Paint"],"max_hp_gain":0,"max_hp_loss":0,"event_name":"Addict","floor":22,"gold_loss":85},{"damage_healed":0,"gold_gain":0,"player_choice":"Obtained Book","damage_taken":16,"max_hp_gain":0,"max_hp_loss":0,"event_name":"Cursed Tome","floor":24,"gold_loss":0}],"is_beta":false,"boss_relics":[{"not_picked":["Runic Dome","Eternal Feather"],"picked":"Sozu"}],"items_purged_floors":[],"is_endless":false,"potions_floor_spawned":[1,4,5,13,19,21],"killed_by":"Slavers","ascension_level":6}