{"gold_per_floor":[116,134,152,6,21,21,52,52,52,85,85,103,128,128,128,232,232,242,256,117,117],"floor_reached":21,"playtime":1034,"items_purged":["Strike_B","Strike_B"],"score":255,"play_id":"2af78a4a-d121-4c09-972d-8a3daf199dd4","local_time":"20181203185921","is_ascension_mode":true,"campfire_choices":[{"data":"Thunder Strike","floor":6,"key":"SMITH"},{"floor":8,"key":"REST"},{"floor":11,"key":"REST"},{"data":"Static Discharge","floor":15,"key":"SMITH"}],"neow_cost":"NONE","seed_source_timestamp":171431696337900,"circlet_count":0,"master_deck":["Strike_B","Strike_B","Defend_B","Defend_B","Defend_B","Defend_B","Zap","Dualcast","Thunder Strike+1","Conserve Battery","Ball Lightning","Capacitor","Self Repair","Hologram","Ball Lightning","Static Discharge+1","Electrodynamics","Echo Form","Conserve Battery","Defragment"],"relics":["Cracked Core","Gremlin Horn","Dead Branch","StoneCalendar","Odd Mushroom","Inserter"],"potions_floor_usage":[3,7,12,18,21],"damage_taken":[{"damage":0,"enemies":"Small Slimes","floor":1,"turns":3},{"damage":0,"enemies":"2 Louse","floor":2,"turns":3},{"damage":0,"enemies":"Jaw Worm","floor":3,"turns":1},{"damage":1,"enemies":"2 Fungi Beasts","floor":5,"turns":3},{"damage":40,"enemies":"3 Sentries","floor":7,"turns":6},{"damage":13,"enemies":"Lagavulin","floor":10,"turns":5},{"damage":16,"enemies":"Large Slime","floor":12,"turns":4},{"damage":16,"enemies":"The Mushroom Lair","floor":13,"turns":4},{"damage":30,"enemies":"Hexaghost","floor":16,"turns":7},{"damage":44,"enemies":"3 Byrds","floor":18,"turns":4},{"damage":28,"enemies":"Spheric Guardian","floor":19,"turns":4},{"damage":11,"enemies":"3 Cultists","floor":21,"turns":3}],"seed_played":"3808062757608082656","potions_obtained":[{"floor":1,"key":"Fire Potion"},{"floor":3,"key":"FocusPotion"},{"floor":7,"key":"Dexterity Potion"},{"floor":16,"key":"SpeedPotion"},{"floor":19,"key":"Poison Potion"}],"is_trial":false,"path_per_floor":["M","M","M","$","M","R","E","R","T","E","R","M","?","?","R","B",null,"M","M","$","M"],"character_chosen":"DEFECT","items_purchased":["Capacitor","Defragment"],"campfire_rested":2,"item_purchase_floors":[4,20],"current_hp_per_floor":[68,68,68,68,67,67,34,56,56,50,72,63,54,59,59,36,69,32,11,11,0],"gold":117,"neow_bonus":"ONE_RANDOM_RARE_CARD","is_prod":false,"is_daily":false,"chose_seed":false,"campfire_upgraded":2,"win_rate":0,"timestamp":1543859961,"path_taken":["M","M","M","$","M","R","E","R","T","E","R","M","?","?","R","BOSS","M","M","$","M"],"build_version":"2018-11-15","purchased_purges":2,"victory":false,"max_hp_per_floor":[75,75,75,75,75,75,75,75,75,75,75,75,75,80,80,80,80,80,80,80,80],"card_choices":[{"not_picked":["Recycle","Go for the Eyes","Double Energy"],"picked":"SKIP","floor":1},{"not_picked":["Steam","Melter"],"picked":"Conserve Battery","floor":2},{"not_picked":["Redo","White Noise"],"picked":"Ball Lightning","floor":3},{"not_picked":["Force Field","Sweeping Beam"],"picked":"Self Repair","floor":5},{"not_picked":["Coolheaded","Go for the Eyes"],"picked":"Hologram","floor":7},{"not_picked":["Conserve Battery","Rebound"],"picked":"Ball Lightning","floor":10},{"not_picked":["Reinforced Body","Beam Cell"],"picked":"Static Discharge","floor":12},{"not_picked":["Coolheaded","Doom and Gloom"],"picked":"Electrodynamics","floor":13},{"not_picked":["Creative AI","Seek"],"picked":"Echo Form","floor":16},{"not_picked":["Auto Shields","Sweeping Beam","Force Field+1"],"picked":"SKIP","floor":18},{"not_picked":["Cold Snap","Gash"],"picked":"Conserve Battery","floor":19}],"player_experience":333643,"relics_obtained":[{"floor":7,"key":"Gremlin Horn"},{"floor":9,"key":"Dead Branch"},{"floor":10,"key":"StoneCalendar"},{"floor":13,"key":"Odd Mushroom"}],"event_choices":[{"damage_healed":0,"gold_gain":0,"player_choice":"Fought Mushrooms","damage_taken":0,"max_hp_gain":0,"max_hp_loss":0,"event_name":"Mushrooms","floor":13,"gold_loss":0},{"damage_healed":0,"gold_gain":0,"player_choice":"Donut","damage_taken":0,"max_hp_gain":5,"max_hp_loss":0,"event_name":"Big Fish","floor":14,"gold_loss":0}],"is_beta":false,"boss_relics":[{"not_picked":["Calling Bell","FrozenCore"],"picked":"Inserter"}],"items_purged_floors":[4,20],"is_endless":false,"potions_floor_spawned":[1,3,7,16,19],"killed_by":"3 Cultists","ascension_level":7}