{"gold_per_floor":[116,136,148,164,164,239,239,256,256,13,13,29,29,41,41,41],"floor_reached":16,"playtime":8052,"items_purged":[],"score":94,"play_id":"91a0ee70-654d-430b-a7e3-a934959861d5","local_time":"20190405183321","is_ascension_mode":false,"campfire_choices":[{"data":"Rupture","floor":7,"key":"SMITH"},{"data":"Metallicize","floor":11,"key":"SMITH"},{"data":"Armaments","floor":15,"key":"SMITH"}],"neow_cost":"NONE","seed_source_timestamp":1234615523426400,"circlet_count":0,"master_deck":["Strike_R","Strike_R","Strike_R","Strike_R","Strike_R","Defend_R+1","Defend_R","Defend_R+1","Defend_R","Bash","Bludgeon","Warcry","Rupture+1","Thunderclap","Headbutt","Metallicize+1","Armaments+1","Iron Wave"],"relics":["Burning Blood","Question Card","Mummified Hand"],"potions_floor_usage":[16,16],"damage_taken":[{"damage":7,"enemies":"2 Louse","floor":1,"turns":3},{"damage":12,"enemies":"Small Slimes","floor":2,"turns":3},{"damage":11,"enemies":"Jaw Worm","floor":3,"turns":2},{"damage":15,"enemies":"Exordium Thugs","floor":4,"turns":3},{"damage":13,"enemies":"3 Louse","floor":8,"turns":4},{"damage":5,"enemies":"Gremlin Gang","floor":12,"turns":6},{"damage":0,"enemies":"Exordium Wildlife","floor":14,"turns":3},{"damage":32,"enemies":"Slime Boss","floor":16,"turns":7}],"seed_played":"2754598614841602309","potions_obtained":[{"floor":3,"key":"PowerPotion"},{"floor":8,"key":"Ancient Potion"}],"is_trial":false,"path_per_floor":["M","M","M","M","?","?","R","M","T","$","R","M","$","M","R","B"],"character_chosen":"IRONCLAD","items_purchased":["Mummified Hand"],"campfire_rested":0,"item_purchase_floors":[10],"current_hp_per_floor":[79,73,68,59,43,32,32,25,25,25,25,26,26,32,32,0],"gold":41,"neow_bonus":"ONE_RANDOM_RARE_CARD","is_prod":false,"is_daily":false,"chose_seed":false,"campfire_upgraded":3,"win_rate":0.0,"timestamp":1554482001,"path_taken":["M","M","M","M","?","?","R","M","T","$","R","M","?","M","R","BOSS"],"build_version":"2019-01-23","purchased_purges":0,"victory":false,"max_hp_per_floor":[80,80,80,80,80,80,80,80,80,80,80,80,80,80,80,80],"card_choices":[{"not_picked":["Perfected Strike","Sword Boomerang"],"picked":"Warcry","floor":1},{"not_picked":["Headbutt","Anger"],"picked":"Rupture","floor":2},{"not_picked":["Perfected Strike","Clash"],"picked":"Thunderclap","floor":3},{"not_picked":["Heavy Blade","Sword Boomerang"],"picked":"Headbutt","floor":4},{"not_picked":["Searing Blow","Sword Boomerang"],"picked":"Metallicize","floor":8},{"not_picked":["Perfected Strike","Clothesline","Feel No Pain"],"picked":"Armaments","floor":12},{"not_picked":["Feel No Pain","Dropkick","Fiend Fire"],"picked":"Iron Wave","floor":14}],"player_experience":95930,"relics_obtained":[{"floor":9,"key":"Question Card"}],"event_choices":[{"damage_healed":0,"gold_gain":0,"player_choice":"Entered Light","damage_taken":16,"max_hp_gain":0,"max_hp_loss":0,"event_name":"Shining Light","floor":5,"gold_loss":0,"cards_upgraded":["Defend_R","Defend_R"]},{"damage_healed":0,"gold_gain":75,"player_choice":"Gather Gold","damage_taken":11,"max_hp_gain":0,"max_hp_loss":0,"event_name":"World of Goop","floor":6,"gold_loss":0}],"is_beta":false,"boss_relics":[],"items_purged_floors":[],"is_endless":false,"potions_floor_spawned":[3,8],"killed_by":"Slime Boss","ascension_level":0}