{"gold_per_floor":[112,122,122,140,161,186,186,186,211,230,246,260,260,335,335,458,458,473,383,117,131,131,155,155,199,246,246,259,282,23,23,23,144,144,160,285,285,285,147,147,181,181,181,181,216,216,0,23,23,23],"floor_reached":51,"playtime":1548,"items_purged":["Strike_R","Shame"],"score":740,"play_id":"ac3e54cd-41dd-4c5a-bd51-7d15f0e8f852","local_time":"20181113194048","is_ascension_mode":false,"campfire_choices":[{"data":"Inflame","floor":7,"key":"SMITH"},{"data":"Bash","floor":13,"key":"SMITH"},{"floor":15,"key":"REST"},{"data":"Limit Break","floor":24,"key":"SMITH"},{"data":"Uppercut","floor":27,"key":"SMITH"},{"data":"Heavy Blade","floor":32,"key":"SMITH"},{"floor":40,"key":"REST"},{"data":"Demon Form","floor":42,"key":"SMITH"},{"data":"True Grit","floor":46,"key":"SMITH"},{"data":"Trip","floor":49,"key":"SMITH"}],"neow_cost":"NONE","seed_source_timestamp":1830699096913344,"circlet_count":0,"master_deck":["Strike_R","Strike_R","Defend_R","Defend_R","Defend_R+1","Defend_R","Bash+1","Inflame+1","Thunderclap","Perfected Strike","Demon Form+1","Limit Break+1","Armaments+1","Uppercut+1","Heavy Blade+1","True Grit+1","Madness","Madness","Dark Shackles","Good Instincts","Trip+1","Metallicize","Metallicize","Clothesline+1"],"relics":["Burning Blood","Bag of Marbles","Golden Idol","Strawberry","Centennial Puzzle","Busted Crown","Anchor","MutagenicStrength","Dream Catcher","Red Skull","Paper Frog","Meat on the Bone","Velvet Choker","Unceasing Top","Ice Cream","Ornamental Fan","PreservedInsect","Red Mask"],"potions_floor_usage":[16,25,33,50,50,50],"damage_taken":[{"damage":6,"enemies":"Jaw Worm","floor":1,"turns":3},{"damage":0,"enemies":"2 Louse","floor":2,"turns":2},{"damage":6,"enemies":"Cultist","floor":4,"turns":3},{"damage":10,"enemies":"Looter","floor":5,"turns":2},{"damage":6,"enemies":"Exordium Wildlife","floor":6,"turns":3},{"damage":9,"enemies":"2 Fungi Beasts","floor":10,"turns":3},{"damage":26,"enemies":"Large Slime","floor":11,"turns":5},{"damage":19,"enemies":"Blue Slaver","floor":12,"turns":3},{"damage":35,"enemies":"Slime Boss","floor":16,"turns":5},{"damage":20,"enemies":"2 Thieves","floor":18,"turns":4},{"damage":14,"enemies":"Spheric Guardian","floor":21,"turns":4},{"damage":1,"enemies":"Cultist and Chosen","floor":23,"turns":5},{"damage":4,"enemies":"Book of Stabbing","floor":25,"turns":4},{"damage":11,"enemies":"Snecko","floor":28,"turns":4},{"damage":19,"enemies":"Sentry and Sphere","floor":29,"turns":5},{"damage":28,"enemies":"Champ","floor":33,"turns":7},{"damage":15,"enemies":"3 Darklings","floor":35,"turns":6},{"damage":14,"enemies":"Mind Bloom Boss Battle","floor":36,"turns":5},{"damage":5,"enemies":"Nemesis","floor":41,"turns":5},{"damage":4,"enemies":"Giant Head","floor":45,"turns":7},{"damage":6,"enemies":"Orb Walker","floor":48,"turns":3},{"damage":43,"enemies":"Donu and Deca","floor":50,"turns":7}],"seed_played":"-4616574774906294998","potions_obtained":[{"floor":1,"key":"LiquidBronze"},{"floor":5,"key":"Poison Potion"},{"floor":6,"key":"Dexterity Potion"},{"floor":21,"key":"FearPotion"},{"floor":28,"key":"PowerPotion"},{"floor":33,"key":"SpeedPotion"},{"floor":48,"key":"Poison Potion"}],"is_trial":false,"path_per_floor":["M","M","?","M","M","M","R","?","T","M","M","M","R","?","R","B",null,"M","?","$","M","?","M","R","E","T","R","M","M","$","?","R","B",null,"M","?","?","?","$","R","E","R","T","?","E","R","?","M","R","B",null],"character_chosen":"IRONCLAD","items_purchased":["Anchor","Uppercut","Paper Frog","Metallicize"],"campfire_rested":2,"item_purchase_floors":[20,20,30,39],"current_hp_per_floor":[80,80,60,60,56,56,56,63,63,60,40,27,27,16,42,13,87,73,73,73,65,65,70,70,72,72,72,67,54,54,54,54,44,87,78,70,59,49,49,75,76,76,76,76,78,78,78,78,78,53],"gold":23,"neow_bonus":"RANDOM_COMMON_RELIC","is_prod":false,"is_daily":false,"chose_seed":false,"campfire_upgraded":8,"win_rate":0,"timestamp":1542166848,"path_taken":["M","M","?","M","M","M","R","?","T","M","M","M","R","?","R","BOSS","M","?","$","?","?","M","R","E","T","R","M","M","?","?","R","BOSS","M","?","?","?","$","R","E","R","T","?","E","R","?","M","R","BOSS"],"build_version":"2018-11-08","purchased_purges":2,"victory":true,"max_hp_per_floor":[80,80,80,80,80,80,80,87,87,87,87,87,87,87,87,87,87,87,87,87,87,87,87,87,87,87,87,87,87,87,87,87,87,87,87,87,87,87,87,87,87,87,87,87,87,87,87,87,87,87],"card_choices":[{"not_picked":["Feel No Pain","Clothesline"],"picked":"Inflame","floor":1},{"not_picked":["Wild Strike","Seeing Red","Heavy Blade"],"picked":"SKIP","floor":2},{"not_picked":["Bloodletting","Anger"],"picked":"Thunderclap","floor":4},{"not_picked":["Twin Strike","Warcry","Clothesline"],"picked":"SKIP","floor":5},{"not_picked":["Evolve","Sword Boomerang","Dual Wield"],"picked":"SKIP","floor":6},{"not_picked":["Perfected Strike","Warcry","Body Slam"],"picked":"SKIP","floor":10},{"not_picked":["Evolve","Infernal Blade"],"picked":"Perfected Strike","floor":11},{"not_picked":["Searing Blow","Hemokinesis"],"picked":"Demon Form","floor":12},{"not_picked":["Bludgeon","Impervious"],"picked":"Limit Break","floor":16},{"not_picked":[],"picked":"Armaments+1","floor":18},{"not_picked":["Cleave"],"picked":"SKIP","floor":21},{"not_picked":["Sword Boomerang"],"picked":"SKIP","floor":23},{"not_picked":["Burning Pact"],"picked":"SKIP","floor":25},{"not_picked":[],"picked":"Heavy Blade","floor":28},{"not_picked":["Body Slam"],"picked":"SKIP","floor":29},{"not_picked":[],"picked":"True Grit","floor":35},{"not_picked":[],"picked":"Dark Shackles","floor":38},{"not_picked":[],"picked":"Good Instincts","floor":38},{"not_picked":[],"picked":"Trip","floor":38},{"not_picked":[],"picked":"Metallicize","floor":40},{"not_picked":[],"picked":"Clothesline+1","floor":41},{"not_picked":["Armaments"],"picked":"SKIP","floor":45},{"not_picked":["Intimidate"],"picked":"SKIP","floor":48}],"player_experience":334059,"relics_obtained":[{"floor":9,"key":"Centennial Puzzle"},{"floor":25,"key":"Dream Catcher"},{"floor":26,"key":"Red Skull"},{"floor":36,"key":"Unceasing Top"},{"floor":41,"key":"Ice Cream"},{"floor":43,"key":"Ornamental Fan"},{"floor":45,"key":"PreservedInsect"}],"event_choices":[{"damage_healed":0,"gold_gain":0,"player_choice":"Take Damage","damage_taken":20,"relics_obtained":["Golden Idol"],"max_hp_gain":0,"max_hp_loss":0,"event_name":"Golden Idol","floor":3,"gold_loss":0},{"damage_healed":0,"gold_gain":0,"player_choice":"Searched \u00271\u0027 times","damage_taken":0,"relics_obtained":["Strawberry"],"max_hp_gain":0,"max_hp_loss":0,"event_name":"Dead Adventurer","floor":8,"gold_loss":0},{"damage_healed":0,"gold_gain":75,"player_choice":"Gather Gold","damage_taken":11,"max_hp_gain":0,"max_hp_loss":0,"event_name":"World of Goop","floor":14,"gold_loss":0},{"cards_removed":["Strike_R"],"damage_healed":0,"gold_gain":0,"player_choice":"Upgrade and Remove","damage_taken":0,"max_hp_gain":0,"max_hp_loss":0,"event_name":"Designer","floor":19,"gold_loss":90,"cards_upgraded":["Defend_R"]},{"damage_healed":0,"gold_gain":0,"player_choice":"Inject Mutagens","damage_taken":0,"relics_obtained":["MutagenicStrength"],"max_hp_gain":0,"max_hp_loss":0,"event_name":"Drug Dealer","floor":22,"gold_loss":0},{"damage_healed":0,"gold_gain":0,"player_choice":"Stole Relic","damage_taken":0,"relics_obtained":["Meat on the Bone"],"max_hp_gain":0,"max_hp_loss":0,"event_name":"Addict","floor":31,"gold_loss":0,"cards_obtained":["Shame"]},{"damage_healed":0,"gold_gain":0,"player_choice":"Fight","damage_taken":0,"max_hp_gain":0,"max_hp_loss":0,"event_name":"MindBloom","floor":36,"gold_loss":0},{"damage_healed":0,"gold_gain":0,"player_choice":"Embrace Madness","damage_taken":11,"max_hp_gain":0,"max_hp_loss":0,"event_name":"Winding Halls","floor":37,"gold_loss":0,"cards_obtained":["Madness","Madness"]},{"damage_healed":0,"gold_gain":0,"player_choice":"Memory 3","damage_taken":10,"max_hp_gain":0,"max_hp_loss":0,"event_name":"SensoryStone","floor":38,"gold_loss":0},{"cards_removed":["Strike_R"],"damage_healed":0,"gold_gain":0,"player_choice":"Removed Attack","damage_taken":0,"max_hp_gain":0,"max_hp_loss":0,"event_name":"Falling","floor":44,"gold_loss":0},{"damage_healed":0,"gold_gain":0,"player_choice":"Paid","damage_taken":0,"relics_obtained":["Red Mask"],"max_hp_gain":0,"max_hp_loss":0,"event_name":"Tomb of Lord Red Mask","floor":47,"gold_loss":216}],"is_beta":false,"boss_relics":[{"not_picked":["Snecko Eye","Lizard Tail"],"picked":"Busted Crown"},{"not_picked":["Astrolabe","Mark of Pain"],"picked":"Velvet Choker"}],"items_purged_floors":[20,39],"is_endless":false,"potions_floor_spawned":[1,5,6,11,21,23,28,33,36,48],"ascension_level":0}