{"gold_per_floor":[217,4,16,35,52,52,79,79,79,79,112,32,50,64,64,165,165,154,165,165,181,181,181,238,238,284,298,298],"floor_reached":28,"playtime":2179,"items_purged":[],"score":420,"play_id":"b9345c22-634d-4df3-a010-de3764088ae9","local_time":"20190421173129","is_ascension_mode":true,"campfire_choices":[{"data":"Chaos","floor":6.0,"key":"SMITH"},{"data":"Fission","floor":8.0,"key":"SMITH"},{"floor":10.0,"key":"REST"},{"data":"Go for the Eyes","floor":15.0,"key":"SMITH"},{"data":"Coolheaded","floor":23.0,"key":"SMITH"},{"floor":25.0,"key":"REST"}],"neow_cost":"NONE","seed_source_timestamp":719047482078297,"circlet_count":0,"master_deck":["Strike_B+1","Strike_B+1","Strike_B+1","Strike_B+1","Defend_B+1","Defend_B+1","Defend_B+1","Defend_B+1","Zap","Dualcast","Go for the Eyes","Fission+1","Core Surge","Chaos+1","Go for the Eyes+1","Seek","Self Repair","Undo","Undo","Amplify","Compile Driver+1","Coolheaded+1","Turbo+1","Redo+1","Loop"],"special_seed":0,"relics":["Cracked Core","Peace Pipe","WingedGreaves","Girya","Lizard Tail","Tiny Chest","Regal Pillow"],"potions_floor_usage":[28],"damage_taken":[{"damage":1.0,"enemies":"Cultist","floor":1.0,"turns":4.0},{"damage":0.0,"enemies":"2 Louse","floor":3.0,"turns":2.0},{"damage":0.0,"enemies":"Small Slimes","floor":4.0,"turns":2.0},{"damage":9.0,"enemies":"Gremlin Gang","floor":5.0,"turns":5.0},{"damage":30.0,"enemies":"3 Sentries","floor":7.0,"turns":7.0},{"damage":30.0,"enemies":"Gremlin Nob","floor":11.0,"turns":4.0},{"damage":1.0,"enemies":"Blue Slaver","floor":13.0,"turns":4.0},{"damage":0.0,"enemies":"3 Louse","floor":14.0,"turns":3.0},{"damage":0.0,"enemies":"The Guardian","floor":16.0,"turns":12.0},{"damage":15.0,"enemies":"2 Thieves","floor":18.0,"turns":4.0},{"damage":22.0,"enemies":"Spheric Guardian","floor":19.0,"turns":4.0},{"damage":26.0,"enemies":"Cultist and Chosen","floor":21.0,"turns":7.0},{"damage":75.0,"enemies":"Gremlin Leader","floor":24.0,"turns":13.0},{"damage":21.0,"enemies":"Snake Plant","floor":27.0,"turns":4.0},{"damage":44,"enemies":"Slavers","floor":28,"turns":2}],"seed_played":"-4924392665281308379","potions_obtained":[{"floor":1.0,"key":"Block Potion"},{"floor":4.0,"key":"SpeedPotion"},{"floor":5.0,"key":"EssenceOfSteel"},{"floor":11.0,"key":"SkillPotion"},{"floor":16.0,"key":"LiquidBronze"},{"floor":19.0,"key":"FocusPotion"},{"floor":21.0,"key":"LiquidBronze"},{"floor":24.0,"key":"Poison Potion"}],"is_trial":false,"path_per_floor":["M","$","M","M","M","R","E","R","T","R","E","$","M","M","R","B",null,"M","M","?","M","?","R","E","R","T","M","E"],"character_chosen":"DEFECT","items_purchased":["Fission","Core Surge","Undo"],"campfire_rested":2,"item_purchase_floors":[2,2,12],"current_hp_per_floor":[67,67,67,67,58,58,28,28,28,50,27,27,33,40,40,47,68,53,38,38,19,44,44,28,50,50,36,0],"gold":298,"neow_bonus":"HUNDRED_GOLD","is_prod":false,"is_daily":false,"chose_seed":false,"campfire_upgraded":4,"win_rate":0,"timestamp":1555835489,"path_taken":["M","$","?","M","M","R","E","R","T","R","E","$","M","M","R","BOSS","M","M","?","M","?","R","E","R","T","M","E"],"build_version":"2019-01-23","purchased_purges":0,"victory":false,"max_hp_per_floor":[75,75,75,75,75,75,75,75,75,75,75,75,75,75,75,75,75,75,75,75,75,75,75,75,75,75,75,75],"card_choices":[{"not_picked":["Lockon","Hologram"],"picked":"Go for the Eyes","floor":1.0},{"not_picked":["Rip and Tear","Streamline"],"picked":"Chaos","floor":3.0},{"not_picked":["Steam","Beam Cell"],"picked":"Go for the Eyes","floor":4.0},{"not_picked":["Go for the Eyes","Cold Snap"],"picked":"Seek","floor":5.0},{"not_picked":["Conserve Battery","Compile Driver"],"picked":"Self Repair","floor":7.0},{"not_picked":["Multi-Cast","Stack","Beam Cell"],"picked":"SKIP","floor":13.0},{"not_picked":["Stack","Heatsinks"],"picked":"Undo","floor":14.0},{"not_picked":["Thunder Strike","Seek"],"picked":"Amplify","floor":16.0},{"not_picked":["Barrage","Steam"],"picked":"Compile Driver+1","floor":18.0},{"not_picked":["Reinforced Body","Stack"],"picked":"Coolheaded","floor":19.0},{"not_picked":["Go for the Eyes","Recycle+1"],"picked":"Turbo+1","floor":21.0},{"not_picked":["Multi-Cast","Storm+1"],"picked":"Redo+1","floor":24.0},{"not_picked":["Barrage","Turbo"],"picked":"Loop","floor":27.0}],"player_experience":391206,"relics_obtained":[{"floor":7.0,"key":"Peace Pipe"},{"floor":9.0,"key":"WingedGreaves"},{"floor":11.0,"key":"Girya"},{"floor":24.0,"key":"Tiny Chest"},{"floor":26.0,"key":"Regal Pillow"}],"event_choices":[{"damage_healed":0.0,"max_hp_gain":0.0,"max_hp_loss":0.0,"gold_gain":0.0,"event_name":"Back to Basics","player_choice":"Simplicity","floor":20.0,"gold_loss":0.0,"damage_taken":0.0,"cards_upgraded":["Strike_B","Strike_B","Strike_B","Strike_B","Defend_B","Defend_B","Defend_B","Defend_B"]},{"damage_healed":25.0,"max_hp_gain":0.0,"max_hp_loss":0.0,"gold_gain":0.0,"event_name":"The Library","player_choice":"Heal","floor":22.0,"gold_loss":0.0,"damage_taken":0.0}],"is_beta":false,"boss_relics":[{"not_picked":["Runic Pyramid","Black Star"],"picked":"Lizard Tail"}],"items_purged_floors":[],"is_endless":false,"potions_floor_spawned":[1,4,5,11,16,19,21,24],"killed_by":"Slavers","ascension_level":8}