{"gold_per_floor":[115,115,69,82,98,130,130,147,147,147,159,176,176,195,195,299,299,309,325,342,30,40,67,87,87,138,138,163,174,174,188,188,289,289,307,319,319,332,64,64,99,113,113,13,13,13,29,46,46,46],"floor_reached":50,"playtime":4387,"items_purged":["Strike_B","Defend_B"],"score":546,"play_id":"98971841-e6e9-4137-98c3-ef5d11489cda","local_time":"20190419205934","is_ascension_mode":true,"campfire_choices":[{"data":"Sunder","floor":7,"key":"SMITH"},{"data":"Streamline","floor":10,"key":"SMITH"},{"floor":15,"key":"REST"},{"floor":30,"key":"REST"},{"floor":32,"key":"REST"},{"data":"Creative AI","floor":40,"key":"SMITH"},{"floor":49,"key":"REST"}],"neow_cost":"NONE","seed_source_timestamp":420381822040363,"circlet_count":0,"master_deck":["Strike_B","Defend_B","Defend_B","Defend_B","Zap","Dualcast","Sunder+1","Streamline+1","Cold Snap","Rainbow","Steam","BootSequence","Coolheaded","Amplify","Hologram+1","Go for the Eyes","Redo+1","Creative AI+1","BootSequence","Transmutation","Go for the Eyes","Fusion+1","Writhe"],"relics":["Runic Pyramid","WarpedTongs","Bottled Flame","Girya","Empty Cage","StoneCalendar","Bird Faced Urn","Ancient Tea Set","Happy Flower","Sozu","FaceOfCleric","Bronze Scales","Shuriken"],"potions_floor_usage":[6,12,16,16,16,23,28],"damage_taken":[{"damage":1,"enemies":"Cultist","floor":1,"turns":4},{"damage":0,"enemies":"2 Louse","floor":4,"turns":1},{"damage":2,"enemies":"Jaw Worm","floor":5,"turns":3},{"damage":17,"enemies":"3 Sentries","floor":6,"turns":5},{"damage":11,"enemies":"Blue Slaver","floor":8,"turns":3},{"damage":24,"enemies":"Lots of Slimes","floor":11,"turns":4},{"damage":7,"enemies":"Looter","floor":12,"turns":2},{"damage":5,"enemies":"Exordium Thugs","floor":14,"turns":4},{"damage":30,"enemies":"Hexaghost","floor":16,"turns":8},{"damage":0,"enemies":"Chosen","floor":18,"turns":5},{"damage":10,"enemies":"Shell Parasite","floor":19,"turns":6},{"damage":22,"enemies":"3 Cultists","floor":20,"turns":6},{"damage":2,"enemies":"Cultist and Chosen","floor":22,"turns":6},{"damage":14,"enemies":"Slavers","floor":23,"turns":5},{"damage":0,"enemies":"Shelled Parasite and Fungi","floor":24,"turns":5},{"damage":11,"enemies":"Colosseum Slavers","floor":25,"turns":5},{"damage":16,"enemies":"Gremlin Leader","floor":28,"turns":7},{"damage":12,"enemies":"Sentry and Sphere","floor":29,"turns":6},{"damage":5,"enemies":"3 Cultists","floor":31,"turns":6},{"damage":24,"enemies":"Collector","floor":33,"turns":9},{"damage":15,"enemies":"Orb Walker","floor":35,"turns":4},{"damage":0,"enemies":"3 Shapes","floor":36,"turns":5},{"damage":23,"enemies":"Jaw Worm Horde","floor":38,"turns":7},{"damage":78,"enemies":"Giant Head","floor":41,"turns":10},{"damage":0,"enemies":"Maw","floor":42,"turns":7},{"damage":18,"enemies":"Writhing Mass","floor":47,"turns":7},{"damage":2,"enemies":"Transient","floor":48,"turns":5},{"damage":93,"enemies":"Awakened One","floor":50,"turns":8}],"seed_played":"1875688976882257311","potions_obtained":[{"floor":1,"key":"AttackPotion"},{"floor":8,"key":"Fruit Juice"},{"floor":11,"key":"Explosive Potion"},{"floor":12,"key":"PowerPotion"},{"floor":14,"key":"Strength Potion"},{"floor":19,"key":"FairyPotion"},{"floor":22,"key":"EssenceOfSteel"},{"floor":23,"key":"SkillPotion"}],"is_trial":false,"path_per_floor":["M","?","$","M","M","E","R","M","T","R","M","M","?","M","R","B",null,"M","M","M","$","M","E","M","?","T","?","E","M","R","M","R","B",null,"M","M","?","M","$","R","E","M","T","$","?","$","M","M","R","B"],"character_chosen":"DEFECT","items_purchased":["Streamline","StoneCalendar","Transmutation","Go for the Eyes"],"campfire_rested":4,"item_purchase_floors":[3,21,39,39],"current_hp_per_floor":[74,74,74,74,72,55,55,44,44,44,20,18,18,13,37,7,80,80,70,48,48,46,32,32,21,21,21,5,6,30,25,49,25,80,65,77,77,73,73,73,10,31,31,31,52,52,45,58,83,0],"gold":46,"neow_bonus":"BOSS_RELIC","is_prod":false,"is_daily":false,"chose_seed":false,"campfire_upgraded":3,"win_rate":0,"timestamp":1555703974,"path_taken":["M","?","$","?","M","E","R","M","T","R","M","?","?","M","R","BOSS","M","M","M","$","M","E","M","?","T","?","E","M","R","M","R","BOSS","M","?","?","M","$","R","E","M","T","?","?","$","M","M","R","BOSS"],"build_version":"2019-01-23","purchased_purges":2,"victory":false,"max_hp_per_floor":[75,75,75,75,75,75,75,75,75,75,75,80,80,80,80,80,80,80,80,80,80,80,80,80,80,80,80,80,80,80,80,80,80,80,80,80,80,81,81,81,82,83,83,83,83,83,84,85,85,85],"card_choices":[{"not_picked":["Steam Power","Cold Snap"],"picked":"Sunder","floor":1},{"not_picked":["Steam","Stack"],"picked":"Cold Snap","floor":4},{"not_picked":["Stack","Barrage","Sweeping Beam"],"picked":"SKIP","floor":5},{"not_picked":["Rebound","Storm"],"picked":"Rainbow","floor":6},{"not_picked":["Streamline","Ball Lightning","Melter"],"picked":"SKIP","floor":8},{"not_picked":["Conserve Battery","Ball Lightning"],"picked":"Steam","floor":11},{"not_picked":["Barrage","Double Energy"],"picked":"BootSequence","floor":12},{"not_picked":["Capacitor","Barrage"],"picked":"Coolheaded","floor":14},{"not_picked":["Seek","All For One"],"picked":"Amplify","floor":16},{"not_picked":["Steam Power","Compile Driver"],"picked":"Hologram+1","floor":18},{"not_picked":["Sweeping Beam","Double Energy"],"picked":"Go for the Eyes","floor":19},{"not_picked":["Chaos","Gash","Conserve Battery"],"picked":"SKIP","floor":20},{"not_picked":["Compile Driver","Doom and Gloom","Rebound+1"],"picked":"SKIP","floor":22},{"not_picked":["Coolheaded","Sunder+1","Sweeping Beam+1"],"picked":"SKIP","floor":23},{"not_picked":["Hologram","Sweeping Beam+1","Leap+1"],"picked":"SKIP","floor":24},{"not_picked":["Redo","Amplify","Auto Shields+1"],"picked":"SKIP","floor":28},{"not_picked":["Ball Lightning","Sunder+1"],"picked":"Redo+1","floor":29},{"not_picked":["Hello World","Ball Lightning","Consume"],"picked":"SKIP","floor":31},{"not_picked":["Reboot","All For One"],"picked":"Creative AI","floor":33},{"not_picked":["Ball Lightning+1","Leap"],"picked":"BootSequence","floor":35},{"not_picked":["Force Field+1","Cold Snap+1","Sweeping Beam+1"],"picked":"SKIP","floor":36},{"not_picked":["Force Field","Ball Lightning","Undo"],"picked":"SKIP","floor":38},{"not_picked":["Beam Cell+1","Storm+1"],"picked":"Fusion+1","floor":41},{"not_picked":["FTL+1","Undo+1","Leap+1"],"picked":"SKIP","floor":42},{"not_picked":["Go for the Eyes","Consume+1","Coolheaded"],"picked":"SKIP","floor":47},{"not_picked":["Leap+1","Self Repair+1","Aggregate+1"],"picked":"SKIP","floor":48}],"player_experience":1794401,"relics_obtained":[{"floor":6,"key":"Bottled Flame"},{"floor":9,"key":"Girya"},{"floor":23,"key":"Bird Faced Urn"},{"floor":26,"key":"Ancient Tea Set"},{"floor":28,"key":"Happy Flower"},{"floor":41,"key":"Bronze Scales"},{"floor":43,"key":"Shuriken"}],"event_choices":[{"damage_healed":0,"gold_gain":0,"player_choice":"Rummage","damage_taken":0,"relics_obtained":["WarpedTongs"],"max_hp_gain":0,"max_hp_loss":0,"event_name":"Accursed Blacksmith","floor":2,"gold_loss":0,"cards_obtained":["Pain"]},{"damage_healed":0,"gold_gain":0,"player_choice":"Ignored","damage_taken":0,"max_hp_gain":0,"max_hp_loss":0,"event_name":"Shining Light","floor":13,"gold_loss":0},{"damage_healed":0,"gold_gain":0,"player_choice":"Fight","damage_taken":0,"max_hp_gain":0,"max_hp_loss":0,"event_name":"Colosseum","floor":25,"gold_loss":0},{"damage_healed":0,"gold_gain":0,"player_choice":"Fled From Nobs","damage_taken":0,"max_hp_gain":0,"max_hp_loss":0,"event_name":"Colosseum","floor":25,"gold_loss":0},{"cards_removed":["Strike_B"],"damage_healed":0,"gold_gain":0,"player_choice":"Purged","damage_taken":0,"max_hp_gain":0,"max_hp_loss":0,"event_name":"Purifier","floor":27,"gold_loss":0},{"damage_healed":0,"gold_gain":0,"player_choice":"Trade","damage_taken":0,"relics_obtained":["FaceOfCleric"],"max_hp_gain":0,"max_hp_loss":0,"event_name":"FaceTrader","floor":37,"gold_loss":0},{"damage_healed":21,"gold_gain":0,"player_choice":"Writhe","damage_taken":0,"max_hp_gain":0,"max_hp_loss":0,"event_name":"Winding Halls","floor":45,"gold_loss":0,"cards_obtained":["Writhe"]}],"is_beta":false,"boss_relics":[{"not_picked":["Snecko Eye","Black Star"],"picked":"Empty Cage"},{"not_picked":["Busted Crown","Astrolabe"],"picked":"Sozu"}],"items_purged_floors":[39,44],"is_endless":false,"potions_floor_spawned":[1,8,11,12,14,19,22,23,25,35,41,47],"killed_by":"Awakened One","ascension_level":1}