{"gold_per_floor":[112,124,124,124,135,161,161,180,205,224,287,287,299,146,146,146],"floor_reached":16,"playtime":537,"items_purged":["Strike_R"],"score":164,"play_id":"1dee18e5-a933-4c7c-8e71-a6ae56c570e3","local_time":"20190325183007","is_ascension_mode":true,"campfire_choices":[{"floor":7,"key":"REST"},{"data":"Havoc","floor":15,"key":"SMITH"}],"neow_cost":"NONE","seed_source_timestamp":222781887339345,"circlet_count":0,"master_deck":["Strike_R","Strike_R","Strike_R","Defend_R","Defend_R+1","Defend_R","Defend_R","Bash+1","Offering","Twin Strike","Clothesline","Uppercut","Anger","Wild Strike","Headbutt","Brutality","True Grit","Havoc+1"],"relics":["Burning Blood","Smiling Mask","Juzu Bracelet","Tiny Chest"],"potions_floor_usage":[11,11,16,16,16],"damage_taken":[{"damage":3,"enemies":"2 Louse","floor":1,"turns":3},{"damage":2,"enemies":"Jaw Worm","floor":2,"turns":3},{"damage":12,"enemies":"Small Slimes","floor":5,"turns":3},{"damage":26,"enemies":"Lagavulin","floor":6,"turns":5},{"damage":6,"enemies":"Blue Slaver","floor":8,"turns":2},{"damage":7,"enemies":"Looter","floor":10,"turns":2},{"damage":0,"enemies":"Gremlin Nob","floor":11,"turns":2},{"damage":9,"enemies":"3 Louse","floor":13,"turns":3},{"damage":62,"enemies":"The Guardian","floor":16,"turns":8}],"seed_played":"7233879137561955724","potions_obtained":[{"floor":5,"key":"FearPotion"},{"floor":6,"key":"AttackPotion"},{"floor":8,"key":"Fire Potion"},{"floor":11,"key":"Swift Potion"}],"is_trial":false,"path_per_floor":["M","M","?","?","M","E","R","M","T","M","E","?","M","$","R","B"],"character_chosen":"IRONCLAD","items_purchased":["Weak Potion","Havoc"],"campfire_rested":1,"item_purchase_floors":[14,14],"current_hp_per_floor":[80,80,73,57,51,31,55,55,55,54,60,65,62,62,62,0],"gold":146,"neow_bonus":"ONE_RANDOM_RARE_CARD","is_prod":false,"is_daily":false,"chose_seed":false,"campfire_upgraded":1,"win_rate":0,"timestamp":1553560207,"path_taken":["M","M","?","?","M","E","R","M","T","M","E","?","M","$","R","BOSS"],"build_version":"2019-01-23","purchased_purges":1,"victory":false,"max_hp_per_floor":[80,80,80,80,80,80,80,80,80,80,80,85,85,85,85,85],"card_choices":[{"not_picked":["Heavy Blade","Cleave"],"picked":"Twin Strike","floor":1},{"not_picked":["Anger","Heavy Blade"],"picked":"Clothesline","floor":2},{"not_picked":["Rupture","Thunderclap"],"picked":"Uppercut","floor":5},{"not_picked":["Dual Wield","Corruption"],"picked":"Anger","floor":6},{"not_picked":["Dropkick","Iron Wave"],"picked":"Wild Strike","floor":8},{"not_picked":["Twin Strike","Iron Wave"],"picked":"Headbutt","floor":10},{"not_picked":["Clash","Sever Soul"],"picked":"Brutality","floor":11},{"not_picked":["Heavy Blade","Perfected Strike"],"picked":"True Grit","floor":13}],"player_experience":327746,"relics_obtained":[{"floor":6,"key":"Smiling Mask"},{"floor":9,"key":"Juzu Bracelet"},{"floor":11,"key":"Tiny Chest"}],"event_choices":[{"cards_removed":["Strike_R"],"damage_healed":0,"gold_gain":0,"player_choice":"Card Removal","damage_taken":7,"max_hp_gain":0,"max_hp_loss":0,"event_name":"Golden Wing","floor":3,"gold_loss":0},{"damage_healed":0,"gold_gain":0,"player_choice":"Entered Light","damage_taken":16,"max_hp_gain":0,"max_hp_loss":0,"event_name":"Shining Light","floor":4,"gold_loss":0,"cards_upgraded":["Defend_R","Bash"]},{"damage_healed":0,"gold_gain":0,"player_choice":"Donut","damage_taken":0,"max_hp_gain":5,"max_hp_loss":0,"event_name":"Big Fish","floor":12,"gold_loss":0}],"is_beta":false,"boss_relics":[],"items_purged_floors":[14],"is_endless":false,"potions_floor_spawned":[5,6,8,11],"killed_by":"The Guardian","ascension_level":4}