{"gold_per_floor":[368,293,312,323,273,273,22,55,55,65,65,81,81],"floor_reached":13,"playtime":514,"items_purged":["Strike_R"],"score":119,"play_id":"a93e7cf8-0b50-448e-9fe4-8be67f2c4c41","local_time":"20190428175603","is_ascension_mode":true,"campfire_choices":[{"data":"Whirlwind","floor":6,"key":"SMITH"},{"data":"Armaments","floor":11,"key":"SMITH"}],"neow_cost":"PERCENT_DAMAGE","seed_source_timestamp":1625529690323200,"circlet_count":0,"master_deck":["Strike_R","Strike_R","Strike_R","Defend_R","Defend_R","Defend_R","Defend_R","Bash","Armaments+1","Whirlwind+1","Ghostly Armor","True Grit","Armaments","Burning Pact"],"relics":["Burning Blood","Mummified Hand","Darkstone Periapt","Bag of Preparation"],"potions_floor_usage":[8],"damage_taken":[{"damage":11,"enemies":"Cultist","floor":1,"turns":4},{"damage":23,"enemies":"Jaw Worm","floor":3,"turns":5},{"damage":7,"enemies":"2 Louse","floor":4,"turns":3},{"damage":27,"enemies":"Lagavulin","floor":8,"turns":9},{"damage":1,"enemies":"Large Slime","floor":10,"turns":9},{"damage":10,"enemies":"Red Slaver","floor":12,"turns":8},{"damage":2,"enemies":"3 Sentries","floor":13,"turns":4}],"seed_played":"8621844998034058128","potions_obtained":[{"floor":1,"key":"Energy Potion"},{"floor":8,"key":"FearPotion"},{"floor":10,"key":"FearPotion"}],"is_trial":false,"path_per_floor":["M","$","M","M","?","R","$","E","T","M","R","M","E"],"character_chosen":"IRONCLAD","items_purchased":["Mummified Hand"],"campfire_rested":0,"item_purchase_floors":[7],"current_hp_per_floor":[46,46,29,28,28,28,28,7,7,12,12,8,6],"gold":81,"neow_bonus":"TWO_FIFTY_GOLD","is_prod":false,"is_daily":false,"chose_seed":false,"campfire_upgraded":2,"win_rate":0,"timestamp":1556466963,"path_taken":["M","$","?","?","?","R","?","E","T","M","R","?","E"],"build_version":"2019-01-23","purchased_purges":1,"victory":false,"max_hp_per_floor":[80,80,80,80,80,80,80,80,80,80,80,80,80],"card_choices":[{"not_picked":["Sever Soul","Fire Breathing"],"picked":"Armaments","floor":1},{"not_picked":["Pommel Strike","Iron Wave"],"picked":"Whirlwind","floor":3},{"not_picked":["True Grit","Double Tap"],"picked":"Ghostly Armor","floor":4},{"not_picked":["Armaments","Body Slam"],"picked":"True Grit","floor":8},{"not_picked":["Sentinel","Iron Wave"],"picked":"Armaments","floor":10},{"not_picked":["Searing Blow","Entrench"],"picked":"Burning Pact","floor":12}],"player_experience":828507,"relics_obtained":[{"floor":8,"key":"Darkstone Periapt"},{"floor":9,"key":"Bag of Preparation"}],"event_choices":[{"cards_removed":["Strike_R"],"damage_healed":0,"gold_gain":0,"player_choice":"Card Removal","damage_taken":0,"max_hp_gain":0,"max_hp_loss":0,"event_name":"The Cleric","floor":5,"gold_loss":50}],"is_beta":false,"boss_relics":[],"items_purged_floors":[2],"is_endless":false,"potions_floor_spawned":[1,8,10],"killed_by":"3 Sentries","ascension_level":8}