{"gold_per_floor":[119,135,145,162,174,174,201,201,201,201,229,245,245,270,270,372,372,392,419,438,450,20,53,73,83,109,143,143,177,276,293,293,391,391,411,411,451,58,93,93,124,124,147,164,164,201,216,243,243,243],"floor_reached":51,"playtime":3225,"items_purged":[],"score":1029,"play_id":"af49362f-dc14-4dba-ad09-a333c3ad7c99","local_time":"20190427173017","is_ascension_mode":true,"campfire_choices":[{"data":"Demon Form","floor":6,"key":"SMITH"},{"data":"True Grit","floor":10,"key":"SMITH"},{"data":"Bash","floor":13,"key":"SMITH"},{"data":"Cleave","floor":15,"key":"SMITH"},{"floor":32,"key":"REST"},{"data":"Shockwave","floor":42,"key":"SMITH"},{"data":"Dual Wield","floor":45,"key":"SMITH"},{"data":"Dual Wield","floor":49,"key":"SMITH"}],"neow_cost":"PERCENT_DAMAGE","seed_source_timestamp":1534860564434700,"circlet_count":0,"master_deck":["Strike_R+1","Strike_R","Defend_R+1","Defend_R","Defend_R","Defend_R","Bash+1","Demon Form+1","Spot Weakness","Disarm+1","Pummel+1","True Grit+1","Shrug It Off","Cleave+1","Impervious","Thunderclap+1","Shockwave","Power Through","Mayhem","Perfected Strike","Bludgeon","Carnage","Reaper","Shockwave+1","Mayhem","HandOfGreed","Pummel","Whirlwind","Dual Wield+1","Dual Wield+1"],"relics":["Burning Blood","Whetstone","War Paint","Omamori","Letter Opener","Snecko Eye","Strawberry","Dodecahedron","Question Card","Boot","Paper Frog","Pear","Busted Crown","Bag of Preparation","Gremlin Horn","Potion Belt","Orichalcum","Bronze Scales"],"potions_floor_usage":[7,16,29,29,29,35,50],"damage_taken":[{"damage":15,"enemies":"Small Slimes","floor":1,"turns":7},{"damage":1,"enemies":"Cultist","floor":2,"turns":4},{"damage":0,"enemies":"2 Louse","floor":3,"turns":3},{"damage":9,"enemies":"Blue Slaver","floor":4,"turns":5},{"damage":14,"enemies":"2 Fungi Beasts","floor":5,"turns":5},{"damage":40,"enemies":"Gremlin Nob","floor":7,"turns":5},{"damage":0,"enemies":"Lagavulin","floor":11,"turns":5},{"damage":32,"enemies":"Exordium Thugs","floor":12,"turns":5},{"damage":9,"enemies":"3 Sentries","floor":14,"turns":8},{"damage":20,"enemies":"The Guardian","floor":16,"turns":9},{"damage":0,"enemies":"Shell Parasite","floor":18,"turns":4},{"damage":0,"enemies":"3 Byrds","floor":20,"turns":4},{"damage":6,"enemies":"Snake Plant","floor":21,"turns":4},{"damage":14,"enemies":"Book of Stabbing","floor":23,"turns":4},{"damage":30,"enemies":"Shelled Parasite and Fungi","floor":24,"turns":5},{"damage":9,"enemies":"Centurion and Healer","floor":25,"turns":5},{"damage":19,"enemies":"Gremlin Leader","floor":27,"turns":4},{"damage":44,"enemies":"Slavers","floor":29,"turns":4},{"damage":5,"enemies":"Snecko","floor":31,"turns":3},{"damage":3,"enemies":"Champ","floor":33,"turns":6},{"damage":47,"enemies":"3 Darklings","floor":35,"turns":8},{"damage":7,"enemies":"Orb Walker","floor":37,"turns":3},{"damage":27,"enemies":"4 Shapes","floor":39,"turns":3},{"damage":0,"enemies":"Giant Head","floor":41,"turns":4},{"damage":0,"enemies":"Maw","floor":44,"turns":4},{"damage":5,"enemies":"Jaw Worm Horde","floor":46,"turns":4},{"damage":0,"enemies":"Sphere and 2 Shapes","floor":47,"turns":2},{"damage":0,"enemies":"Reptomancer","floor":48,"turns":3},{"damage":37,"enemies":"Awakened One","floor":50,"turns":5}],"seed_played":"3829325016627182179","potions_obtained":[{"floor":1,"key":"BloodPotion"},{"floor":2,"key":"Strength Potion"},{"floor":7,"key":"Explosive Potion"},{"floor":12,"key":"EssenceOfSteel"},{"floor":21,"key":"SneckoOil"},{"floor":29,"key":"Swift Potion"},{"floor":31,"key":"SmokeBomb"},{"floor":33,"key":"Ancient Potion"},{"floor":37,"key":"Explosive Potion"},{"floor":47,"key":"Regen Potion"},{"floor":48,"key":"AttackPotion"}],"is_trial":false,"path_per_floor":["M","M","M","M","M","R","E","?","T","R","E","M","R","E","R","B",null,"M","T","M","M","$","E","M","M","T","E","$","E","?","M","R","B",null,"M","?","M","$","M","?","E","R","T","M","R","M","M","E","R","B",null],"character_chosen":"IRONCLAD","items_purchased":["Dodecahedron","Mayhem","Bag of Preparation","Gremlin Horn"],"campfire_rested":1,"item_purchase_floors":[22,22,38,38],"current_hp_per_floor":[47,52,58,55,47,47,13,80,80,80,80,54,54,51,51,37,80,80,87,87,87,87,79,55,52,52,39,39,19,19,20,49,52,97,69,59,58,58,57,57,63,63,63,86,86,87,97,97,97,97],"gold":243,"neow_bonus":"TRANSFORM_TWO_CARDS","is_prod":false,"is_daily":false,"chose_seed":false,"campfire_upgraded":7,"win_rate":0,"timestamp":1556379017,"path_taken":["M","M","M","M","M","R","E","?","T","R","E","?","R","E","R","BOSS","M","?","M","M","$","E","M","M","T","E","$","E","?","M","R","BOSS","M","?","M","$","M","?","E","R","T","M","R","?","?","E","R","BOSS"],"build_version":"2019-01-23","purchased_purges":0,"victory":true,"max_hp_per_floor":[80,80,80,80,80,80,80,80,80,80,80,80,80,80,80,80,80,80,87,87,87,87,87,87,87,87,87,87,97,97,97,97,97,97,97,97,97,97,97,97,97,97,97,97,97,97,97,97,97,97],"card_choices":[{"not_picked":["Corruption","Entrench"],"picked":"Spot Weakness","floor":1},{"not_picked":["Thunderclap","Blood for Blood"],"picked":"Disarm","floor":2},{"not_picked":["Armaments","Searing Blow"],"picked":"Pummel","floor":3},{"not_picked":["Perfected Strike","Flex","Wild Strike"],"picked":"SKIP","floor":4},{"not_picked":["Rage","Headbutt"],"picked":"True Grit","floor":5},{"not_picked":["Flex","Cleave"],"picked":"Shrug It Off","floor":7},{"not_picked":["Sword Boomerang","Searing Blow","Exhume"],"picked":"SKIP","floor":11},{"not_picked":["Sword Boomerang","Clash"],"picked":"Cleave","floor":12},{"not_picked":["Armaments","Rampage","Fire Breathing"],"picked":"SKIP","floor":14},{"not_picked":["Barricade","Exhume"],"picked":"Impervious","floor":16},{"not_picked":["Iron Wave","Perfected Strike+1"],"picked":"Thunderclap+1","floor":18},{"not_picked":["Carnage","Headbutt"],"picked":"Shockwave","floor":20},{"not_picked":["Sword Boomerang+1","Anger"],"picked":"Power Through","floor":21},{"not_picked":["Brutality","Reckless Charge","Headbutt"],"picked":"SKIP","floor":23},{"not_picked":["Body Slam","Clothesline+1","Sever Soul","Armaments"],"picked":"SKIP","floor":24},{"not_picked":["Wild Strike","Iron Wave","Burning Pact+1"],"picked":"Perfected Strike","floor":25},{"not_picked":["Twin Strike+1","Fire Breathing+1","Warcry"],"picked":"Bludgeon","floor":27},{"not_picked":["Searing Blow","Havoc","Body Slam+1"],"picked":"Carnage","floor":29},{"not_picked":["Warcry","Iron Wave+1","Flex","Anger"],"picked":"SKIP","floor":31},{"not_picked":["Barricade","Limit Break","Brutality"],"picked":"Reaper","floor":33},{"not_picked":["Warcry+1"],"picked":"Shockwave","floor":35},{"not_picked":["Finesse"],"picked":"Mayhem","floor":36},{"not_picked":["PanicButton"],"picked":"HandOfGreed","floor":36},{"not_picked":["Dropkick"],"picked":"Pummel","floor":37},{"not_picked":["Perfected Strike"],"picked":"Whirlwind","floor":39},{"not_picked":["Juggernaut","Pommel Strike"],"picked":"SKIP","floor":41},{"not_picked":["Wild Strike"],"picked":"Dual Wield","floor":44},{"not_picked":["Pommel Strike","Uppercut"],"picked":"SKIP","floor":46},{"not_picked":["Twin Strike+1","Power Through"],"picked":"SKIP","floor":47},{"not_picked":["Wild Strike+1"],"picked":"Dual Wield","floor":48}],"player_experience":794141,"relics_obtained":[{"floor":7,"key":"Whetstone"},{"floor":9,"key":"War Paint"},{"floor":11,"key":"Omamori"},{"floor":14,"key":"Letter Opener"},{"floor":19,"key":"Strawberry"},{"floor":23,"key":"Question Card"},{"floor":26,"key":"Boot"},{"floor":27,"key":"Paper Frog"},{"floor":29,"key":"Pear"},{"floor":41,"key":"Potion Belt"},{"floor":43,"key":"Orichalcum"},{"floor":48,"key":"Bronze Scales"}],"event_choices":[{"cards_removed":["Fire Breathing"],"damage_healed":67,"gold_gain":0,"player_choice":"Offered Uncommon","damage_taken":0,"max_hp_gain":0,"max_hp_loss":0,"event_name":"Bonfire Elementals","floor":8,"gold_loss":0},{"damage_healed":0,"gold_gain":99,"player_choice":"Stole From Cult","damage_taken":0,"max_hp_gain":0,"max_hp_loss":0,"event_name":"Nest","floor":30,"gold_loss":0},{"damage_healed":0,"gold_gain":0,"player_choice":"Memory 3","damage_taken":10,"max_hp_gain":0,"max_hp_loss":0,"event_name":"SensoryStone","floor":36,"gold_loss":0},{"cards_removed":["Strike_R"],"damage_healed":0,"gold_gain":0,"player_choice":"Purged","damage_taken":0,"max_hp_gain":0,"max_hp_loss":0,"event_name":"Purifier","floor":40,"gold_loss":0}],"is_beta":false,"boss_relics":[{"not_picked":["Pandora\u0027s Box","Velvet Choker"],"picked":"Snecko Eye"},{"not_picked":["Cursed Key","Empty Cage"],"picked":"Busted Crown"}],"items_purged_floors":[],"is_endless":false,"potions_floor_spawned":[1,2,7,12,21,25,29,31,33,37,47,48],"ascension_level":4}