{"gold_per_floor":[113,113,126,226,21,21,33,45,45,65,79,111,111,111,111,111],"floor_reached":16,"playtime":558,"items_purged":[],"score":132,"play_id":"05a27642-4e63-428f-9207-d4796cbe1c5f","local_time":"20181211093953","is_ascension_mode":true,"campfire_choices":[{"data":"Loop","floor":6,"key":"SMITH"},{"floor":13,"key":"REST"},{"floor":15,"key":"REST"}],"neow_cost":"NONE","seed_source_timestamp":559720678989290,"circlet_count":0,"master_deck":["Strike_B","Strike_B","Strike_B","Strike_B+1","Defend_B","Defend_B","Defend_B","Defend_B","Zap","Dualcast","FTL","Rebound","Loop+1","Stack","Lockon","Redo","Leap","Hologram","Rebound","Conserve Battery+1"],"relics":["Cracked Core","Pear","Frozen Egg 2"],"potions_floor_usage":[2,3,10,10,16],"damage_taken":[{"damage":8,"enemies":"2 Louse","floor":1,"turns":2},{"damage":0,"enemies":"Cultist","floor":3,"turns":2},{"damage":6,"enemies":"Jaw Worm","floor":7,"turns":2},{"damage":23,"enemies":"Lots of Slimes","floor":8,"turns":3},{"damage":4,"enemies":"3 Louse","floor":10,"turns":3},{"damage":11,"enemies":"2 Fungi Beasts","floor":11,"turns":3},{"damage":32,"enemies":"3 Sentries","floor":12,"turns":6},{"damage":52,"enemies":"The Guardian","floor":16,"turns":9}],"seed_played":"4872902487922502989","potions_obtained":[{"floor":2,"key":"LiquidBronze"},{"floor":2,"key":"GamblersBrew"},{"floor":2,"key":"Fruit Juice"},{"floor":7,"key":"SpeedPotion"},{"floor":8,"key":"Strength Potion"},{"floor":12,"key":"LiquidBronze"}],"is_trial":false,"path_per_floor":["M","?","M","?","$","R","M","M","T","M","M","E","R","?","R","B"],"character_chosen":"DEFECT","items_purchased":["Loop","Stack","Lockon"],"campfire_rested":2,"item_purchase_floors":[5,5,5],"current_hp_per_floor":[74,79,79,79,79,79,73,50,60,56,45,13,42,23,52,0],"gold":111,"neow_bonus":"TEN_PERCENT_HP_BONUS","is_prod":false,"is_daily":false,"chose_seed":false,"campfire_upgraded":1,"win_rate":0,"timestamp":1544549993,"path_taken":["M","?","?","?","$","R","M","?","T","M","M","E","R","?","R","BOSS"],"build_version":"2018-12-06","purchased_purges":0,"victory":false,"max_hp_per_floor":[82,87,87,87,87,87,87,87,97,97,97,97,97,97,97,97],"card_choices":[{"not_picked":["Beam Cell","Cold Snap"],"picked":"FTL","floor":1},{"not_picked":["Fusion","Sweeping Beam"],"picked":"Rebound","floor":3},{"not_picked":["Force Field","Steam"],"picked":"Redo","floor":7},{"not_picked":["Streamline","Stack"],"picked":"Leap","floor":8},{"not_picked":["Reboot","Cold Snap"],"picked":"Hologram","floor":10},{"not_picked":["Hologram","Redo"],"picked":"Rebound","floor":11},{"not_picked":["Creative AI","Rebound"],"picked":"Conserve Battery","floor":12}],"player_experience":224094,"relics_obtained":[{"floor":9,"key":"Pear"},{"floor":12,"key":"Frozen Egg 2"}],"event_choices":[{"damage_healed":0,"gold_gain":0,"player_choice":"Got Potions","damage_taken":0,"max_hp_gain":0,"max_hp_loss":0,"event_name":"Lab","floor":2,"gold_loss":0},{"damage_healed":0,"gold_gain":100,"player_choice":"Gold","damage_taken":0,"max_hp_gain":0,"max_hp_loss":0,"event_name":"Wheel of Change","floor":4,"gold_loss":0},{"damage_healed":0,"gold_gain":0,"player_choice":"Entered Light","damage_taken":19,"max_hp_gain":0,"max_hp_loss":0,"event_name":"Shining Light","floor":14,"gold_loss":0,"cards_upgraded":["Strike_B","Conserve Battery"]}],"is_beta":false,"boss_relics":[],"items_purged_floors":[],"is_endless":false,"potions_floor_spawned":[7,8,12],"killed_by":"The Guardian","ascension_level":1}