{"gold_per_floor":[110,185,135,8,24,24,44,69,151,184,202,202,216,216,216,318,318,329,329,343,355,355,414,414,447,471,471],"floor_reached":27,"playtime":994,"items_purged":[],"score":403,"play_id":"7926c612-cdfc-4bf1-b21a-4b338d5fd860","local_time":"20190325123925","is_ascension_mode":true,"campfire_choices":[{"data":"Bash","floor":6,"key":"SMITH"},{"data":"Sword Boomerang","floor":12,"key":"SMITH"},{"data":"Twin Strike","floor":15,"key":"SMITH"},{"floor":24,"key":"REST"}],"neow_cost":"NONE","seed_source_timestamp":209014598768510,"circlet_count":0,"master_deck":["Strike_R","Strike_R","Strike_R","Defend_R","Defend_R","Defend_R","Defend_R","Bash+1","Reckless Charge","Twin Strike+1","Shrug It Off","Cleave","Sword Boomerang+1","Battle Trance","Sentinel","True Grit","Armaments","Demon Form","Feel No Pain","Writhe","Sword Boomerang+1","Uppercut","Sword Boomerang"],"relics":["Burning Blood","Vajra","Gremlin Horn","Happy Flower","Black Star","Bag of Preparation","Boot","Tiny Chest","Anchor","Dream Catcher","Strawberry"],"potions_floor_usage":[0,8,16,18,20,20,23,23,23,25,25,25],"damage_taken":[{"damage":10,"enemies":"Small Slimes","floor":1,"turns":4},{"damage":4,"enemies":"Jaw Worm","floor":5,"turns":3},{"damage":0,"enemies":"Cultist","floor":7,"turns":2},{"damage":0,"enemies":"Gremlin Nob","floor":8,"turns":2},{"damage":14,"enemies":"3 Sentries","floor":10,"turns":5},{"damage":5,"enemies":"2 Fungi Beasts","floor":11,"turns":3},{"damage":0,"enemies":"3 Louse","floor":13,"turns":2},{"damage":0,"enemies":"Slime Boss","floor":16,"turns":6},{"damage":18,"enemies":"2 Thieves","floor":18,"turns":4},{"damage":27,"enemies":"Shell Parasite","floor":20,"turns":6},{"damage":18,"enemies":"Snecko","floor":21,"turns":4},{"damage":24,"enemies":"Slavers","floor":23,"turns":3},{"damage":39,"enemies":"Book of Stabbing","floor":25,"turns":6},{"damage":28,"enemies":"Cultist and Chosen","floor":27,"turns":3}],"seed_played":"-3795219857242850009","potions_obtained":[{"floor":0,"key":"Fruit Juice"},{"floor":0,"key":"FearPotion"},{"floor":0,"key":"AttackPotion"},{"floor":1,"key":"SmokeBomb"},{"floor":7,"key":"Fire Potion"},{"floor":10,"key":"Poison Potion"},{"floor":13,"key":"EntropicBrew"},{"floor":21,"key":"GamblersBrew"},{"floor":23,"key":"FearPotion"}],"is_trial":false,"path_per_floor":["M","?","?","$","M","R","M","E","T","E","M","R","M","?","R","B",null,"M","?","M","M","?","E","R","E","T","M"],"character_chosen":"IRONCLAD","items_purchased":["Twin Strike","Shrug It Off","Cleave"],"campfire_rested":1,"item_purchase_floors":[4,4,4],"current_hp_per_floor":[81,70,70,70,72,72,78,84,84,76,77,77,83,76,76,82,85,73,73,52,40,40,22,47,14,21,0],"gold":471,"neow_bonus":"THREE_SMALL_POTIONS","is_prod":false,"is_daily":false,"chose_seed":false,"campfire_upgraded":3,"win_rate":0,"timestamp":1553539165,"path_taken":["M","?","?","$","M","R","?","E","T","E","M","R","M","?","R","BOSS","M","?","M","M","?","E","R","E","T","M"],"build_version":"2019-01-23","purchased_purges":0,"victory":false,"max_hp_per_floor":[85,85,85,85,85,85,85,85,85,85,85,85,85,85,85,85,85,85,85,85,85,85,85,85,85,92,92],"card_choices":[{"not_picked":["Rage","Havoc"],"picked":"Reckless Charge","floor":1},{"not_picked":["Twin Strike","Iron Wave"],"picked":"Sword Boomerang","floor":5},{"not_picked":["Wild Strike","Headbutt"],"picked":"Battle Trance","floor":7},{"not_picked":["Sword Boomerang","Entrench"],"picked":"Sentinel","floor":8},{"not_picked":["Exhume","Iron Wave"],"picked":"True Grit","floor":10},{"not_picked":["Infernal Blade","Iron Wave","Hemokinesis"],"picked":"SKIP","floor":11},{"not_picked":["Cleave","Dual Wield"],"picked":"Armaments","floor":13},{"not_picked":["Dark Embrace","Bludgeon"],"picked":"Demon Form","floor":16},{"not_picked":["Twin Strike+1","Rupture+1"],"picked":"Feel No Pain","floor":18},{"not_picked":["Feel No Pain","Warcry"],"picked":"Sword Boomerang+1","floor":20},{"not_picked":["Wild Strike","Anger"],"picked":"Uppercut","floor":21},{"not_picked":["Pommel Strike","Anger"],"picked":"Sword Boomerang","floor":23},{"not_picked":["Intimidate","Juggernaut","Berserk"],"picked":"SKIP","floor":25}],"player_experience":324431,"relics_obtained":[{"floor":8,"key":"Vajra"},{"floor":9,"key":"Gremlin Horn"},{"floor":10,"key":"Happy Flower"},{"floor":23,"key":"Boot"},{"floor":23,"key":"Tiny Chest"},{"floor":25,"key":"Anchor"},{"floor":25,"key":"Dream Catcher"},{"floor":26,"key":"Strawberry"}],"event_choices":[{"damage_healed":0,"gold_gain":75,"player_choice":"Gather Gold","damage_taken":11,"max_hp_gain":0,"max_hp_loss":0,"event_name":"World of Goop","floor":2,"gold_loss":0},{"cards_removed":["Strike_R"],"damage_healed":0,"gold_gain":0,"player_choice":"Card Removal","damage_taken":0,"max_hp_gain":0,"max_hp_loss":0,"event_name":"The Cleric","floor":3,"gold_loss":50},{"cards_removed":["Strike_R"],"damage_healed":0,"gold_gain":0,"player_choice":"Card Removal","damage_taken":7,"max_hp_gain":0,"max_hp_loss":0,"event_name":"Golden Wing","floor":14,"gold_loss":0},{"damage_healed":0,"gold_gain":0,"player_choice":"Opened","damage_taken":0,"relics_obtained":["Bag of Preparation"],"max_hp_gain":0,"max_hp_loss":0,"event_name":"The Mausoleum","floor":19,"gold_loss":0,"cards_obtained":["Writhe"]},{"damage_healed":0,"gold_gain":0,"player_choice":"Ignored","damage_taken":0,"max_hp_gain":0,"max_hp_loss":0,"event_name":"Vampires","floor":22,"gold_loss":0}],"is_beta":false,"boss_relics":[{"not_picked":["Empty Cage","Runic Cube"],"picked":"Black Star"}],"items_purged_floors":[],"is_endless":false,"potions_floor_spawned":[1,7,10,13,21,23],"killed_by":"Cultist and Chosen","ascension_level":4}