{"gold_per_floor":[215,40,40,40,40,69,69,69,69,87,87,99,99,132,132,236,236,223,241,241,241,255,255,284,296,376,399,411,383,0,12,24,36],"floor_reached":33,"playtime":1202,"items_purged":["Strike_R"],"score":271,"play_id":"36b1f209-4d93-47c7-9dfd-c09ee7d005e5","local_time":"20190319175837","is_ascension_mode":false,"campfire_choices":[{"floor":8,"key":"REST"},{"data":"Metallicize","floor":11,"key":"SMITH"},{"data":"Armaments","floor":13,"key":"SMITH"},{"data":"Bash","floor":15,"key":"SMITH"},{"data":"Bludgeon","floor":23,"key":"SMITH"},{"floor":32,"key":"REST"}],"neow_cost":"NONE","seed_source_timestamp":54136919231570,"circlet_count":0,"master_deck":["Strike_R","Strike_R","Defend_R","Defend_R","Defend_R","Defend_R","Bash+1","Headbutt","Metallicize+1","Defend_G","Clothesline","Armaments+1","Intimidate","Bludgeon+1","Shockwave+1","Cleave","RitualDagger","Havoc"],"relics":["Burning Blood","Art of War","The Courier","Juzu Bracelet","Empty Cage","PreservedInsect","MawBank","Self Forming Clay"],"potions_floor_usage":[6,14,16,22,27,28,31,33],"damage_taken":[{"damage":0,"enemies":"Small Slimes","floor":1,"turns":3},{"damage":52,"enemies":"3 Sentries","floor":6,"turns":8},{"damage":11,"enemies":"Jaw Worm","floor":10,"turns":2},{"damage":2,"enemies":"2 Louse","floor":12,"turns":3},{"damage":27,"enemies":"Lagavulin","floor":14,"turns":6},{"damage":16,"enemies":"Slime Boss","floor":16,"turns":13},{"damage":29,"enemies":"2 Thieves","floor":18,"turns":4},{"damage":17,"enemies":"Shell Parasite","floor":19,"turns":6},{"damage":3,"enemies":"Chosen and Byrds","floor":22,"turns":5},{"damage":16,"enemies":"Gremlin Leader","floor":24,"turns":4},{"damage":16,"enemies":"Centurion and Healer","floor":27,"turns":6},{"damage":2,"enemies":"Colosseum Slavers","floor":28,"turns":4},{"damage":0,"enemies":"Cultist and Chosen","floor":31,"turns":1},{"damage":54,"enemies":"Champ","floor":33,"turns":11}],"seed_played":"3172110650491293792","potions_obtained":[{"floor":1,"key":"Regen Potion"},{"floor":6,"key":"Explosive Potion"},{"floor":16,"key":"LiquidBronze"},{"floor":18,"key":"PowerPotion"},{"floor":27,"key":"Dexterity Potion"},{"floor":29,"key":"SmokeBomb"},{"floor":29,"key":"Strength Potion"},{"floor":29,"key":"Energy Potion"}],"is_trial":false,"path_per_floor":["M","$","?","$","?","E","?","R","T","M","R","M","R","E","R","B",null,"M","M","?","T","M","R","E","?","T","M","?","?","?","M","R","B"],"character_chosen":"IRONCLAD","items_purchased":["Headbutt","Strength Potion"],"campfire_rested":2,"item_purchase_floors":[2,2],"current_hp_per_floor":[80,80,85,85,68,22,22,47,47,42,42,46,46,39,39,29,85,62,51,45,45,48,48,38,22,22,12,16,16,16,22,49,0],"gold":36,"neow_bonus":"HUNDRED_GOLD","is_prod":false,"is_daily":false,"chose_seed":false,"campfire_upgraded":4,"win_rate":0,"timestamp":1553039917,"path_taken":["M","$","?","$","?","E","?","R","T","M","R","?","R","E","R","BOSS","M","M","?","?","M","R","E","?","T","M","?","?","?","M","R","BOSS"],"build_version":"2019-01-23","purchased_purges":1,"victory":false,"max_hp_per_floor":[80,80,85,85,85,85,85,85,85,85,85,85,85,85,85,85,85,85,85,85,85,85,85,85,90,90,90,90,90,90,90,90,90],"card_choices":[{"not_picked":["Flex","Sever Soul"],"picked":"Battle Trance","floor":1},{"not_picked":["Thunderclap","Perfected Strike"],"picked":"Metallicize","floor":6},{"not_picked":["Pummel","Flex"],"picked":"Clothesline","floor":10},{"not_picked":["True Grit","Iron Wave"],"picked":"Armaments","floor":12},{"not_picked":["Body Slam","Berserk"],"picked":"Intimidate","floor":14},{"not_picked":["Juggernaut","Barricade"],"picked":"Bludgeon","floor":16},{"not_picked":["Pommel Strike+1","Warcry"],"picked":"Shockwave+1","floor":18},{"not_picked":["Thunderclap","Dropkick"],"picked":"Cleave","floor":19},{"not_picked":["Flex","Entrench"],"picked":"Havoc","floor":22},{"not_picked":["Combust","Warcry","Perfected Strike"],"picked":"SKIP","floor":24},{"not_picked":["Immolate","Warcry+1","Perfected Strike"],"picked":"SKIP","floor":27}],"player_experience":291404,"relics_obtained":[{"floor":6,"key":"Art of War"},{"floor":9,"key":"The Courier"},{"floor":14,"key":"Juzu Bracelet"},{"floor":21,"key":"PreservedInsect"},{"floor":24,"key":"MawBank"},{"floor":26,"key":"Self Forming Clay"}],"event_choices":[{"damage_healed":0,"gold_gain":0,"player_choice":"Donut","damage_taken":0,"max_hp_gain":5,"max_hp_loss":0,"event_name":"Big Fish","floor":3,"gold_loss":0},{"damage_healed":0,"gold_gain":0,"player_choice":"Entered Light","damage_taken":17,"max_hp_gain":0,"max_hp_loss":0,"event_name":"Shining Light","floor":5,"gold_loss":0,"cards_upgraded":["Strike_R","Battle Trance"]},{"cards_removed":["Battle Trance"],"damage_healed":0,"gold_gain":0,"player_choice":"Took Card","damage_taken":0,"max_hp_gain":0,"max_hp_loss":0,"event_name":"NoteForYourself","floor":7,"gold_loss":0,"cards_obtained":["Defend_G"]},{"damage_healed":0,"gold_gain":0,"player_choice":"Joined the Cult","damage_taken":6,"max_hp_gain":0,"max_hp_loss":0,"event_name":"Nest","floor":20,"gold_loss":0,"cards_obtained":["RitualDagger"]},{"damage_healed":0,"gold_gain":0,"player_choice":"Shed Blood","damage_taken":21,"max_hp_gain":5,"max_hp_loss":0,"event_name":"Forgotten Altar","floor":25,"gold_loss":0},{"damage_healed":0,"gold_gain":0,"player_choice":"Fight","damage_taken":0,"max_hp_gain":0,"max_hp_loss":0,"event_name":"Colosseum","floor":28,"gold_loss":0},{"damage_healed":0,"gold_gain":0,"player_choice":"Fled From Nobs","damage_taken":0,"max_hp_gain":0,"max_hp_loss":0,"event_name":"Colosseum","floor":28,"gold_loss":0},{"damage_healed":0,"gold_gain":0,"player_choice":"Bought 3 Potions","damage_taken":0,"max_hp_gain":0,"max_hp_loss":0,"event_name":"The Woman in Blue","floor":29,"gold_loss":0},{"damage_healed":0,"gold_gain":0,"player_choice":"Paid Fearfully","damage_taken":0,"max_hp_gain":0,"max_hp_loss":0,"event_name":"Masked Bandits","floor":30,"gold_loss":395}],"is_beta":false,"boss_relics":[{"not_picked":["Velvet Choker","Ectoplasm"],"picked":"Empty Cage"}],"items_purged_floors":[2],"is_endless":false,"potions_floor_spawned":[1,6,16,18,27],"killed_by":"Champ","ascension_level":0}