{"gold_per_floor":[115,40,59,21,21,21,21,21,21,196,15,28,47,47,47,176,176,197,220,95,95,21,21,0,99,122,122,122,143,162,178,178,178],"floor_reached":33,"playtime":1036,"items_purged":["Strike_B","Doubt","Defend_B"],"score":233,"play_id":"b4a470df-5028-4833-9916-bb1405ba613f","local_time":"20181204090710","is_ascension_mode":false,"campfire_choices":[{"floor":6,"key":"REST"},{"data":"Defragment","floor":8,"key":"SMITH"},{"data":"Static Discharge","floor":15,"key":"SMITH"},{"floor":23,"key":"REST"},{"floor":27,"key":"REST"},{"floor":32,"key":"REST"}],"neow_cost":"NONE","seed_source_timestamp":301891748950016,"circlet_count":0,"master_deck":["Strike_B","Strike_B","Strike_B","Defend_B","Defend_B","Zap","Dualcast","Cold Snap","Static Discharge+1","Defragment+1","Capacitor","Darkness","Buffer","Steam+1","Defragment"],"relics":["Cracked Core","Golden Idol","Pear","Inserter","Nilry\u0027s Codex","PreservedInsect"],"potions_floor_usage":[18,18,29,31,31],"damage_taken":[{"damage":10,"enemies":"Cultist","floor":1,"turns":4},{"damage":6,"enemies":"2 Louse","floor":3,"turns":3},{"damage":10,"enemies":"Small Slimes","floor":12,"turns":3},{"damage":12,"enemies":"Exordium Wildlife","floor":13,"turns":4},{"damage":38,"enemies":"Slime Boss","floor":16,"turns":8},{"damage":3,"enemies":"Spheric Guardian","floor":18,"turns":3},{"damage":37,"enemies":"2 Thieves","floor":19,"turns":4},{"damage":28,"enemies":"Snake Plant","floor":29,"turns":4},{"damage":10,"enemies":"Snecko","floor":30,"turns":5},{"damage":31,"enemies":"Shelled Parasite and Fungi","floor":31,"turns":6},{"damage":37,"enemies":"Automaton","floor":33,"turns":8}],"seed_played":"-3466457023264918967","potions_obtained":[{"floor":12,"key":"GamblersBrew"},{"floor":16,"key":"Energy Potion"},{"floor":19,"key":"SteroidPotion"},{"floor":28,"key":"SteroidPotion"}],"is_trial":false,"path_per_floor":["M","$","M","$","?","R","?","R","T","?","$","M","M","?","R","B",null,"M","M","$","?","$","R","?","?","T","R","?","M","M","M","R","B"],"character_chosen":"DEFECT","items_purchased":["Defragment","Capacitor","FocusPotion"],"campfire_rested":4,"item_purchase_floors":[4,11,22],"current_hp_per_floor":[72,72,66,66,66,76,76,76,86,86,86,76,64,86,86,48,86,83,46,46,30,30,55,55,55,55,80,80,52,42,11,36,0],"gold":178,"neow_bonus":"TEN_PERCENT_HP_BONUS","is_prod":false,"is_daily":false,"chose_seed":false,"campfire_upgraded":2,"win_rate":0,"timestamp":1543943230,"path_taken":["M","?","M","$","?","R","?","R","T","?","$","M","M","?","R","BOSS","M","M","$","?","$","R","?","?","T","R","?","M","M","M","R","BOSS"],"build_version":"2018-11-15","purchased_purges":3,"victory":false,"max_hp_per_floor":[82,82,82,82,76,76,76,76,86,86,86,86,86,86,86,86,86,86,86,86,86,86,86,86,86,86,86,86,86,86,86,86,86],"card_choices":[{"not_picked":["Streamline","White Noise"],"picked":"Cold Snap","floor":1},{"not_picked":["FTL","Capacitor"],"picked":"Static Discharge","floor":3},{"not_picked":["Coolheaded","Beam Cell"],"picked":"Darkness","floor":12},{"not_picked":["Redo","Aggregate","Consume"],"picked":"SKIP","floor":13},{"not_picked":["Fission","Creative AI"],"picked":"Buffer","floor":16},{"not_picked":["Self Repair","Consume","Doom and Gloom"],"picked":"SKIP","floor":18},{"not_picked":["Compile Driver","Barrage"],"picked":"Steam+1","floor":19},{"not_picked":["Melter+1","Sunder"],"picked":"Defragment","floor":29},{"not_picked":["Go for the Eyes","Gash","Ball Lightning"],"picked":"SKIP","floor":30},{"not_picked":["Heatsinks","Doom and Gloom","Reprogram+1"],"picked":"SKIP","floor":31}],"player_experience":106408,"relics_obtained":[{"floor":9,"key":"Pear"},{"floor":21,"key":"Nilry\u0027s Codex"},{"floor":26,"key":"PreservedInsect"}],"event_choices":[{"damage_healed":0,"gold_gain":0,"player_choice":"Lose Max HP","damage_taken":0,"relics_obtained":["Golden Idol"],"max_hp_gain":0,"max_hp_loss":6,"event_name":"Golden Idol","floor":5,"gold_loss":0},{"cards_removed":["Defend_B"],"damage_healed":0,"gold_gain":0,"player_choice":"Forget","damage_taken":0,"max_hp_gain":0,"max_hp_loss":0,"event_name":"Living Wall","floor":7,"gold_loss":0},{"damage_healed":0,"gold_gain":175,"player_choice":"AGREE","damage_taken":0,"max_hp_gain":0,"max_hp_loss":0,"event_name":"Liars Game","floor":10,"gold_loss":0,"cards_obtained":["Doubt"]},{"damage_healed":28,"gold_gain":0,"player_choice":"Banana","damage_taken":0,"max_hp_gain":0,"max_hp_loss":0,"event_name":"Big Fish","floor":14,"gold_loss":0},{"damage_healed":0,"gold_gain":0,"player_choice":"Obtained Book","damage_taken":16,"max_hp_gain":0,"max_hp_loss":0,"event_name":"Cursed Tome","floor":21,"gold_loss":0},{"damage_healed":0,"gold_gain":0,"player_choice":"Paid Fearfully","damage_taken":0,"max_hp_gain":0,"max_hp_loss":0,"event_name":"Masked Bandits","floor":24,"gold_loss":21},{"damage_healed":0,"gold_gain":99,"player_choice":"Stole From Cult","damage_taken":0,"max_hp_gain":0,"max_hp_loss":0,"event_name":"Nest","floor":25,"gold_loss":0},{"damage_healed":0,"gold_gain":0,"player_choice":"Got Potions","damage_taken":0,"max_hp_gain":0,"max_hp_loss":0,"event_name":"Lab","floor":28,"gold_loss":0}],"is_beta":false,"boss_relics":[{"not_picked":["Coffee Dripper","Astrolabe"],"picked":"Inserter"}],"items_purged_floors":[2,11,20],"is_endless":false,"potions_floor_spawned":[12,16,19],"killed_by":"Automaton","ascension_level":0}