{"gold_per_floor":[110,110,124,10,10,26,101,121,121,121,132,99,99,99],"floor_reached":14,"playtime":307,"items_purged":[],"score":82,"play_id":"e6f9ce76-7b45-48f9-bc50-c98427076a07","local_time":"20181219230323","is_ascension_mode":false,"campfire_choices":[{"floor":10,"key":"REST"}],"neow_cost":"NONE","seed_source_timestamp":6375896412645,"circlet_count":0,"master_deck":["Strike_B","Strike_B","Strike_B","Strike_B","Defend_B","Defend_B","Defend_B","Zap","Dualcast","Auto Shields","Leap","Fusion","Melter","Reinforced Body","Loop","Genetic Algorithm","Streamline"],"relics":["Cracked Core"],"potions_floor_usage":[6,14],"damage_taken":[{"damage":0,"enemies":"Small Slimes","floor":1,"turns":2},{"damage":11,"enemies":"Jaw Worm","floor":3,"turns":3},{"damage":12,"enemies":"2 Louse","floor":6,"turns":2},{"damage":6,"enemies":"2 Fungi Beasts","floor":8,"turns":4},{"damage":12,"enemies":"Red Slaver","floor":11,"turns":4},{"damage":17,"enemies":"Exordium Thugs","floor":12,"turns":5},{"damage":42,"enemies":"Lagavulin","floor":14,"turns":5}],"seed_played":"889187835808825987","potions_obtained":[{"floor":3,"key":"Explosive Potion"},{"floor":8,"key":"FearPotion"}],"is_trial":false,"path_per_floor":["M","?","M","$","?","M","?","M","T","R","M","M","?","E"],"character_chosen":"DEFECT","items_purchased":["Fusion","Melter"],"campfire_rested":1,"item_purchase_floors":[4,4],"current_hp_per_floor":[82,75,64,64,69,57,46,40,40,66,54,37,37,0],"gold":99,"neow_bonus":"TEN_PERCENT_HP_BONUS","is_prod":false,"is_daily":false,"chose_seed":false,"campfire_upgraded":0,"win_rate":0,"timestamp":1545289403,"path_taken":["M","?","M","$","?","M","?","M","T","R","?","M","?","E"],"build_version":"2018-12-13","purchased_purges":0,"victory":false,"max_hp_per_floor":[82,82,82,82,87,87,87,87,87,87,87,87,87,87],"card_choices":[{"not_picked":["Ball Lightning","Storm"],"picked":"Auto Shields","floor":1},{"not_picked":["Turbo","Sweeping Beam"],"picked":"Leap","floor":3},{"not_picked":["Conserve Battery","Force Field"],"picked":"Reinforced Body","floor":6},{"not_picked":["Heatsinks","Leap"],"picked":"Loop","floor":8},{"not_picked":["Loop","Compile Driver"],"picked":"Genetic Algorithm","floor":11},{"not_picked":["Scrape","Turbo"],"picked":"Streamline","floor":12}],"player_experience":303283,"relics_obtained":[],"event_choices":[{"cards_removed":["Defend_B"],"damage_healed":0,"gold_gain":0,"player_choice":"Card Removal","damage_taken":7,"max_hp_gain":0,"max_hp_loss":0,"event_name":"Golden Wing","floor":2,"gold_loss":0},{"damage_healed":0,"gold_gain":0,"player_choice":"Donut","damage_taken":0,"max_hp_gain":5,"max_hp_loss":0,"event_name":"Big Fish","floor":5,"gold_loss":0},{"damage_healed":0,"gold_gain":75,"player_choice":"Gather Gold","damage_taken":11,"max_hp_gain":0,"max_hp_loss":0,"event_name":"World of Goop","floor":7,"gold_loss":0},{"damage_healed":0,"gold_gain":0,"player_choice":"Fled","damage_taken":0,"max_hp_gain":0,"max_hp_loss":0,"event_name":"Scrap Ooze","floor":13,"gold_loss":0}],"is_beta":false,"boss_relics":[],"items_purged_floors":[],"is_endless":false,"potions_floor_spawned":[3,8],"killed_by":"Lagavulin","ascension_level":0}