{"gold_per_floor":[118,132,155,169,187,187,216,216,216,251,270,305,305,326,326,447,447,463,92,110,128,149,192,192,216,216,251,275,275,311,334,334,458,458,481,210,235,251,584,615,630,630,703,729,40,57,75,88,88,88],"floor_reached":51,"playtime":3431,"items_purged":["Strike_R","Normality"],"score":1107,"play_id":"d2b20f69-c2f6-4086-a97d-4f635f3597d6","local_time":"20180811132448","is_ascension_mode":true,"campfire_choices":[{"data":"Heavy Blade","floor":6,"key":"SMITH"},{"data":"Bash","floor":8,"key":"SMITH"},{"data":"Armaments","floor":15,"key":"SMITH"},{"data":"Demon Form","floor":24,"key":"SMITH"},{"data":"Heavy Blade","floor":32,"key":"SMITH"},{"data":"Limit Break","floor":49,"key":"SMITH"}],"neow_cost":"NONE","seed_source_timestamp":262704386636910,"circlet_count":0,"master_deck":["Strike_R","Strike_R","Strike_R","Strike_R","Defend_R+1","Defend_R","Defend_R","Defend_R+1","Bash+1","Inflame","Heavy Blade+1","Clothesline","Demon Form+1","Shockwave","Headbutt","Pommel Strike","Armaments+1","Iron Wave","Offering","Feed","Metallicize","Bludgeon","Pommel Strike+1","Heavy Blade+1","Inflame+1","Bludgeon","Inflame+1","Feed","Writhe","True Grit+1","Inflame","Barricade","Headbutt+1","Reaper","Thunderclap+1","Disarm","Reaper","Metallicize+1","Flame Barrier+1","Limit Break+1","Juggernaut"],"relics":["Burning Blood","Vajra","Omamori","Shuriken","Bottled Flame","Red Skull","Thread and Needle","Snecko Eye","Bag of Marbles","Lantern","Mummified Hand","Nloth\u0027s Gift","Ancient Tea Set","Calling Bell","Bag of Preparation","Smiling Mask","Ice Cream","Oddly Smooth Stone","War Paint","Prayer Wheel","Pantograph","Champion Belt","Gremlin Horn","Magic Flower"],"potions_floor_usage":[7,12,16,22,33,42,42,50],"damage_taken":[{"damage":6,"enemies":"Cultist","floor":1,"turns":3},{"damage":2,"enemies":"Small Slimes","floor":2,"turns":4},{"damage":7,"enemies":"Jaw Worm","floor":4,"turns":3},{"damage":30,"enemies":"Gremlin Gang","floor":5,"turns":4},{"damage":18,"enemies":"3 Sentries","floor":7,"turns":6},{"damage":14,"enemies":"Gremlin Nob","floor":10,"turns":4},{"damage":10,"enemies":"Red Slaver","floor":11,"turns":4},{"damage":26,"enemies":"Lagavulin","floor":12,"turns":6},{"damage":8,"enemies":"Large Slime","floor":14,"turns":4},{"damage":0,"enemies":"Slime Boss","floor":16,"turns":5},{"damage":18,"enemies":"2 Thieves","floor":18,"turns":3},{"damage":4,"enemies":"Chosen","floor":20,"turns":2},{"damage":21,"enemies":"Centurion and Healer","floor":21,"turns":7},{"damage":6,"enemies":"Snake Plant","floor":22,"turns":3},{"damage":6,"enemies":"Slavers","floor":23,"turns":3},{"damage":8,"enemies":"Cultist and Chosen","floor":25,"turns":4},{"damage":0,"enemies":"Gremlin Leader","floor":27,"turns":4},{"damage":0,"enemies":"3 Cultists","floor":28,"turns":3},{"damage":4,"enemies":"Slavers","floor":30,"turns":4},{"damage":15,"enemies":"Snake Plant","floor":31,"turns":2},{"damage":17,"enemies":"Automaton","floor":33,"turns":5},{"damage":0,"enemies":"3 Darklings","floor":35,"turns":3},{"damage":4,"enemies":"Orb Walker","floor":37,"turns":4},{"damage":0,"enemies":"Transient","floor":38,"turns":5},{"damage":6,"enemies":"Giant Head","floor":40,"turns":4},{"damage":0,"enemies":"Sphere and 2 Shapes","floor":41,"turns":3},{"damage":6,"floor":42,"turns":3},{"damage":39,"enemies":"Nemesis","floor":44,"turns":9},{"damage":6,"enemies":"Flame Bruiser 2 Orb","floor":46,"turns":3},{"damage":0,"enemies":"4 Shapes","floor":47,"turns":3},{"damage":6,"enemies":"Sphere and 2 Shapes","floor":48,"turns":1},{"damage":14,"enemies":"Donu and Deca","floor":50,"turns":4}],"seed_played":"-5989885750686214741","potions_obtained":[{"floor":2,"key":"SteroidPotion"},{"floor":4,"key":"Weak Potion"},{"floor":7,"key":"BloodPotion"},{"floor":11,"key":"BloodPotion"},{"floor":12,"key":"SpeedPotion"},{"floor":14,"key":"FearPotion"},{"floor":20,"key":"EssenceOfSteel"},{"floor":27,"key":"Energy Potion"},{"floor":30,"key":"Dexterity Potion"},{"floor":33,"key":"Swift Potion"},{"floor":41,"key":"Dexterity Potion"},{"floor":42,"key":"Energy Potion"}],"is_trial":false,"path_per_floor":["M","M","T","M","M","R","E","R","T","E","M","E","?","M","R","B",null,"M","$","M","M","M","E","R","M","T","E","M","?","E","M","R","B",null,"M","$","M","M","?","E","M","?","T","E","$","M","M","M","R","B"],"character_chosen":"IRONCLAD","items_purchased":["Feed","Bag of Marbles","Oddly Smooth Stone","Inflame","Gremlin Horn","Magic Flower","Reaper"],"campfire_rested":0,"item_purchase_floors":[19,19,36,36,45,45,45],"current_hp_per_floor":[80,80,80,79,55,55,43,43,43,35,31,19,19,17,17,23,80,68,68,73,62,62,65,65,63,63,79,88,88,90,81,81,70,103,106,106,109,109,109,109,117,120,120,120,120,123,123,123,123,118],"gold":88,"neow_bonus":"RANDOM_COMMON_RELIC","is_prod":false,"is_daily":false,"chose_seed":false,"campfire_upgraded":6,"win_rate":0,"timestamp":1534019088,"path_taken":["M","M","?","?","M","R","E","R","T","E","M","E","?","M","R","BOSS","M","$","M","M","M","E","R","M","T","E","M","?","E","M","R","BOSS","M","?","M","M","?","E","M","?","T","E","$","?","M","M","R","BOSS"],"build_version":"2018-08-09","purchased_purges":2,"victory":true,"max_hp_per_floor":[80,80,80,80,80,80,80,80,80,80,80,80,80,80,80,80,80,80,80,83,87,87,90,90,90,90,100,103,103,103,103,103,103,103,106,106,109,109,109,109,117,120,120,120,120,123,123,123,123,123],"card_choices":[{"not_picked":["Shrug It Off","Heavy Blade"],"picked":"Inflame","floor":1},{"not_picked":["Thunderclap","Armaments"],"picked":"Heavy Blade","floor":2},{"not_picked":["Flex","Burning Pact"],"picked":"Clothesline","floor":4},{"not_picked":["Rage","Flex"],"picked":"Demon Form","floor":5},{"not_picked":["Flex","Clash"],"picked":"Shockwave","floor":7},{"not_picked":["Twin Strike","True Grit"],"picked":"Headbutt","floor":10},{"not_picked":["Infernal Blade","Bloodletting"],"picked":"Pommel Strike","floor":11},{"not_picked":["Clothesline","Thunderclap"],"picked":"Armaments","floor":12},{"not_picked":["Combust","Burning Pact"],"picked":"Iron Wave","floor":14},{"not_picked":["Brutality","Juggernaut"],"picked":"Offering","floor":16},{"not_picked":["Fire Breathing","Bloodletting","Rupture"],"picked":"SKIP","floor":18},{"not_picked":["Infernal Blade","Perfected Strike","Warcry"],"picked":"SKIP","floor":20},{"not_picked":["Entrench","Flex"],"picked":"Metallicize","floor":21},{"not_picked":["Thunderclap","Heavy Blade"],"picked":"Bludgeon","floor":22},{"not_picked":["Perfected Strike","Armaments"],"picked":"Pommel Strike+1","floor":23},{"not_picked":["Body Slam","Anger","Entrench"],"picked":"SKIP","floor":25},{"not_picked":["Iron Wave+1","Spot Weakness+1"],"picked":"Heavy Blade","floor":27},{"not_picked":["Clash","Wild Strike+1"],"picked":"Inflame+1","floor":28},{"not_picked":["Flex","Spot Weakness"],"picked":"Bludgeon","floor":30},{"not_picked":["Pommel Strike","Second Wind+1"],"picked":"Inflame+1","floor":31},{"not_picked":["Offering","Dark Embrace"],"picked":"Feed","floor":33},{"not_picked":["Body Slam+1","Headbutt"],"picked":"True Grit+1","floor":35},{"not_picked":["Blood for Blood+1","Cleave"],"picked":"Barricade","floor":37},{"not_picked":["Power Through+1","Perfected Strike+1"],"picked":"Headbutt+1","floor":38},{"not_picked":["Perfected Strike","Bludgeon"],"picked":"Reaper","floor":40},{"not_picked":["Twin Strike","Wild Strike+1"],"picked":"Thunderclap+1","floor":41},{"not_picked":["Intimidate+1","True Grit"],"picked":"Disarm","floor":42},{"not_picked":["Dropkick+1","Twin Strike","Fiend Fire"],"picked":"SKIP","floor":44},{"not_picked":["Sword Boomerang+1","Entrench+1"],"picked":"Metallicize+1","floor":46},{"not_picked":["Perfected Strike+1","Second Wind"],"picked":"Flame Barrier+1","floor":46},{"not_picked":["Rampage+1","Spot Weakness+1"],"picked":"Limit Break","floor":47},{"not_picked":["Second Wind+1","Perfected Strike+1","Pommel Strike"],"picked":"SKIP","floor":47},{"not_picked":["Reckless Charge+1","Twin Strike"],"picked":"Juggernaut","floor":48},{"not_picked":["Power Through+1","True Grit","Iron Wave"],"picked":"SKIP","floor":48}],"player_experience":34262,"relics_obtained":[{"floor":3,"key":"Omamori"},{"floor":7,"key":"Shuriken"},{"floor":9,"key":"Bottled Flame"},{"floor":10,"key":"Red Skull"},{"floor":12,"key":"Thread and Needle"},{"floor":23,"key":"Lantern"},{"floor":26,"key":"Mummified Hand"},{"floor":27,"key":"Pear"},{"floor":30,"key":"Ancient Tea Set"},{"floor":34,"key":"Bag of Preparation"},{"floor":34,"key":"Smiling Mask"},{"floor":34,"key":"Ice Cream"},{"floor":40,"key":"War Paint"},{"floor":42,"key":"Prayer Wheel"},{"floor":43,"key":"Pantograph"},{"floor":44,"key":"Champion Belt"}],"event_choices":[{"event_name":"Golden Idol","player_choice":"Take Wound","floor":13,"damage_taken":0},{"event_name":"N\u0027loth","player_choice":"Traded a Pear","floor":29,"damage_taken":0},{"event_name":"The Moai Head","player_choice":"Gave Idol","floor":39,"damage_taken":0},{"event_name":"MindBloom","player_choice":"Fight","floor":42,"damage_taken":0}],"is_beta":false,"boss_relics":[{"not_picked":["Black Blood","Black Star"],"picked":"Snecko Eye"},{"not_picked":["Orrery","Runic Dome"],"picked":"Calling Bell"}],"items_purged_floors":[19,36],"is_endless":false,"potions_floor_spawned":[2,4,7,11,12,14,20,27,28,30,33,40,41,42],"ascension_level":2}