{"gold_per_floor":[113,131,131,131,147,147,161,261,261,280,2,2,2,22,22,22],"floor_reached":16,"playtime":1159,"items_purged":[],"score":97,"play_id":"0a541e8b-783b-49e0-9cd9-87b532863154","local_time":"20190317164833","is_ascension_mode":true,"campfire_choices":[{"data":"Gash","floor":6,"key":"SMITH"},{"data":"Fusion","floor":12,"key":"SMITH"},{"data":"Fusion","floor":13,"key":"SMITH"},{"floor":15,"key":"REST"}],"neow_cost":"TEN_PERCENT_HP_LOSS","seed_source_timestamp":246045980110555,"circlet_count":0,"master_deck":["Strike_B","Strike_B","Strike_B","Defend_B","Defend_B","Defend_B","Zap","Dualcast","Gash+1","Rebound","Fusion+1","Fusion+1","Hologram","Meteor Strike","Auto Shields"],"relics":["Cracked Core","WingedGreaves","Frozen Egg 2","Membership Card"],"potions_floor_usage":[16],"damage_taken":[{"damage":2,"enemies":"2 Louse","floor":1,"turns":4},{"damage":0,"enemies":"Small Slimes","floor":2,"turns":2},{"damage":0,"enemies":"Cultist","floor":5,"turns":2},{"damage":6,"enemies":"2 Fungi Beasts","floor":7,"turns":3},{"damage":15,"enemies":"Looter","floor":10,"turns":3},{"damage":14,"enemies":"Blue Slaver","floor":14,"turns":3},{"damage":46,"enemies":"Slime Boss","floor":16,"turns":9}],"seed_played":"-2059608496712603325","potions_obtained":[{"floor":2,"key":"Weak Potion"}],"is_trial":false,"path_per_floor":["M","M","?","?","M","R","M","?","T","M","$","R","R","M","R","B"],"character_chosen":"DEFECT","items_purchased":["Membership Card","Meteor Strike"],"campfire_rested":1,"item_purchase_floors":[11,11],"current_hp_per_floor":[66,66,59,59,59,59,53,53,53,38,38,38,38,24,44,0],"gold":22,"neow_bonus":"ONE_RARE_RELIC","is_prod":false,"is_daily":false,"chose_seed":false,"campfire_upgraded":3,"win_rate":0,"timestamp":1552808913,"path_taken":["M","M","?","?","M","R","M","?","T","M","$","R","R","M","R","BOSS"],"build_version":"2019-01-23","purchased_purges":0,"victory":false,"max_hp_per_floor":[68,68,68,68,68,68,68,68,68,68,68,68,68,68,68,68],"card_choices":[{"not_picked":["Coolheaded","Rebound"],"picked":"Gash","floor":1},{"not_picked":["Blizzard","Electrodynamics"],"picked":"Rebound","floor":2},{"not_picked":["Darkness","Recycle"],"picked":"Fusion","floor":5},{"not_picked":["Cold Snap","Hello World"],"picked":"Fusion","floor":7},{"not_picked":["Static Discharge+1","Ball Lightning"],"picked":"Hologram","floor":10},{"not_picked":["Glacier","Streamline"],"picked":"Auto Shields","floor":14}],"player_experience":111206,"relics_obtained":[{"floor":9,"key":"Frozen Egg 2"}],"event_choices":[{"cards_removed":["Defend_B"],"damage_healed":0,"gold_gain":0,"player_choice":"Card Removal","damage_taken":7,"max_hp_gain":0,"max_hp_loss":0,"event_name":"Golden Wing","floor":3,"gold_loss":0},{"cards_removed":["Strike_B"],"damage_healed":0,"gold_gain":0,"player_choice":"Forget","damage_taken":0,"max_hp_gain":0,"max_hp_loss":0,"event_name":"Living Wall","floor":4,"gold_loss":0},{"damage_healed":0,"gold_gain":100,"player_choice":"Pray","damage_taken":0,"max_hp_gain":0,"max_hp_loss":0,"event_name":"Golden Shrine","floor":8,"gold_loss":0}],"is_beta":false,"boss_relics":[],"items_purged_floors":[],"is_endless":false,"potions_floor_spawned":[2],"killed_by":"Slime Boss","ascension_level":1}