{"gold_per_floor":[16,28,38,38,53,53,66,66,146,146,163,163,206,231,231,361,361,381,381,399,412,431,431,431,431,478,393,427,447,461,149,149,149],"floor_reached":33,"playtime":3159,"items_purged":[],"score":437,"play_id":"d76c9506-3b4d-47b1-9df9-dd1926752db3","local_time":"20190312210128","is_ascension_mode":true,"campfire_choices":[{"floor":6,"key":"REST"},{"data":"Dagger Spray","floor":8,"key":"SMITH"},{"data":"Neutralize","floor":10,"key":"SMITH"},{"floor":15,"key":"REST"},{"floor":23,"key":"REST"},{"floor":32,"key":"REST"}],"neow_cost":"NO_GOLD","seed_source_timestamp":93389081465469,"circlet_count":0,"master_deck":["AscendersBane","Defend_G","Defend_G","Defend_G","Defend_G","Strike_G","Strike_G","Strike_G","Strike_G","Survivor","Neutralize+1","Escape Plan","Leg Sweep","Neutralize","Dagger Spray+1","Blade Dance+1","Unload","Quick Slash","Storm of Steel+1","Cloak And Dagger+1","Writhe","Noxious Fumes","Prepared+1","Infinite Blades","Bandage Up+1"],"relics":["Ring of the Serpent","Toxic Egg 2","Golden Idol","Du-Vu Doll","Happy Flower","FossilizedHelix","Lantern","Darkstone Periapt","WingedGreaves","Snake Skull"],"potions_floor_usage":[5,16,25,33,33,33],"damage_taken":[{"damage":1,"enemies":"Cultist","floor":1,"turns":5},{"damage":1,"enemies":"Jaw Worm","floor":2,"turns":5},{"damage":0,"enemies":"2 Louse","floor":3,"turns":4},{"damage":17,"enemies":"Exordium Thugs","floor":5,"turns":8},{"damage":8,"enemies":"Looter","floor":7,"turns":4},{"damage":0,"enemies":"Blue Slaver","floor":11,"turns":4},{"damage":21,"enemies":"Gremlin Nob","floor":13,"turns":5},{"damage":0,"enemies":"3 Louse","floor":14,"turns":1},{"damage":25,"enemies":"Slime Boss","floor":16,"turns":9},{"damage":2,"enemies":"3 Byrds","floor":18,"turns":4},{"damage":8,"enemies":"Chosen","floor":20,"turns":4},{"damage":17,"enemies":"Sentry and Sphere","floor":21,"turns":4},{"damage":4,"enemies":"Centurion and Healer","floor":22,"turns":7},{"damage":0,"enemies":"Slavers","floor":25,"turns":1},{"damage":20,"enemies":"Book of Stabbing","floor":28,"turns":5},{"damage":8,"enemies":"3 Cultists","floor":29,"turns":4},{"damage":0,"enemies":"Snecko","floor":30,"turns":3},{"damage":41,"enemies":"Champ","floor":33,"turns":11}],"seed_played":"-3948370951928609344","potions_obtained":[{"floor":1,"key":"Energy Potion"},{"floor":3,"key":"GamblersBrew"},{"floor":7,"key":"FearPotion"},{"floor":14,"key":"Poison Potion"},{"floor":16,"key":"SmokeBomb"},{"floor":20,"key":"LiquidBronze"},{"floor":22,"key":"Weak Potion"},{"floor":28,"key":"LiquidBronze"}],"is_trial":false,"path_per_floor":["M","M","M","?","M","R","M","R","T","R","M","?","E","M","R","B",null,"M","?","M","M","M","R","?","E","T","?","E","M","M","$","R","B"],"character_chosen":"THE_SILENT","items_purchased":["Infinite Blades","Bandage Up+1","Snake Skull"],"campfire_rested":4,"item_purchase_floors":[31,31,31],"current_hp_per_floor":[62,61,61,61,44,65,57,57,57,57,57,57,36,36,55,30,56,54,54,46,29,25,44,44,44,44,44,24,16,16,16,35,0],"gold":149,"neow_bonus":"REMOVE_TWO","is_prod":false,"is_daily":false,"chose_seed":false,"campfire_upgraded":2,"win_rate":0,"timestamp":1552424488,"path_taken":["M","M","M","?","?","R","M","R","T","R","M","?","E","M","R","BOSS","M","?","M","M","?","R","?","E","T","?","E","M","M","$","R","BOSS"],"build_version":"2019-01-23","purchased_purges":0,"victory":false,"max_hp_per_floor":[70,70,70,70,70,70,70,70,70,70,70,65,65,65,65,65,65,65,65,65,65,65,65,65,65,65,65,65,65,65,65,65,65],"card_choices":[{"not_picked":["Flying Knee","Choke"],"picked":"Escape Plan","floor":1},{"not_picked":["Dagger Throw","Prepared","Masterful Stab"],"picked":"SKIP","floor":2},{"not_picked":["Catalyst","Backflip"],"picked":"Leg Sweep","floor":3},{"not_picked":["Eviscerate","Cloak And Dagger","Deadly Poison"],"picked":"SKIP","floor":5},{"not_picked":["Poisoned Stab","Quick Slash"],"picked":"Dagger Spray","floor":7},{"not_picked":["Dodge and Roll+1","Leg Sweep+1"],"picked":"Blade Dance+1","floor":11},{"not_picked":["All Out Attack","Prepared+1"],"picked":"Unload","floor":13},{"not_picked":["Reflex+1","Acrobatics+1"],"picked":"Quick Slash","floor":14},{"not_picked":["Venomology+1","Unload"],"picked":"Storm of Steel+1","floor":16},{"not_picked":["Well Laid Plans","Distraction+1"],"picked":"Cloak And Dagger+1","floor":18},{"not_picked":["Acrobatics+1","Slice+1","Masterful Stab"],"picked":"SKIP","floor":20},{"not_picked":["Deadly Poison+1","Flying Knee+1","Backflip+1"],"picked":"SKIP","floor":21},{"not_picked":["Flying Knee","Flechettes","Underhanded Strike"],"picked":"SKIP","floor":22},{"not_picked":["Flying Knee","Venomology+1"],"picked":"Noxious Fumes","floor":28},{"not_picked":["Underhanded Strike","Dodge and Roll+1","Deadly Poison+1"],"picked":"SKIP","floor":29},{"not_picked":["Backflip+1","Deadly Poison+1"],"picked":"Prepared+1","floor":30}],"player_experience":1553378,"relics_obtained":[{"floor":9,"key":"Toxic Egg 2"},{"floor":13,"key":"Du-Vu Doll"},{"floor":26,"key":"Lantern"},{"floor":28,"key":"WingedGreaves"}],"event_choices":[{"damage_healed":0,"gold_gain":0,"player_choice":"1 cards matched","damage_taken":0,"max_hp_gain":0,"max_hp_loss":0,"event_name":"Match and Keep!","floor":4,"gold_loss":0,"cards_obtained":["Neutralize"]},{"damage_healed":0,"gold_gain":0,"player_choice":"Lose Max HP","damage_taken":0,"relics_obtained":["Golden Idol"],"max_hp_gain":0,"max_hp_loss":5,"event_name":"Golden Idol","floor":12,"gold_loss":0},{"damage_healed":0,"gold_gain":0,"player_choice":"Gave Potion","damage_taken":0,"relics_obtained":["Happy Flower"],"max_hp_gain":0,"max_hp_loss":0,"event_name":"WeMeetAgain","floor":19,"gold_loss":0},{"damage_healed":0,"gold_gain":0,"player_choice":"Opened","damage_taken":0,"relics_obtained":["FossilizedHelix"],"max_hp_gain":0,"max_hp_loss":0,"event_name":"The Mausoleum","floor":24,"gold_loss":0,"cards_obtained":["Writhe"]},{"damage_healed":0,"gold_gain":0,"player_choice":"Obtained Relic","damage_taken":0,"relics_obtained":["Darkstone Periapt"],"max_hp_gain":0,"max_hp_loss":0,"event_name":"Addict","floor":27,"gold_loss":85}],"is_beta":false,"boss_relics":[{"not_picked":["Lizard Tail","Pandora\u0027s Box"],"picked":"Ring of the Serpent"}],"items_purged_floors":[],"is_endless":false,"potions_floor_spawned":[1,3,7,14,16,20,22,28,30],"killed_by":"Champ","ascension_level":10}