{"gold_per_floor":[113,130,147,147,164,191,209,239,239,239,266,280,292,305,305,381,381,392,402,413,55,69,69,79,409,409,124,124,156,172,192,192,265,265,277,277,277,277],"floor_reached":39,"playtime":2375,"items_purged":["Strike_G"],"score":1333,"play_id":"64d27f1a-f67e-4301-af6c-e5dd07f9f674","local_time":"20190426181147","is_ascension_mode":true,"campfire_choices":[{"data":"Noxious Fumes","floor":15,"key":"SMITH"},{"data":"Cloak And Dagger","floor":23,"key":"SMITH"},{"data":"After Image","floor":32,"key":"SMITH"}],"neow_cost":"NONE","seed_source_timestamp":2922413470987100,"circlet_count":0,"master_deck":["AscendersBane","Defend_G","Defend_G","Defend_G","Defend_G","Defend_G","Strike_G","Strike_G","Strike_G","Strike_G","Survivor","Neutralize","Footwork","PiercingWail","Blur","Endless Agony","Deflect","Quick Slash","Flechettes","Dagger Spray","Adrenaline","All Out Attack","PiercingWail","Noxious Fumes+1","After Image+1","Deflect","PiercingWail+1","Backstab","Cloak And Dagger+1","Well Laid Plans","Footwork","Adrenaline"],"special_seed":0,"relics":["Orrery","Ornamental Fan","Dead Branch","Mercury Hourglass","Pear","Runic Dome","Letter Opener","Old Coin","Sundial","Medical Kit","Gremlin Horn","Anchor","Busted Crown"],"potions_floor_usage":[12,33,33,38],"damage_taken":[{"damage":7.0,"enemies":"Small Slimes","floor":1.0,"turns":6.0},{"damage":0.0,"enemies":"Cultist","floor":2.0,"turns":2.0},{"damage":4.0,"enemies":"Jaw Worm","floor":3.0,"turns":4.0},{"damage":1.0,"enemies":"2 Fungi Beasts","floor":5.0,"turns":4.0},{"damage":29,"enemies":"3 Sentries","floor":6,"turns":13},{"damage":7,"enemies":"Red Slaver","floor":7,"turns":6},{"damage":7,"enemies":"Lagavulin","floor":11,"turns":9},{"damage":9,"enemies":"Exordium Thugs","floor":12,"turns":4},{"damage":0,"enemies":"Looter","floor":13,"turns":3},{"damage":0,"enemies":"2 Fungi Beasts","floor":14,"turns":3},{"damage":0,"enemies":"Slime Boss","floor":16,"turns":5},{"damage":4,"enemies":"Shell Parasite","floor":18,"turns":5},{"damage":0,"enemies":"Spheric Guardian","floor":19,"turns":6},{"damage":4,"enemies":"Snake Plant","floor":20,"turns":4},{"damage":9,"enemies":"Shelled Parasite and Fungi","floor":22,"turns":6},{"damage":7,"enemies":"Centurion and Healer","floor":24,"turns":6},{"damage":2,"enemies":"Book of Stabbing","floor":25,"turns":5},{"damage":0,"enemies":"Gremlin Leader","floor":29,"turns":7},{"damage":11,"enemies":"Snecko","floor":30,"turns":6},{"damage":19,"enemies":"Snake Plant","floor":31,"turns":6},{"damage":15,"enemies":"Champ","floor":33,"turns":10},{"damage":0,"enemies":"3 Shapes","floor":35,"turns":2},{"damage":23,"enemies":"Donu and Deca","floor":38,"turns":11}],"seed_played":"-4003279154199082361","potions_obtained":[{"floor":1.0,"key":"SpeedPotion"},{"floor":2.0,"key":"EssenceOfSteel"},{"floor":10,"key":"AttackPotion"},{"floor":18,"key":"Strength Potion"},{"floor":33,"key":"AttackPotion"}],"is_trial":false,"path_per_floor":["M","M","M","?","M","E","M","?","T","?","E","M","M","M","R","B",null,"M","M","M","$","M","R","M","E","T","$","T","E","M","M","R","B",null,"M","?","?","B",null],"character_chosen":"THE_SILENT","items_purchased":["Letter Opener","Backstab","Medical Kit"],"campfire_rested":0,"item_purchase_floors":[21,21,27],"current_hp_per_floor":[52,52,48,76,75,46,39,39,39,39,42,33,33,33,33,33,73,69,69,65,65,56,56,49,47,47,47,47,47,36,17,17,2,65,65,65,65,42],"gold":277,"neow_bonus":"BOSS_RELIC","is_prod":false,"is_daily":false,"chose_seed":false,"campfire_upgraded":3,"win_rate":0,"timestamp":1556298707,"path_taken":["M","M","M","?","?","E","M","?","T","?","E","M","?","M","R","BOSS","M","M","M","$","M","R","M","E","T","?","?","E","M","M","R","BOSS","M","?","?","BOSS"],"build_version":"2019-01-23","purchased_purges":1,"victory":true,"max_hp_per_floor":[66,66,66,76,76,76,76,76,76,76,86,86,86,86,86,86,86,86,86,86,86,86,86,86,86,86,86,86,86,86,86,86,86,86,86,86,86,86],"card_choices":[{"not_picked":["Slice","Quick Slash"],"picked":"Footwork","floor":0.0},{"not_picked":["Backflip","Dagger Spray"],"picked":"PiercingWail","floor":0.0},{"not_picked":["Caltrops","Slice"],"picked":"Blur","floor":0.0},{"not_picked":["Catalyst","Bane"],"picked":"Endless Agony","floor":0.0},{"not_picked":["Bane","Calculated Gamble"],"picked":"Phantasmal Killer","floor":0.0},{"not_picked":["Cloak And Dagger","Escape Plan"],"picked":"Deflect","floor":1.0},{"not_picked":["Dodge and Roll","Poisoned Stab"],"picked":"Quick Slash","floor":2.0},{"not_picked":["Slice","Sucker Punch"],"picked":"Flechettes","floor":3.0},{"not_picked":["Dagger Throw","Cloak And Dagger"],"picked":"Dagger Spray","floor":5.0},{"not_picked":["Well Laid Plans","Tactician"],"picked":"Adrenaline","floor":6},{"not_picked":["Dagger Throw","Acrobatics"],"picked":"All Out Attack","floor":7},{"not_picked":["Crippling Poison","Bane","Grand Finale"],"picked":"SKIP","floor":11},{"not_picked":["Quick Slash","Blade Dance"],"picked":"PiercingWail","floor":12},{"not_picked":["Acrobatics","Deadly Poison","Sucker Punch"],"picked":"SKIP","floor":13},{"not_picked":["Deadly Poison","Backflip"],"picked":"Noxious Fumes","floor":14},{"not_picked":["Die Die Die","Wraith Form v2"],"picked":"After Image","floor":16},{"not_picked":["Quick Slash","All Out Attack"],"picked":"Deflect","floor":18},{"not_picked":["Acrobatics","Dagger Spray"],"picked":"PiercingWail+1","floor":19},{"not_picked":["Bane","All Out Attack+1","Flechettes"],"picked":"SKIP","floor":20},{"not_picked":["Dagger Throw","Crippling Poison"],"picked":"Cloak And Dagger","floor":22},{"not_picked":["Deadly Poison","Expertise","Outmaneuver"],"picked":"SKIP","floor":24},{"not_picked":["Deflect","Deadly Poison"],"picked":"Well Laid Plans","floor":25},{"not_picked":["Poisoned Stab","All Out Attack+1"],"picked":"Footwork","floor":29},{"not_picked":["Masterful Stab","Leg Sweep","Acrobatics"],"picked":"SKIP","floor":30},{"not_picked":["Dash","Deflect","Storm of Steel"],"picked":"SKIP","floor":31},{"not_picked":["A Thousand Cuts","Doppelganger"],"picked":"Adrenaline","floor":33},{"not_picked":["Accuracy"],"picked":"SKIP","floor":35}],"player_experience":216951,"relics_obtained":[{"floor":6,"key":"Ornamental Fan"},{"floor":9,"key":"Mercury Hourglass"},{"floor":11,"key":"Pear"},{"floor":25,"key":"Old Coin"},{"floor":26,"key":"Sundial"},{"floor":28,"key":"Gremlin Horn"},{"floor":29,"key":"Anchor"}],"event_choices":[{"cards_removed":["Phantasmal Killer"],"damage_healed":18.0,"max_hp_gain":10.0,"max_hp_loss":0.0,"gold_gain":0.0,"event_name":"Bonfire Elementals","player_choice":"Offered Rare","floor":4.0,"gold_loss":0.0,"damage_taken":0.0},{"damage_healed":0,"gold_gain":30,"player_choice":"Searched \u00273\u0027 times","damage_taken":0,"relics_obtained":["Dead Branch"],"max_hp_gain":0,"max_hp_loss":0,"event_name":"Dead Adventurer","floor":8,"gold_loss":0},{"damage_healed":0,"gold_gain":0,"player_choice":"Got Potions","damage_taken":0,"max_hp_gain":0,"max_hp_loss":0,"event_name":"Lab","floor":10,"gold_loss":0},{"damage_healed":0,"gold_gain":0,"player_choice":"Memory 1","damage_taken":0,"max_hp_gain":0,"max_hp_loss":0,"event_name":"SensoryStone","floor":36,"gold_loss":0},{"damage_healed":0,"gold_gain":0,"player_choice":"Took Portal","damage_taken":0,"max_hp_gain":0,"max_hp_loss":0,"event_name":"SecretPortal","floor":37,"gold_loss":0}],"is_beta":false,"boss_relics":[{"not_picked":["Tiny House","Sozu"],"picked":"Runic Dome"},{"not_picked":["Lizard Tail","Black Star"],"picked":"Busted Crown"}],"items_purged_floors":[27],"is_endless":false,"potions_floor_spawned":[1,2,6,11,18,19,24,29,31,33],"ascension_level":18}