{"gold_per_floor":[117,38,51,51,16,43,43,94,147,37,137,147,147,161,161,258,258,273,273,291,291,308,308,331,350,350,350,360,360],"floor_reached":29,"playtime":789,"items_purged":[],"score":273,"play_id":"67747563-50fd-4b77-ad49-394bcac4a7c9","local_time":"20190213142852","is_ascension_mode":true,"campfire_choices":[{"data":"Loop","floor":7,"key":"SMITH"},{"data":"Static Discharge","floor":13,"key":"SMITH"},{"floor":15,"key":"REST"},{"floor":23,"key":"REST"},{"floor":27,"key":"REST"}],"neow_cost":"NONE","seed_source_timestamp":1984962877000185,"circlet_count":0,"master_deck":["Strike_B","Strike_B","Strike_B","Strike_B","Defend_B","Defend_B","Defend_B","Defend_B","Zap+1","Dualcast","Auto Shields+1","Melter","Loop+1","Undo","Static Discharge+1","Melter","Redo","Leap","Seek","Hologram","Shame","FTL","Decay","Gash","Streamline+1","Rebound"],"relics":["Cracked Core","NeowsBlessing","Strawberry","Happy Flower","Sozu","DataDisk","Meat on the Bone"],"potions_floor_usage":[16,16],"damage_taken":[{"damage":0,"enemies":"Small Slimes","floor":1,"turns":1},{"damage":0,"enemies":"Jaw Worm","floor":3,"turns":1},{"damage":0,"enemies":"3 Sentries","floor":6,"turns":1},{"damage":6,"enemies":"2 Louse","floor":12,"turns":3},{"damage":15,"enemies":"2 Fungi Beasts","floor":14,"turns":4},{"damage":11,"enemies":"The Guardian","floor":16,"turns":7},{"damage":33,"enemies":"Chosen","floor":18,"turns":5},{"damage":9,"enemies":"3 Byrds","floor":20,"turns":2},{"damage":30,"enemies":"Shelled Parasite and Fungi","floor":22,"turns":4},{"damage":32,"enemies":"Chosen and Byrds","floor":25,"turns":6},{"damage":24,"enemies":"Centurion and Healer","floor":28,"turns":4},{"damage":14,"enemies":"Cultist and Chosen","floor":29,"turns":1}],"seed_played":"3935417365231003701","potions_obtained":[{"floor":1,"key":"FocusPotion"},{"floor":3,"key":"Weak Potion"},{"floor":6,"key":"Dexterity Potion"}],"is_trial":false,"path_per_floor":["M","$","M","?","?","E","R","?","T","$","?","M","R","M","R","B",null,"M","?","M","?","M","R","T","M","T","R","M","M"],"character_chosen":"DEFECT","items_purchased":["Melter","Static Discharge","Melter"],"campfire_rested":3,"item_purchase_floors":[2,10,10],"current_hp_per_floor":[75,75,75,60,75,82,82,82,82,82,82,76,76,61,82,71,82,49,49,40,40,10,34,34,2,2,26,14,0],"gold":360,"neow_bonus":"THREE_ENEMY_KILL","is_prod":false,"is_daily":false,"chose_seed":false,"campfire_upgraded":2,"win_rate":0,"timestamp":1550096932,"path_taken":["M","$","M","?","?","E","R","?","T","$","?","?","R","M","R","BOSS","M","?","M","?","M","R","?","M","T","R","M","?"],"build_version":"2019-01-23","purchased_purges":0,"victory":false,"max_hp_per_floor":[75,75,75,75,75,82,82,82,82,82,82,82,82,82,82,82,82,82,82,82,82,82,82,82,82,82,82,82,82],"card_choices":[{"not_picked":["Glacier","Self Repair"],"picked":"Auto Shields","floor":1},{"not_picked":["Blizzard","Ball Lightning"],"picked":"Loop","floor":3},{"not_picked":["Go for the Eyes","Streamline"],"picked":"Undo","floor":6},{"not_picked":["Hologram","Loop"],"picked":"Redo","floor":12},{"not_picked":["Conserve Battery","Stack"],"picked":"Leap","floor":14},{"not_picked":["Fission","Machine Learning"],"picked":"Seek","floor":16},{"not_picked":["Turbo","Go for the Eyes"],"picked":"Hologram","floor":18},{"not_picked":["Aggregate+1","Sweeping Beam"],"picked":"FTL","floor":20},{"not_picked":["Heatsinks+1","Stack"],"picked":"Gash","floor":22},{"not_picked":["Gash+1","Cold Snap"],"picked":"Streamline+1","floor":25},{"not_picked":["Go for the Eyes","Skim"],"picked":"Rebound","floor":28}],"player_experience":357732,"relics_obtained":[{"floor":6,"key":"Strawberry"},{"floor":9,"key":"Happy Flower"},{"floor":26,"key":"Meat on the Bone"}],"event_choices":[{"damage_healed":0,"gold_gain":0,"player_choice":"Entered Light","damage_taken":15,"max_hp_gain":0,"max_hp_loss":0,"event_name":"Shining Light","floor":4,"gold_loss":0,"cards_upgraded":["Auto Shields","Zap"]},{"damage_healed":18,"gold_gain":0,"player_choice":"Healed","damage_taken":0,"max_hp_gain":0,"max_hp_loss":0,"event_name":"The Cleric","floor":5,"gold_loss":35},{"damage_healed":0,"gold_gain":51,"player_choice":"Gained Gold","damage_taken":0,"max_hp_gain":0,"max_hp_loss":0,"event_name":"Golden Wing","floor":8,"gold_loss":0},{"damage_healed":0,"gold_gain":100,"player_choice":"Pray","damage_taken":0,"max_hp_gain":0,"max_hp_loss":0,"event_name":"Golden Shrine","floor":11,"gold_loss":0},{"damage_healed":0,"gold_gain":0,"player_choice":"Stole Relic","damage_taken":0,"relics_obtained":["DataDisk"],"max_hp_gain":0,"max_hp_loss":0,"event_name":"Addict","floor":19,"gold_loss":0,"cards_obtained":["Shame"]},{"damage_healed":0,"gold_gain":0,"player_choice":"Smashed Altar","damage_taken":0,"max_hp_gain":0,"max_hp_loss":0,"event_name":"Forgotten Altar","floor":21,"gold_loss":0,"cards_obtained":["Decay"]}],"is_beta":false,"boss_relics":[{"not_picked":["FrozenCore","Velvet Choker"],"picked":"Sozu"}],"items_purged_floors":[],"is_endless":false,"potions_floor_spawned":[1,3,6,22,25],"killed_by":"Cultist and Chosen","ascension_level":2}