{"gold_per_floor":[113,129,148,73,92,92,117,17,17,43,43,43,57,75,75,171,171,183,36,36,56,72,72,91,103,103,103,32,32,32,32,32,134,134,145,191,269,63,81,114,114,114],"floor_reached":42,"playtime":2152,"items_purged":["Strike_R","Strike_R","Shame"],"score":523,"play_id":"70c12a45-316f-4d46-97ba-d4accf13ef80","local_time":"20190405182340","is_ascension_mode":true,"campfire_choices":[{"data":"Iron Wave","floor":6.0,"key":"SMITH"},{"floor":12.0,"key":"REST"},{"data":"Flame Barrier","floor":15.0,"key":"SMITH"},{"data":"Fiend Fire","floor":23.0,"key":"SMITH"},{"data":"Burning Pact","floor":29.0,"key":"SMITH"},{"data":"Armaments","floor":32.0,"key":"SMITH"},{"floor":41,"key":"REST"}],"neow_cost":"NONE","seed_source_timestamp":0,"circlet_count":0,"master_deck":["Strike_R","Strike_R","Defend_R","Defend_R","Defend_R","Defend_R","Bash","Iron Wave+1","Inflame","Sword Boomerang","Heavy Blade","Demon Form","Flame Barrier+1","Heavy Blade","Flex","Fiend Fire+1","Flame Barrier+1","Heavy Blade","Armaments+1","Cleave","Cleave","Entrench+1","Burning Pact+1","Juggernaut+1","True Grit+1","Rampage","Rampage+1"],"special_seed":0,"relics":["Burning Blood","Pen Nib","Bottled Lightning","Gremlin Horn","Art of War","Snecko Eye","Vajra","Frozen Egg 2","Self Forming Clay","Fusion Hammer","Girya","Ornamental Fan","Orichalcum"],"potions_floor_usage":[36,36],"damage_taken":[{"damage":1.0,"enemies":"Cultist","floor":1.0,"turns":3.0},{"damage":6.0,"enemies":"2 Louse","floor":2.0,"turns":3.0},{"damage":2.0,"enemies":"Jaw Worm","floor":3.0,"turns":3.0},{"damage":26.0,"enemies":"Exordium Thugs","floor":5.0,"turns":5.0},{"damage":3.0,"enemies":"3 Sentries","floor":7.0,"turns":6.0},{"damage":18.0,"enemies":"Lagavulin","floor":10.0,"turns":6.0},{"damage":7.0,"enemies":"2 Fungi Beasts","floor":13.0,"turns":3.0},{"damage":3.0,"enemies":"3 Louse","floor":14.0,"turns":3.0},{"damage":29.0,"enemies":"The Guardian","floor":16.0,"turns":7.0},{"damage":0.0,"enemies":"Spheric Guardian","floor":18.0,"turns":3.0},{"damage":14.0,"enemies":"Shell Parasite","floor":21.0,"turns":2.0},{"damage":0.0,"enemies":"Cultist and Chosen","floor":22.0,"turns":4.0},{"damage":7.0,"enemies":"3 Cultists","floor":24.0,"turns":4.0},{"damage":10.0,"enemies":"Shelled Parasite and Fungi","floor":25.0,"turns":3.0},{"damage":18.0,"enemies":"Champ","floor":33.0,"turns":8.0},{"damage":12,"enemies":"3 Darklings","floor":35,"turns":4},{"damage":15,"enemies":"2 Orb Walkers","floor":36,"turns":4},{"damage":30,"enemies":"3 Shapes","floor":39,"turns":3},{"damage":34,"enemies":"Reptomancer","floor":40,"turns":5},{"damage":54,"enemies":"Writhing Mass","floor":42,"turns":3}],"seed_played":"815997823160405347","potions_obtained":[{"floor":1.0,"key":"AttackPotion"},{"floor":2.0,"key":"PowerPotion"},{"floor":5.0,"key":"EssenceOfSteel"},{"floor":16.0,"key":"SteroidPotion"},{"floor":18.0,"key":"Regen Potion"},{"floor":22.0,"key":"Strength Potion"},{"floor":25.0,"key":"Dexterity Potion"},{"floor":33.0,"key":"AttackPotion"},{"floor":40,"key":"SteroidPotion"}],"is_trial":false,"path_per_floor":["M","M","M","$","M","R","E","$","T","E","?","R","M","M","R","B",null,"M","$","?","M","M","R","M","M","T","?","$","R","$","?","R","B",null,"M","?","T","$","M","E","R","M"],"character_chosen":"IRONCLAD","items_purchased":["Vajra","Burning Pact","Rampage"],"campfire_rested":2,"item_purchase_floors":[19,28,38],"current_hp_per_floor":[80,80,80,80,60,60,63,63,63,51,44,68,67,70,70,47,80,80,80,80,72,78,78,77,73,73,73,73,73,73,73,73,61,80,74,65,65,65,41,13,37,0],"gold":114,"neow_bonus":"REMOVE_CARD","is_prod":false,"is_daily":false,"chose_seed":false,"campfire_upgraded":5,"win_rate":0,"timestamp":1554481420,"path_taken":["M","M","M","$","M","R","E","$","T","E","?","R","M","M","R","BOSS","M","$","?","?","M","R","M","M","T","?","$","R","?","?","R","BOSS","M","?","?","$","M","E","R","M"],"build_version":"2019-01-23","purchased_purges":3,"victory":false,"max_hp_per_floor":[80,80,80,80,80,80,80,80,80,80,80,80,80,80,80,80,80,80,80,80,80,80,80,80,80,80,80,80,80,80,80,80,80,80,80,80,80,80,80,80,80,80],"card_choices":[{"not_picked":["Uppercut","Feel No Pain"],"picked":"Iron Wave","floor":1.0},{"not_picked":["Clash","Armaments"],"picked":"Inflame","floor":2.0},{"not_picked":["Twin Strike","Wild Strike"],"picked":"Sword Boomerang","floor":3.0},{"not_picked":["Anger","Metallicize"],"picked":"Heavy Blade","floor":5.0},{"not_picked":["Feel No Pain","Wild Strike"],"picked":"Demon Form","floor":7.0},{"not_picked":["Feel No Pain","True Grit"],"picked":"Flame Barrier","floor":10.0},{"not_picked":["Shrug It Off","Bloodletting"],"picked":"Heavy Blade","floor":13.0},{"not_picked":["Sword Boomerang","Battle Trance"],"picked":"Flex","floor":14.0},{"not_picked":["Brutality","Dark Embrace"],"picked":"Fiend Fire","floor":16.0},{"not_picked":["Pummel","Sword Boomerang"],"picked":"Flame Barrier","floor":18.0},{"not_picked":["Clothesline","Clash"],"picked":"Armaments","floor":21.0},{"not_picked":["Blood for Blood","Uppercut"],"picked":"Cleave","floor":22.0},{"not_picked":["Battle Trance","Twin Strike"],"picked":"Cleave","floor":24.0},{"not_picked":["Flex","Headbutt"],"picked":"Entrench+1","floor":25.0},{"not_picked":["Fiend Fire","Reaper"],"picked":"Juggernaut+1","floor":33.0},{"not_picked":["Havoc","Armaments"],"picked":"True Grit+1","floor":35},{"not_picked":["Battle Trance","Cleave"],"picked":"Rampage+1","floor":39},{"not_picked":["Clothesline+1","Reckless Charge+1","Cleave"],"picked":"SKIP","floor":40}],"player_experience":245211,"relics_obtained":[{"floor":7.0,"key":"Pen Nib"},{"floor":9.0,"key":"Bottled Lightning"},{"floor":10.0,"key":"Gremlin Horn"},{"floor":26.0,"key":"Frozen Egg 2"},{"floor":36,"key":"Girya"},{"floor":37,"key":"Ornamental Fan"},{"floor":40,"key":"Orichalcum"}],"event_choices":[{"damage_healed":0.0,"max_hp_gain":0.0,"max_hp_loss":0.0,"gold_gain":0.0,"event_name":"Scrap Ooze","player_choice":"Success","floor":11.0,"gold_loss":0.0,"damage_taken":7.0,"relics_obtained":["Art of War"]},{"damage_healed":0.0,"max_hp_gain":0.0,"max_hp_loss":0.0,"gold_gain":0.0,"event_name":"Match and Keep!","player_choice":"1 cards matched","floor":20.0,"gold_loss":0.0,"damage_taken":0.0,"cards_obtained":["Heavy Blade"]},{"damage_healed":0.0,"max_hp_gain":0.0,"max_hp_loss":0.0,"gold_gain":0.0,"event_name":"Upgrade Shrine","player_choice":"Upgraded","floor":27.0,"gold_loss":0.0,"damage_taken":0.0,"cards_upgraded":["Flame Barrier"]},{"damage_healed":0.0,"max_hp_gain":0.0,"max_hp_loss":0.0,"gold_gain":0.0,"event_name":"Addict","player_choice":"Stole Relic","floor":31.0,"gold_loss":0.0,"damage_taken":0.0,"relics_obtained":["Self Forming Clay"],"cards_obtained":["Shame"]},{"damage_healed":0,"gold_gain":0,"player_choice":"Fight","damage_taken":0,"max_hp_gain":0,"max_hp_loss":0,"event_name":"Mysterious Sphere","floor":36,"gold_loss":0}],"is_beta":false,"boss_relics":[{"not_picked":["White Beast Statue","Black Blood"],"picked":"Snecko Eye"},{"not_picked":["Astrolabe","Tiny House"],"picked":"Fusion Hammer"}],"items_purged_floors":[4,8,38],"is_endless":false,"potions_floor_spawned":[1,2,5,16,18,22,25,33,40],"killed_by":"Writhing Mass","ascension_level":4}