{"gold_per_floor":[116,116,25,35,35,35,53,53,53,73,73,87,106,137,137,232,232,247,265,284,59,359,359,359,377,377,394,409,18,18,18,18,116,116,136,36,136,156,31,31,46,46,46,0,0,15,15,32,32,32],"floor_reached":50,"playtime":1726,"items_purged":["Strike_B","Defend_B","Decay"],"score":488,"play_id":"854cc4a5-5340-4c4d-bd4d-de350d9f9e57","local_time":"20190402190846","is_ascension_mode":true,"campfire_choices":[{"data":"Discovery","floor":6,"key":"SMITH"},{"data":"Electrodynamics","floor":11,"key":"SMITH"},{"floor":15,"key":"REST"},{"data":"Static Discharge","floor":23,"key":"SMITH"},{"floor":32,"key":"REST"},{"data":"Enlightenment","floor":40,"key":"SMITH"},{"floor":42,"key":"REST"},{"floor":49,"key":"REST"}],"neow_cost":"NONE","seed_source_timestamp":1283101469790740,"circlet_count":0,"master_deck":["Strike_B","Strike_B","Defend_B","Defend_B","Defend_B","Zap","Dualcast","Ball Lightning","Discovery+1","Lockon","Self Repair","Electrodynamics+1","Redo","Thunder Strike","Conserve Battery","Self Repair","Seek","Melter","Reprogram","Static Discharge+1","Writhe","Undo","Loop+1","Enlightenment+1","Defragment","Seek","Static Discharge+1","Dramatic Entrance"],"relics":["Cracked Core","NeowsBlessing","Kunai","StoneCalendar","White Beast Statue","DataDisk","Old Coin","Bottled Tornado","Juzu Bracelet","Eternal Feather","Red Mask"],"potions_floor_usage":[10,13,13,16,19,19,20,28,33,35,38,48,50],"damage_taken":[{"damage":0,"enemies":"2 Louse","floor":1,"turns":1},{"damage":0,"enemies":"Jaw Worm","floor":4,"turns":1},{"damage":0,"enemies":"Cultist","floor":7,"turns":1},{"damage":8,"enemies":"Red Slaver","floor":10,"turns":4},{"damage":0,"enemies":"2 Fungi Beasts","floor":12,"turns":2},{"damage":0,"enemies":"Looter","floor":13,"turns":1},{"damage":15,"enemies":"3 Sentries","floor":14,"turns":3},{"damage":53,"enemies":"Hexaghost","floor":16,"turns":8},{"damage":21,"enemies":"Chosen","floor":18,"turns":5},{"damage":26,"enemies":"2 Thieves","floor":19,"turns":4},{"damage":18,"enemies":"Snecko","floor":20,"turns":4},{"damage":23,"enemies":"Cultist and Chosen","floor":25,"turns":4},{"damage":24,"enemies":"Snake Plant","floor":27,"turns":2},{"damage":9,"enemies":"Sentry and Sphere","floor":28,"turns":2},{"damage":50,"enemies":"Collector","floor":33,"turns":7},{"damage":30,"enemies":"Orb Walker","floor":35,"turns":3},{"damage":19,"enemies":"3 Shapes","floor":38,"turns":3},{"damage":29,"enemies":"Writhing Mass","floor":41,"turns":3},{"damage":42,"enemies":"3 Darklings","floor":46,"turns":3},{"damage":38,"enemies":"Maw","floor":48,"turns":6},{"damage":62,"enemies":"Awakened One","floor":50,"turns":3}],"seed_played":"-6539795961737500908","potions_obtained":[{"floor":4,"key":"AttackPotion"},{"floor":10,"key":"Poison Potion"},{"floor":12,"key":"Energy Potion"},{"floor":14,"key":"Swift Potion"},{"floor":16,"key":"FocusPotion"},{"floor":18,"key":"Weak Potion"},{"floor":19,"key":"Explosive Potion"},{"floor":20,"key":"Strength Potion"},{"floor":25,"key":"PowerPotion"},{"floor":27,"key":"SteroidPotion"},{"floor":28,"key":"Swift Potion"},{"floor":33,"key":"SkillPotion"},{"floor":35,"key":"Block Potion"},{"floor":38,"key":"SteroidPotion"},{"floor":46,"key":"FocusPotion"},{"floor":48,"key":"PowerPotion"}],"is_trial":false,"path_per_floor":["M","?","$","M","$","R","M","?","T","M","R","M","M","E","R","B",null,"M","M","M","$","?","R","?","M","T","M","M","$","?","?","R","B",null,"M","$","?","M","$","R","M","R","T","?","?","M","?","M","R","B"],"character_chosen":"DEFECT","items_purchased":["Discovery","DataDisk","Static Discharge","Enlightenment","Defragment","Juzu Bracelet"],"campfire_rested":4,"item_purchase_floors":[3,21,21,29,29,29],"current_hp_per_floor":[75,68,68,68,68,68,68,68,68,67,67,74,74,59,75,29,75,68,56,52,52,52,52,52,43,43,19,17,17,17,42,64,14,75,45,45,45,40,40,55,33,70,70,70,75,40,40,16,53,0],"gold":32,"neow_bonus":"THREE_ENEMY_KILL","is_prod":false,"is_daily":false,"chose_seed":false,"campfire_upgraded":4,"win_rate":0,"timestamp":1554257326,"path_taken":["M","?","$","M","$","R","M","?","T","M","R","M","M","E","R","BOSS","M","?","M","?","?","R","?","M","T","M","?","$","?","?","R","BOSS","M","$","?","M","$","R","M","R","T","?","?","M","?","M","R","BOSS"],"build_version":"2019-01-23","purchased_purges":3,"victory":false,"max_hp_per_floor":[75,75,75,75,75,75,75,75,75,75,75,75,75,75,75,75,75,75,75,75,75,75,75,75,75,75,75,75,75,75,75,75,75,75,75,75,75,75,75,75,75,75,75,75,75,75,75,75,75,75],"card_choices":[{"not_picked":["Stack","Barrage"],"picked":"Ball Lightning","floor":1},{"not_picked":["Compile Driver","Beam Cell"],"picked":"Lockon","floor":4},{"not_picked":["Storm","Lockon"],"picked":"Self Repair","floor":7},{"not_picked":["Rebound","Darkness"],"picked":"Redo","floor":10},{"not_picked":["Chaos","Stack"],"picked":"Thunder Strike","floor":12},{"not_picked":["Gash","Ball Lightning"],"picked":"Conserve Battery","floor":13},{"not_picked":["Hologram","Compile Driver"],"picked":"Self Repair","floor":14},{"not_picked":["Thunder Strike","Rainbow"],"picked":"Seek","floor":16},{"not_picked":["Reinforced Body","Redo"],"picked":"Melter","floor":18},{"not_picked":["Beam Cell+1","Gash+1","Coolheaded+1"],"picked":"SKIP","floor":19},{"not_picked":["Steam","Turbo+1"],"picked":"Reprogram","floor":20},{"not_picked":["Turbo","Compile Driver"],"picked":"Chill","floor":25},{"not_picked":["Coolheaded","Turbo+1"],"picked":"Undo","floor":27},{"not_picked":["Steam Power","Tempest"],"picked":"Loop+1","floor":28},{"not_picked":["Hyperbeam","Creative AI"],"picked":"Seek","floor":33},{"not_picked":["Gash+1","Streamline+1"],"picked":"Static Discharge+1","floor":35},{"not_picked":["Ball Lightning+1","Hello World","Coolheaded+1"],"picked":"SKIP","floor":38},{"not_picked":["Coolheaded+1","Rebound","Go for the Eyes+1"],"picked":"SKIP","floor":41},{"not_picked":["Steam","Barrage","Scrape"],"picked":"SKIP","floor":46},{"not_picked":["Blind","Finesse"],"picked":"Dramatic Entrance","floor":47},{"not_picked":["Steam+1","Streamline+1","Hologram"],"picked":"SKIP","floor":48}],"player_experience":389997,"relics_obtained":[{"floor":9,"key":"Kunai"},{"floor":14,"key":"StoneCalendar"},{"floor":26,"key":"Bottled Tornado"}],"event_choices":[{"cards_removed":["Strike_B"],"damage_healed":0,"gold_gain":0,"player_choice":"Card Removal","damage_taken":7,"max_hp_gain":0,"max_hp_loss":0,"event_name":"Golden Wing","floor":2,"gold_loss":0},{"damage_healed":0,"gold_gain":0,"player_choice":"1 cards matched","damage_taken":0,"max_hp_gain":0,"max_hp_loss":0,"event_name":"Match and Keep!","floor":8,"gold_loss":0,"cards_obtained":["Electrodynamics"]},{"damage_healed":0,"gold_gain":0,"player_choice":"Stole Relic","damage_taken":0,"relics_obtained":["Old Coin"],"max_hp_gain":0,"max_hp_loss":0,"event_name":"Addict","floor":22,"gold_loss":0,"cards_obtained":["Shame"]},{"damage_healed":0,"gold_gain":0,"cards_transformed":["Shame"],"player_choice":"Transformed","damage_taken":0,"max_hp_gain":0,"max_hp_loss":0,"event_name":"Transmorgrifier","floor":24,"gold_loss":0,"cards_obtained":["Writhe"]},{"damage_healed":0,"gold_gain":0,"player_choice":"Smashed Altar","damage_taken":0,"max_hp_gain":0,"max_hp_loss":0,"event_name":"Forgotten Altar","floor":30,"gold_loss":0,"cards_obtained":["Decay"]},{"damage_healed":25,"gold_gain":0,"player_choice":"Heal","damage_taken":0,"max_hp_gain":0,"max_hp_loss":0,"event_name":"The Library","floor":31,"gold_loss":0},{"damage_healed":0,"gold_gain":100,"player_choice":"Pray","damage_taken":0,"max_hp_gain":0,"max_hp_loss":0,"event_name":"Golden Shrine","floor":37,"gold_loss":0},{"damage_healed":0,"gold_gain":0,"player_choice":"Paid","damage_taken":0,"relics_obtained":["Red Mask"],"max_hp_gain":0,"max_hp_loss":0,"event_name":"Tomb of Lord Red Mask","floor":44,"gold_loss":46},{"cards_removed":["Chill"],"damage_healed":5,"gold_gain":0,"player_choice":"Offered Uncommon","damage_taken":0,"max_hp_gain":0,"max_hp_loss":0,"event_name":"Bonfire Elementals","floor":45,"gold_loss":0},{"damage_healed":0,"gold_gain":0,"player_choice":"Memory 1","damage_taken":0,"max_hp_gain":0,"max_hp_loss":0,"event_name":"SensoryStone","floor":47,"gold_loss":0}],"is_beta":false,"boss_relics":[{"not_picked":["Velvet Choker","Fusion Hammer"],"picked":"White Beast Statue"},{"not_picked":["Runic Dome","Philosopher\u0027s Stone"],"picked":"Eternal Feather"}],"items_purged_floors":[29,36,39],"is_endless":false,"potions_floor_spawned":[4,10,12,14,16,18,19,20,25,27,28,33,35,38,41,46,48],"killed_by":"Awakened One","ascension_level":2}