{"gold_per_floor":[114,133,133,153,103,103,134,153,176,210,157,157,64,75,75,175,175,194,194,211,231,248,276,292,3,3,3,16,35,60,70,70,169,169,180,200,212,228,273,273,305,305,332,332,352,352,352,379,379,379],"floor_reached":51,"playtime":3479,"items_purged":[],"score":1001,"play_id":"a4323f40-d9e3-4e26-bac5-a1fb0bc8dc0a","local_time":"20180818161649","is_ascension_mode":true,"campfire_choices":[{"data":"Bash","floor":6.0,"key":"SMITH"},{"data":"Rampage","floor":12.0,"key":"SMITH"},{"data":"Armaments","floor":15.0,"key":"SMITH"},{"floor":32.0,"key":"REST"},{"data":"1","floor":40,"key":"LIFT"},{"data":"2","floor":42,"key":"LIFT"},{"data":"3","floor":44,"key":"LIFT"},{"floor":49,"key":"REST"}],"neow_cost":"NONE","seed_source_timestamp":0,"circlet_count":0,"master_deck":["Strike_R","Strike_R","Defend_R","Defend_R","Defend_R","Defend_R","Bash+1","Pommel Strike","Rampage+1","Dramatic Entrance","Dropkick","Armaments+1","True Grit","Disarm","Disarm+1","Shrug It Off+1","Shrug It Off+1","Demon Form","Thunderclap+1","Sentinel+1","Warcry+1","Flame Barrier+1","Ghostly Armor+1","Disarm+1","Flame Barrier+1","Dropkick+1","Shockwave+1","Barricade","True Grit+1","Entrench+1","Power Through+1","Fire Breathing+1","Doubt","Whirlwind+1","True Grit+1","Pain"],"special_seed":0,"relics":["Burning Blood","Bronze Scales","Art of War","Red Skull","Toxic Egg 2","Fusion Hammer","Centennial Puzzle","Medical Kit","Bag of Marbles","Shuriken","Cursed Key","Girya","Thread and Needle","Lantern","Magic Flower","Darkstone Periapt","Frozen Egg 2"],"potions_floor_usage":[36,41,50,50,50],"damage_taken":[{"damage":5.0,"enemies":"Small Slimes","floor":1.0,"turns":4.0},{"damage":6.0,"enemies":"Cultist","floor":2.0,"turns":3.0},{"damage":2.0,"enemies":"2 Louse","floor":4.0,"turns":2.0},{"damage":30.0,"enemies":"Lagavulin","floor":7.0,"turns":4.0},{"damage":6.0,"enemies":"Looter","floor":8.0,"turns":3.0},{"damage":16.0,"enemies":"3 Sentries","floor":10.0,"turns":8.0},{"damage":5.0,"enemies":"Large Slime","floor":14.0,"turns":6.0},{"damage":27.0,"enemies":"Slime Boss","floor":16.0,"turns":9.0},{"damage":1.0,"enemies":"Shell Parasite","floor":18.0,"turns":9.0},{"damage":1.0,"enemies":"3 Byrds","floor":20.0,"turns":2.0},{"damage":3.0,"enemies":"Snecko","floor":21.0,"turns":6.0},{"damage":24.0,"enemies":"3 Cultists","floor":22.0,"turns":5.0},{"damage":20.0,"enemies":"Slavers","floor":23.0,"turns":7.0},{"damage":7.0,"enemies":"Snake Plant","floor":24.0,"turns":4.0},{"damage":0.0,"enemies":"Centurion and Healer","floor":28.0,"turns":8.0},{"damage":0.0,"enemies":"Snecko","floor":29.0,"turns":6.0},{"damage":0.0,"enemies":"Gremlin Leader","floor":30.0,"turns":6.0},{"damage":11.0,"enemies":"3 Cultists","floor":31.0,"turns":5.0},{"damage":28.0,"enemies":"Champ","floor":33.0,"turns":10.0},{"damage":10,"enemies":"Flame Bruiser 1 Orb","floor":35,"turns":8},{"damage":17,"enemies":"3 Darklings","floor":36,"turns":5},{"damage":0,"enemies":"Sphere and 2 Shapes","floor":37,"turns":7},{"damage":11,"enemies":"Flame Bruiser 2 Orb","floor":38,"turns":9},{"damage":2,"floor":39,"turns":7},{"damage":20,"enemies":"Giant Head","floor":41,"turns":13},{"damage":0,"enemies":"4 Shapes","floor":45,"turns":7},{"damage":0,"floor":46,"turns":6},{"damage":4,"enemies":"Nemesis","floor":48,"turns":9},{"damage":29,"enemies":"Donu and Deca","floor":50,"turns":15}],"seed_played":"-1590768054259302888","potions_obtained":[{"floor":2.0,"key":"Energy Potion"},{"floor":7.0,"key":"Weak Potion"},{"floor":8.0,"key":"SteroidPotion"},{"floor":14.0,"key":"Energy Potion"},{"floor":21.0,"key":"GamblersBrew"},{"floor":22.0,"key":"Fire Potion"},{"floor":27.0,"key":"Weak Potion"},{"floor":27.0,"key":"Ancient Potion"},{"floor":30.0,"key":"Dexterity Potion"},{"floor":31.0,"key":"SkillPotion"},{"floor":33.0,"key":"AttackPotion"},{"floor":37,"key":"Block Potion"},{"floor":45,"key":"Ancient Potion"},{"floor":46,"key":"LiquidBronze"}],"is_trial":false,"path_per_floor":["M","M","?","M","?","R","E","M","T","E","?","R","$","M","R","B",null,"M","?","M","M","M","E","M","$","T","?","M","M","E","M","R","B",null,"M","M","M","M","?","R","E","R","T","R","M","?","T","E","R","B"],"character_chosen":"IRONCLAD","items_purchased":["Disarm+1","Shrug It Off+1","Disarm+1","Medical Kit"],"campfire_rested":2,"item_purchase_floors":[13,13,25,25],"current_hp_per_floor":[80,80,80,80,80,80,56,56,56,46,46,46,46,47,47,26,67,72,72,77,80,62,48,47,47,47,47,53,59,65,60,80,58,75,71,60,66,61,65,65,51,51,51,51,57,63,63,68,80,60],"gold":379,"neow_bonus":"REMOVE_CARD","is_prod":false,"is_daily":false,"chose_seed":false,"campfire_upgraded":3,"win_rate":0,"timestamp":1534634209,"path_taken":["M","M","?","M","?","R","E","M","T","E","?","R","$","M","R","BOSS","M","?","M","M","M","E","M","$","T","?","M","?","E","M","R","BOSS","M","M","M","?","?","R","E","R","T","R","M","?","?","E","R","BOSS"],"build_version":"2018-08-16","purchased_purges":0,"victory":true,"max_hp_per_floor":[80,80,80,80,80,80,80,80,80,80,80,80,80,80,80,80,80,80,80,80,80,80,80,80,80,80,80,80,80,80,80,80,80,80,80,80,80,80,80,80,80,80,80,80,80,80,80,80,80,80],"card_choices":[{"not_picked":["Heavy Blade","Sword Boomerang","Wild Strike"],"picked":"SKIP","floor":1.0},{"not_picked":["Clash","Flex"],"picked":"Pommel Strike","floor":2.0},{"not_picked":["True Grit","Shrug It Off"],"picked":"Dropkick","floor":4.0},{"not_picked":["Body Slam","Flex"],"picked":"Armaments","floor":7.0},{"not_picked":["Sword Boomerang","Uppercut"],"picked":"True Grit","floor":8.0},{"not_picked":["Twin Strike","Limit Break"],"picked":"Disarm","floor":10.0},{"not_picked":["Whirlwind","Corruption"],"picked":"Shrug It Off+1","floor":14.0},{"not_picked":["Dark Embrace","Juggernaut"],"picked":"Demon Form","floor":16.0},{"not_picked":["Sword Boomerang+1","Rupture+1"],"picked":"Thunderclap+1","floor":18.0},{"not_picked":["Heavy Blade","Headbutt"],"picked":"Sentinel+1","floor":20.0},{"not_picked":["Twin Strike","Headbutt"],"picked":"Warcry+1","floor":21.0},{"not_picked":["Dual Wield+1","Anger"],"picked":"Flame Barrier+1","floor":22.0},{"not_picked":["Immolate","Pommel Strike"],"picked":"Ghostly Armor+1","floor":23.0},{"not_picked":["Intimidate+1","Anger","Flex+1"],"picked":"SKIP","floor":24.0},{"not_picked":["Rampage","True Grit+1"],"picked":"Flame Barrier+1","floor":28.0},{"not_picked":["Shockwave+1","Seeing Red+1"],"picked":"Dropkick+1","floor":29.0},{"not_picked":["Headbutt","Clash"],"picked":"Shockwave+1","floor":30.0},{"not_picked":["Cleave","Twin Strike+1","Armaments+1"],"picked":"SKIP","floor":31.0},{"not_picked":["Offering+1","Bludgeon"],"picked":"Barricade","floor":33.0},{"not_picked":["Havoc+1","Clothesline","Anger+1"],"picked":"SKIP","floor":35},{"not_picked":["Thunderclap","Pommel Strike"],"picked":"True Grit+1","floor":36},{"not_picked":["Fiend Fire","Thunderclap","Sentinel+1"],"picked":"SKIP","floor":37},{"not_picked":["Havoc+1","Iron Wave+1"],"picked":"Entrench+1","floor":38},{"not_picked":["Clothesline+1","Thunderclap+1"],"picked":"Power Through+1","floor":39},{"not_picked":["Sword Boomerang","Clash"],"picked":"Fire Breathing+1","floor":41},{"not_picked":["Combust+1","Carnage"],"picked":"Whirlwind+1","floor":45},{"not_picked":["Headbutt","Anger"],"picked":"True Grit+1","floor":46},{"not_picked":["Armaments+1","Thunderclap+1","Cleave+1"],"picked":"SKIP","floor":48}],"player_experience":95253,"relics_obtained":[{"floor":7.0,"key":"Bronze Scales"},{"floor":9.0,"key":"Art of War"},{"floor":10.0,"key":"Red Skull"},{"floor":23.0,"key":"Centennial Puzzle"},{"floor":26.0,"key":"Bag of Marbles"},{"floor":30.0,"key":"Shuriken"},{"floor":39,"key":"Girya"},{"floor":41,"key":"Thread and Needle"},{"floor":43,"key":"Lantern"},{"floor":46,"key":"Magic Flower"},{"floor":47,"key":"Darkstone Periapt"},{"floor":48,"key":"Frozen Egg 2"}],"event_choices":[{"event_name":"Match and Keep!","player_choice":"2 cards matched","floor":3.0,"damage_taken":0.0},{"event_name":"The Cleric","player_choice":"Card Removal","floor":5.0,"damage_taken":0.0},{"event_name":"WeMeetAgain","player_choice":"Gold","floor":11.0,"damage_taken":0.0},{"event_name":"Wheel of Change","player_choice":"Card Removal","floor":19.0,"damage_taken":0.0},{"event_name":"The Lab","player_choice":"Got Potions","floor":27.0,"damage_taken":0.0},{"event_name":"Mysterious Sphere","player_choice":"Fight","floor":39,"damage_taken":0},{"event_name":"MindBloom","player_choice":"Fight","floor":46,"damage_taken":0}],"is_beta":false,"boss_relics":[{"not_picked":["Pandora\u0027s Box","Snecko Eye"],"picked":"Fusion Hammer"},{"not_picked":["Astrolabe","Calling Bell"],"picked":"Cursed Key"}],"items_purged_floors":[],"is_endless":false,"potions_floor_spawned":[2,7,8,14,21,22,29,30,31,33,37,45,46,48],"ascension_level":5}