{"gold_per_floor":[111,130,146,157,172,172,206,61,110,139,104,134,162,90,90,195,195,208,208,208,97,116,151,151,177,177,177],"floor_reached":27,"playtime":1738,"items_purged":[],"score":388,"play_id":"617cd6b3-bcd1-410d-bb1f-66d9bbaac930","local_time":"20190403134147","is_ascension_mode":true,"campfire_choices":[{"data":"All Out Attack","floor":6,"key":"SMITH"},{"floor":15,"key":"REST"},{"floor":24,"key":"REST"}],"neow_cost":"NONE","seed_source_timestamp":326251550324108,"circlet_count":0,"master_deck":["Defend_G+1","Defend_G+1","Defend_G+1","Defend_G+1","Defend_G+1","Strike_G+1","Strike_G+1","Strike_G+1","Survivor","Neutralize","All Out Attack+1","Footwork","Footwork","Cloak And Dagger","Dagger Throw","Leg Sweep","Noxious Fumes","Venomology","PiercingWail","Dash","Footwork","A Thousand Cuts","Poisoned Stab","Footwork","Dash","Crippling Poison","Footwork","Crippling Poison"],"relics":["Ring of the Snake","Gambling Chip","Bag of Preparation","Bottled Flame","Odd Mushroom","Oddly Smooth Stone","Empty Cage","Ice Cream","Dream Catcher"],"potions_floor_usage":[7,7,12,13,16,18,18,23,23,25],"damage_taken":[{"damage":0,"enemies":"Cultist","floor":1,"turns":5},{"damage":3,"enemies":"Small Slimes","floor":2,"turns":3},{"damage":2,"enemies":"Jaw Worm","floor":3,"turns":7},{"damage":0,"enemies":"2 Fungi Beasts","floor":4,"turns":5},{"damage":9,"enemies":"Blue Slaver","floor":5,"turns":5},{"damage":32,"enemies":"Lagavulin","floor":7,"turns":7},{"damage":4,"enemies":"3 Sentries","floor":10,"turns":7},{"damage":1,"enemies":"The Mushroom Lair","floor":12,"turns":3},{"damage":17,"enemies":"Gremlin Nob","floor":13,"turns":8},{"damage":10,"enemies":"The Guardian","floor":16,"turns":14},{"damage":8,"enemies":"Spheric Guardian","floor":18,"turns":11},{"damage":0,"enemies":"Shell Parasite","floor":22,"turns":12},{"damage":18,"enemies":"Slavers","floor":23,"turns":8},{"damage":16,"enemies":"Book of Stabbing","floor":25,"turns":8},{"damage":39,"enemies":"Gremlin Leader","floor":27,"turns":9}],"seed_played":"5344521968115684305","potions_obtained":[{"floor":0,"key":"AttackPotion"},{"floor":0,"key":"SpeedPotion"},{"floor":0,"key":"EssenceOfSteel"},{"floor":3,"key":"Regen Potion"},{"floor":13,"key":"GamblersBrew"}],"is_trial":false,"path_per_floor":["M","M","M","M","M","R","E","$","T","E","?","?","E","$","R","B",null,"M","?","?","$","M","E","R","E","T","E"],"character_chosen":"THE_SILENT","items_purchased":["Noxious Fumes","Venomology","Footwork","Footwork","Dash"],"campfire_rested":2,"item_purchase_floors":[8,8,14,21,21],"current_hp_per_floor":[63,60,58,58,49,49,32,32,32,28,45,44,27,27,48,38,62,54,54,41,41,41,23,45,29,29,0],"gold":177,"neow_bonus":"THREE_SMALL_POTIONS","is_prod":false,"is_daily":false,"chose_seed":false,"campfire_upgraded":1,"win_rate":0,"timestamp":1554324107,"path_taken":["M","M","M","?","M","R","E","$","T","E","?","?","E","$","R","BOSS","M","?","?","?","M","E","R","E","T","E"],"build_version":"2019-01-23","purchased_purges":0,"victory":false,"max_hp_per_floor":[70,70,70,70,70,70,70,70,70,70,70,70,70,70,70,70,70,70,70,75,75,75,75,75,75,75,75],"card_choices":[{"not_picked":["Tactician","Leg Sweep"],"picked":"All Out Attack","floor":1},{"not_picked":["All Out Attack","Sucker Punch"],"picked":"Footwork","floor":2},{"not_picked":["Slice","Dagger Throw"],"picked":"Footwork","floor":3},{"not_picked":["Tactician","Bane"],"picked":"Cloak And Dagger","floor":4},{"not_picked":["Prepared","Dodge and Roll"],"picked":"Dagger Throw","floor":5},{"not_picked":["Deflect","Backflip"],"picked":"Leg Sweep","floor":7},{"not_picked":["Flechettes","Prepared","Dagger Throw"],"picked":"SKIP","floor":10},{"not_picked":["Sucker Punch","Catalyst"],"picked":"PiercingWail","floor":12},{"not_picked":["Accuracy","Well Laid Plans"],"picked":"Dash","floor":13},{"not_picked":["Corpse Explosion","Phantasmal Killer"],"picked":"A Thousand Cuts","floor":16},{"not_picked":["Prepared","Setup+1"],"picked":"Poisoned Stab","floor":18},{"not_picked":["Outmaneuver","Concentrate"],"picked":"Crippling Poison","floor":22},{"not_picked":["Bane","Slice"],"picked":"Footwork","floor":23},{"not_picked":["Acrobatics","Endless Agony"],"picked":"Crippling Poison","floor":25}],"player_experience":136881,"relics_obtained":[{"floor":7,"key":"Gambling Chip"},{"floor":9,"key":"Bag of Preparation"},{"floor":10,"key":"Bottled Flame"},{"floor":12,"key":"Odd Mushroom"},{"floor":13,"key":"Oddly Smooth Stone"},{"floor":23,"key":"Ice Cream"},{"floor":25,"key":"Dream Catcher"}],"event_choices":[{"damage_healed":17,"gold_gain":0,"player_choice":"Healed","damage_taken":0,"max_hp_gain":0,"max_hp_loss":0,"event_name":"The Cleric","floor":11,"gold_loss":35},{"damage_healed":0,"gold_gain":0,"player_choice":"Fought Mushrooms","damage_taken":0,"max_hp_gain":0,"max_hp_loss":0,"event_name":"Mushrooms","floor":12,"gold_loss":0},{"damage_healed":0,"gold_gain":0,"player_choice":"Simplicity","damage_taken":0,"max_hp_gain":0,"max_hp_loss":0,"event_name":"Back to Basics","floor":19,"gold_loss":0,"cards_upgraded":["Defend_G","Defend_G","Defend_G","Defend_G","Defend_G","Strike_G","Strike_G","Strike_G"]},{"damage_healed":0,"gold_gain":0,"player_choice":"Shed Blood","damage_taken":18,"max_hp_gain":5,"max_hp_loss":0,"event_name":"Forgotten Altar","floor":20,"gold_loss":0}],"is_beta":false,"boss_relics":[{"not_picked":["Ring of the Serpent","Ectoplasm"],"picked":"Empty Cage"}],"items_purged_floors":[],"is_endless":false,"potions_floor_spawned":[2,3,4,13,22],"killed_by":"Gremlin Leader","ascension_level":7}