{"gold_per_floor":[114,39,39,56,72,72,97,97,97,124,140,140,166,166,166,238,238,251,5,5,18,18,18],"floor_reached":23,"playtime":1097,"items_purged":["Strike_R","Strike_R"],"score":383,"play_id":"5f7ceedc-bcc7-4c85-a6b4-83370eca0c5a","local_time":"20190425143408","is_ascension_mode":true,"campfire_choices":[{"data":"Bash","floor":6,"key":"SMITH"},{"data":"Armaments","floor":8,"key":"SMITH"},{"data":"Carnage","floor":12,"key":"SMITH"},{"data":"Cleave","floor":15,"key":"SMITH"}],"neow_cost":"NONE","seed_source_timestamp":28380702320012,"circlet_count":0,"master_deck":["AscendersBane","Strike_R","Strike_R","Strike_R","Defend_R","Defend_R","Defend_R","Defend_R","Bash+1","Feel No Pain+1","Power Through","Metallicize","Armaments+1","Carnage+1","Shrug It Off","Cleave+1","Feed","Disarm","Limit Break","Pummel","Inflame"],"relics":["Burning Blood","The Courier","Juzu Bracelet","Pantograph","Blood Vial","Snecko Eye"],"potions_floor_usage":[10,13,16],"damage_taken":[{"damage":10,"enemies":"2 Louse","floor":1,"turns":3},{"damage":7,"enemies":"Cultist","floor":4,"turns":4},{"damage":4,"enemies":"Jaw Worm","floor":5,"turns":6},{"damage":8,"enemies":"3 Sentries","floor":7,"turns":23},{"damage":23,"enemies":"Gremlin Nob","floor":10,"turns":5},{"damage":5,"enemies":"Blue Slaver","floor":11,"turns":7},{"damage":12,"enemies":"Lagavulin","floor":13,"turns":5},{"damage":28,"enemies":"Slime Boss","floor":16,"turns":10},{"damage":22,"enemies":"Chosen","floor":18,"turns":5},{"damage":32,"enemies":"Spheric Guardian","floor":21,"turns":8},{"damage":54,"enemies":"Gremlin Leader","floor":23,"turns":5}],"seed_played":"8343144876585316683","potions_obtained":[{"floor":4,"key":"FearPotion"},{"floor":7,"key":"PowerPotion"},{"floor":11,"key":"Fire Potion"},{"floor":21,"key":"Ancient Potion"}],"is_trial":false,"path_per_floor":["M","$","?","M","M","R","E","R","T","E","M","R","E","?","R","B",null,"M","$","?","M","$","E"],"character_chosen":"IRONCLAD","items_purchased":["Limit Break","Pummel"],"campfire_rested":0,"item_purchase_floors":[19,19],"current_hp_per_floor":[71,71,71,70,72,72,70,70,70,53,54,54,48,53,53,58,80,66,66,66,42,42,0],"gold":18,"neow_bonus":"TEN_PERCENT_HP_BONUS","is_prod":false,"is_daily":false,"chose_seed":false,"campfire_upgraded":4,"win_rate":0,"timestamp":1556228048,"path_taken":["M","$","?","M","M","R","E","R","T","E","M","R","E","?","R","BOSS","M","$","?","M","?","E"],"build_version":"2019-01-23","purchased_purges":2,"victory":false,"max_hp_per_floor":[82,82,82,82,82,82,82,82,82,82,82,82,82,87,87,87,87,87,87,87,87,87,87],"card_choices":[{"not_picked":["Cleave","Twin Strike"],"picked":"Feel No Pain","floor":1},{"not_picked":["Thunderclap","Warcry"],"picked":"Power Through","floor":4},{"not_picked":["Headbutt","Burning Pact"],"picked":"Metallicize","floor":5},{"not_picked":["Fire Breathing","Blood for Blood"],"picked":"Armaments","floor":7},{"not_picked":["Clash","Perfected Strike"],"picked":"Carnage","floor":10},{"not_picked":["Wild Strike","Anger"],"picked":"Shrug It Off","floor":11},{"not_picked":["Armaments","Fire Breathing"],"picked":"Cleave","floor":13},{"not_picked":["Limit Break","Barricade"],"picked":"Feed","floor":16},{"not_picked":["Clash","Iron Wave"],"picked":"Disarm","floor":18},{"not_picked":["Wild Strike","Dual Wield","Rampage+1"],"picked":"SKIP","floor":21}],"player_experience":486074,"relics_obtained":[{"floor":7,"key":"The Courier"},{"floor":9,"key":"Juzu Bracelet"},{"floor":10,"key":"Pantograph"},{"floor":13,"key":"Blood Vial"}],"event_choices":[{"damage_healed":0,"gold_gain":0,"player_choice":"Forge","damage_taken":0,"max_hp_gain":0,"max_hp_loss":0,"event_name":"Accursed Blacksmith","floor":3,"gold_loss":0,"cards_upgraded":["Feel No Pain"]},{"damage_healed":0,"gold_gain":0,"player_choice":"Donut","damage_taken":0,"max_hp_gain":5,"max_hp_loss":0,"event_name":"Big Fish","floor":14,"gold_loss":0},{"damage_healed":0,"gold_gain":0,"player_choice":"Read","damage_taken":0,"max_hp_gain":0,"max_hp_loss":0,"event_name":"The Library","floor":20,"gold_loss":0,"cards_obtained":["Inflame"]}],"is_beta":false,"boss_relics":[{"not_picked":["Calling Bell","Tiny House"],"picked":"Snecko Eye"}],"items_purged_floors":[2,19],"is_endless":false,"potions_floor_spawned":[4,7,11,21],"killed_by":"Gremlin Leader","ascension_level":17}