{"gold_per_floor":[114,130,140,157,157,157,177,177,224,224,243,275,288,141,141,245,245,258,274,130,130,150,150,185,185,260,294,306,306],"floor_reached":29,"playtime":1923,"items_purged":["Strike_R"],"score":360,"play_id":"4c6f1a06-3002-44a7-bab6-d72a4bb80e7b","local_time":"20190413235819","is_ascension_mode":true,"campfire_choices":[{"data":"Corruption","floor":6,"key":"SMITH"},{"data":"Armaments","floor":8,"key":"SMITH"},{"data":"Pummel","floor":10,"key":"SMITH"},{"data":"Double Tap","floor":15,"key":"SMITH"},{"floor":23,"key":"REST"},{"floor":25,"key":"REST"}],"neow_cost":"TEN_PERCENT_HP_LOSS","seed_source_timestamp":51295147806045,"circlet_count":0,"master_deck":["Strike_R","Strike_R","Defend_R","Defend_R","Defend_R","Defend_R","Bash","Seeing Red","Corruption+1","Armaments+1","Feel No Pain","Havoc","Pummel+1","Clothesline","Double Tap+1","Clash","Offering","Shrug It Off","Dual Wield+1","Pummel","Cleave+1","Evolve","Wild Strike+1"],"relics":["Burning Blood","Shuriken","Boot","Blood Vial","Mark of Pain","Nloth\u0027s Gift","Molten Egg 2","Pear","Pantograph"],"potions_floor_usage":[12,16,19,22,24,24,29],"damage_taken":[{"damage":0,"enemies":"Cultist","floor":1,"turns":4},{"damage":7,"enemies":"Small Slimes","floor":2,"turns":7},{"damage":2,"enemies":"Jaw Worm","floor":3,"turns":5},{"damage":6,"enemies":"Exordium Thugs","floor":4,"turns":6},{"damage":7,"enemies":"Red Slaver","floor":7,"turns":4},{"damage":6,"enemies":"Blue Slaver","floor":11,"turns":3},{"damage":9,"enemies":"Lagavulin","floor":12,"turns":8},{"damage":12,"enemies":"Exordium Wildlife","floor":13,"turns":3},{"damage":23,"enemies":"Hexaghost","floor":16,"turns":6},{"damage":15,"enemies":"Shell Parasite","floor":18,"turns":4},{"damage":36,"enemies":"3 Byrds","floor":19,"turns":7},{"damage":26,"enemies":"Cultist and Chosen","floor":22,"turns":5},{"damage":9,"enemies":"Slavers","floor":24,"turns":5},{"damage":43,"enemies":"Book of Stabbing","floor":27,"turns":6},{"damage":21,"enemies":"Snecko","floor":28,"turns":4},{"damage":35,"enemies":"Slavers","floor":29,"turns":4}],"seed_played":"-1726935388035536462","potions_obtained":[{"floor":3,"key":"Strength Potion"},{"floor":11,"key":"Regen Potion"},{"floor":12,"key":"Dexterity Potion"},{"floor":13,"key":"PowerPotion"},{"floor":18,"key":"SpeedPotion"},{"floor":19,"key":"PowerPotion"},{"floor":22,"key":"Fire Potion"}],"is_trial":false,"path_per_floor":["M","M","M","M","?","R","M","R","T","R","M","E","M","$","R","B",null,"M","M","$","?","M","R","E","R","T","E","M","E"],"character_chosen":"IRONCLAD","items_purchased":["Blood Vial","Pummel"],"campfire_rested":2,"item_purchase_floors":[14,20],"current_hp_per_floor":[72,71,72,72,60,60,59,59,59,59,59,56,50,50,50,35,63,56,43,43,43,25,46,45,66,76,41,28,0],"gold":306,"neow_bonus":"TRANSFORM_TWO_CARDS","is_prod":false,"is_daily":false,"chose_seed":false,"campfire_upgraded":4,"win_rate":0,"timestamp":1555167499,"path_taken":["M","M","M","M","?","R","M","R","T","R","M","E","M","$","R","BOSS","M","M","$","?","M","R","E","R","T","E","M","E"],"build_version":"2019-01-23","purchased_purges":1,"victory":false,"max_hp_per_floor":[72,72,72,72,72,72,72,72,72,72,72,72,72,72,72,72,72,72,72,72,72,72,72,72,72,82,82,82,82],"card_choices":[{"not_picked":["Sword Boomerang","Combust"],"picked":"Armaments","floor":1},{"not_picked":["Pommel Strike","Clothesline"],"picked":"Feel No Pain","floor":2},{"not_picked":["Iron Wave","Spot Weakness"],"picked":"Havoc","floor":3},{"not_picked":["Sever Soul","Thunderclap","Second Wind"],"picked":"SKIP","floor":4},{"not_picked":["Cleave","Clothesline"],"picked":"Pummel","floor":7},{"not_picked":["Evolve","Dropkick"],"picked":"Clothesline","floor":11},{"not_picked":["Body Slam","Limit Break"],"picked":"Double Tap","floor":12},{"not_picked":["True Grit","Body Slam"],"picked":"Clash","floor":13},{"not_picked":["Brutality","Demon Form"],"picked":"Offering","floor":16},{"not_picked":["Feel No Pain","Combust"],"picked":"Shrug It Off","floor":18},{"not_picked":["Infernal Blade","Perfected Strike"],"picked":"Dual Wield+1","floor":19},{"not_picked":["Clothesline","Sword Boomerang","Heavy Blade"],"picked":"SKIP","floor":22},{"not_picked":["Twin Strike","True Grit"],"picked":"Cleave","floor":24},{"not_picked":["Twin Strike+1","Demon Form"],"picked":"Evolve","floor":27},{"not_picked":["Clothesline+1","Twin Strike+1"],"picked":"Wild Strike+1","floor":28}],"player_experience":325957,"relics_obtained":[{"floor":9,"key":"Boot"},{"floor":12,"key":"Red Skull"},{"floor":24,"key":"Molten Egg 2"},{"floor":26,"key":"Pear"},{"floor":27,"key":"Pantograph"}],"event_choices":[{"damage_healed":0,"gold_gain":0,"player_choice":"Success","damage_taken":12,"relics_obtained":["Shuriken"],"max_hp_gain":0,"max_hp_loss":0,"event_name":"Scrap Ooze","floor":5,"gold_loss":0},{"damage_healed":0,"gold_gain":0,"player_choice":"Traded Relic","damage_taken":0,"relics_obtained":["Nloth\u0027s Gift"],"max_hp_gain":0,"max_hp_loss":0,"event_name":"N\u0027loth","floor":21,"relics_lost":["Red Skull"],"gold_loss":0}],"is_beta":false,"boss_relics":[{"not_picked":["Calling Bell","Ectoplasm"],"picked":"Mark of Pain"}],"items_purged_floors":[20],"is_endless":false,"potions_floor_spawned":[3,11,12,13,18,19,22],"killed_by":"Slavers","ascension_level":7}