{"gold_per_floor":[149,149,149,162,182,213,388,388,442,82,104,104,121,121,121,244,244,268,268,367,387,297,297,422,447,471,471,507,507,551,564,564,684,684,698,698,1031,395,395,395,408,443,443,459,491,491,491,143,143,143],"floor_reached":51,"playtime":1731,"items_purged":["Doubt","Strike_R","Strike_R"],"score":862,"play_id":"6b0d5c30-9fe6-40db-809b-0a6eaf9b5fd1","local_time":"20180922104129","is_ascension_mode":false,"campfire_choices":[{"data":"Anger","floor":8,"key":"SMITH"},{"floor":15,"key":"REST"},{"data":"Bash","floor":23,"key":"SMITH"},{"floor":27,"key":"REST"},{"data":"Offering","floor":32,"key":"SMITH"},{"data":"Flex","floor":40,"key":"SMITH"},{"data":"Whirlwind","floor":47,"key":"SMITH"},{"data":"Disarm","floor":49,"key":"SMITH"}],"neow_cost":"NONE","seed_source_timestamp":734257462982108,"circlet_count":0,"master_deck":["Strike_R+1","Defend_R","Defend_R","Bash+1","Whirlwind+1","Iron Wave","Anger+1","Shrug It Off","Iron Wave","Offering+1","Necronomicurse","Reaper","Flex+1","Writhe","Flex+1","Flex+1","Disarm+1"],"relics":["Burning Blood","Tiny Chest","Potion Belt","Prayer Wheel","Juzu Bracelet","Shuriken","Odd Mushroom","Empty Cage","Necronomicon","Torii","Bottled Lightning","Dream Catcher","Mercury Hourglass","Smiling Mask","Charon\u0027s Ashes","Sozu","Mango","FossilizedHelix","Pear","Red Skull","PreservedInsect","Ornamental Fan"],"potions_floor_usage":[6,33,42,50],"damage_taken":[{"damage":6,"enemies":"Small Slimes","floor":1,"turns":5},{"damage":5,"enemies":"Cultist","floor":4,"turns":4},{"damage":8,"enemies":"Jaw Worm","floor":5,"turns":3},{"damage":21,"enemies":"3 Sentries","floor":6,"turns":6},{"damage":17,"enemies":"The Mushroom Lair","floor":11,"turns":5},{"damage":2,"enemies":"Looter","floor":13,"turns":3},{"damage":25,"enemies":"Hexaghost","floor":16,"turns":9},{"damage":8,"enemies":"Chosen","floor":18,"turns":3},{"damage":8,"enemies":"Shell Parasite","floor":21,"turns":3},{"damage":27,"enemies":"Colosseum Slavers","floor":24,"turns":6},{"damage":21,"enemies":"Colosseum Nobs","floor":24,"turns":3},{"damage":14,"enemies":"Shelled Parasite and Fungi","floor":25,"turns":3},{"damage":6,"enemies":"Slavers","floor":28,"turns":1},{"damage":6,"enemies":"Gremlin Leader","floor":30,"turns":3},{"damage":7,"enemies":"Snake Plant","floor":31,"turns":2},{"damage":66,"enemies":"Collector","floor":33,"turns":8},{"damage":6,"enemies":"Orb Walker","floor":35,"turns":2},{"damage":0,"enemies":"3 Shapes","floor":41,"turns":1},{"damage":61,"enemies":"Nemesis","floor":42,"turns":5},{"damage":0,"enemies":"Transient","floor":44,"turns":5},{"damage":17,"enemies":"2 Orb Walkers","floor":45,"turns":3},{"damage":61,"enemies":"Time Eater","floor":50,"turns":8}],"seed_played":"1619253857184270640","potions_obtained":[{"floor":4,"key":"Explosive Potion"},{"floor":11,"key":"Ancient Potion"},{"floor":21,"key":"SpeedPotion"},{"floor":28,"key":"Energy Potion"}],"is_trial":false,"path_per_floor":["M","?","?","M","M","E","?","R","T","$","?","?","M","?","R","B",null,"M","?","?","M","?","R","?","M","T","R","E","?","E","M","R","B",null,"M","?","?","$","?","R","M","E","T","M","E","?","R","$","R","B"],"character_chosen":"IRONCLAD","items_purchased":["Shuriken","Shrug It Off","Mango","FossilizedHelix","Ornamental Fan","Disarm"],"campfire_rested":2,"item_purchase_floors":[10,10,38,38,48,48],"current_hp_per_floor":[80,80,62,63,61,46,46,46,46,46,35,28,32,12,36,17,80,78,62,62,60,60,60,24,30,30,54,54,54,78,77,77,35,80,80,76,76,90,90,90,90,45,45,97,100,100,100,100,100,68],"gold":143,"neow_bonus":"RANDOM_COMMON_RELIC","is_prod":false,"is_daily":false,"chose_seed":false,"campfire_upgraded":6,"win_rate":0,"timestamp":1537638089,"path_taken":["M","?","?","M","M","E","?","R","T","?","?","?","M","?","R","BOSS","M","?","?","M","?","R","?","M","T","R","E","?","E","M","R","BOSS","M","?","?","$","?","R","M","E","T","M","E","?","R","$","R","BOSS"],"build_version":"2018-09-20","purchased_purges":3,"victory":true,"max_hp_per_floor":[80,80,80,80,80,80,80,80,80,80,80,80,80,80,80,80,80,80,80,80,80,80,80,80,80,80,80,80,80,80,80,80,80,80,80,76,76,90,90,90,90,100,100,100,100,100,100,100,100,100],"card_choices":[{"not_picked":["Wild Strike","True Grit"],"picked":"Whirlwind","floor":1},{"not_picked":["Cleave","Battle Trance","Pummel"],"picked":"SKIP","floor":4},{"not_picked":["Twin Strike","Headbutt"],"picked":"Iron Wave","floor":5},{"not_picked":["Rage","Thunderclap"],"picked":"Anger","floor":6},{"not_picked":["Armaments","Bludgeon"],"picked":"Iron Wave","floor":13},{"not_picked":["Body Slam","Flex","Thunderclap"],"picked":"SKIP","floor":13},{"not_picked":["Brutality","Fiend Fire"],"picked":"Offering","floor":16},{"not_picked":["Seeing Red","Anger"],"picked":"True Grit+1","floor":18},{"not_picked":["Body Slam","Corruption+1","Second Wind"],"picked":"SKIP","floor":18},{"not_picked":["Wild Strike","Anger","Uppercut"],"picked":"SKIP","floor":21},{"not_picked":["Spot Weakness","True Grit","Flame Barrier"],"picked":"SKIP","floor":21},{"not_picked":["Feel No Pain","Perfected Strike+1"],"picked":"Reaper","floor":24},{"not_picked":["Corruption+1","Warcry","Reckless Charge"],"picked":"SKIP","floor":25},{"not_picked":["Uppercut","Burning Pact","Sentinel"],"picked":"SKIP","floor":25},{"not_picked":["Warcry","Combust"],"picked":"Flex+1","floor":27},{"not_picked":["Dropkick+1","Anger","Berserk"],"picked":"SKIP","floor":28},{"not_picked":["Shockwave","Carnage+1"],"picked":"Flex","floor":30},{"not_picked":["Thunderclap","Flex","Perfected Strike"],"picked":"SKIP","floor":31},{"not_picked":["Body Slam+1","Clothesline","Anger"],"picked":"SKIP","floor":31},{"not_picked":["Iron Wave+1","Havoc","Feel No Pain"],"picked":"SKIP","floor":35},{"not_picked":["Flex","Armaments","Disarm"],"picked":"SKIP","floor":35},{"not_picked":["Inflame","Sever Soul+1","Iron Wave"],"picked":"SKIP","floor":41},{"not_picked":["Heavy Blade+1","Wild Strike","Corruption"],"picked":"SKIP","floor":41},{"not_picked":["Cleave","Dropkick+1","Corruption"],"picked":"SKIP","floor":42},{"not_picked":["Pummel","Uppercut+1","True Grit"],"picked":"SKIP","floor":44},{"not_picked":["Warcry","Corruption","Sentinel+1"],"picked":"SKIP","floor":44},{"not_picked":["Clothesline","Berserk"],"picked":"Flex+1","floor":45}],"player_experience":250520,"relics_obtained":[{"floor":6,"key":"Prayer Wheel"},{"floor":9,"key":"Juzu Bracelet"},{"floor":11,"key":"Odd Mushroom"},{"floor":19,"key":"Necronomicon"},{"floor":24,"key":"Torii"},{"floor":24,"key":"Bottled Lightning"},{"floor":26,"key":"Dream Catcher"},{"floor":28,"key":"Mercury Hourglass"},{"floor":30,"key":"Charon\u0027s Ashes"},{"floor":42,"key":"Pear"},{"floor":43,"key":"Red Skull"},{"floor":45,"key":"PreservedInsect"}],"event_choices":[{"event_name":"The Woman in Blue","player_choice":"Bought 0 Potions","floor":2,"damage_taken":0},{"event_name":"Scrap Ooze","player_choice":"success","floor":3,"damage_taken":18},{"event_name":"Liars Game","player_choice":"agreed","floor":7,"damage_taken":0},{"event_name":"Mushrooms","player_choice":"Fought Mushrooms","floor":11,"damage_taken":0},{"event_name":"Golden Wing","player_choice":"Card Removal","floor":12,"damage_taken":0},{"event_name":"Golden Idol","player_choice":"Take Damage","floor":14,"damage_taken":0},{"event_name":"Cursed Tome","player_choice":"Obtained Book","floor":19,"damage_taken":0},{"event_name":"Nest","player_choice":"Stole From Cult","floor":20,"damage_taken":0},{"event_name":"Designer","player_choice":"Full Service","floor":22,"damage_taken":0},{"event_name":"Colosseum","player_choice":"Fight","floor":24,"damage_taken":0},{"event_name":"Colosseum","player_choice":"Fought Nobs","floor":24,"damage_taken":0},{"event_name":"The Mausoleum","player_choice":"Yes","floor":29,"damage_taken":0},{"event_name":"Winding Halls","player_choice":"Max HP","floor":36,"damage_taken":0},{"event_name":"The Moai Head","player_choice":"Gave Idol","floor":37,"damage_taken":0},{"event_name":"Falling","player_choice":"Removed Skill","floor":39,"damage_taken":0},{"event_name":"SensoryStone","player_choice":"Memory 1","floor":46,"damage_taken":0}],"is_beta":false,"boss_relics":[{"not_picked":["Runic Cube","Runic Dome"],"picked":"Empty Cage"},{"not_picked":["Cursed Key","Mark of Pain"],"picked":"Sozu"}],"items_purged_floors":[10,38,48],"is_endless":false,"potions_floor_spawned":[4,11,21,24,28,41,44,45],"ascension_level":0}