{"gold_per_floor":[117,136,147,147,21,21,54,70,70,30,205,220,220],"floor_reached":13,"playtime":283,"items_purged":[],"score":94,"play_id":"83ea39af-c319-43c1-8c82-572dbc04d919","local_time":"20190204201506","is_ascension_mode":true,"campfire_choices":[{"data":"Enlightenment","floor":6,"key":"SMITH"}],"neow_cost":"TEN_PERCENT_HP_LOSS","seed_source_timestamp":1228657195808959,"circlet_count":0,"master_deck":["Strike_B","Strike_B","Strike_B","Strike_B","Defend_B","Defend_B","Defend_B","Defend_B","Zap","Dualcast","Good Instincts","Deep Breath","Ball Lightning","Consume","Streamline","Enlightenment+1","Electrodynamics","Defragment","Beam Cell","Lockon","Leap","FTL","Doubt","Leap"],"relics":["Cracked Core","Art of War"],"potions_floor_usage":[7,13],"damage_taken":[{"damage":3,"enemies":"2 Louse","floor":1,"turns":3},{"damage":0,"enemies":"Cultist","floor":2,"turns":2},{"damage":12,"enemies":"Jaw Worm","floor":3,"turns":2},{"damage":26,"enemies":"Lagavulin","floor":7,"turns":5},{"damage":11,"enemies":"Looter","floor":8,"turns":2},{"damage":7,"enemies":"3 Louse","floor":12,"turns":2},{"damage":9,"enemies":"3 Sentries","floor":13,"turns":2}],"seed_played":"-388957204081520253","potions_obtained":[{"floor":1,"key":"SteroidPotion"},{"floor":7,"key":"FearPotion"}],"is_trial":false,"path_per_floor":["M","M","M","?","$","R","E","M","T","$","?","M","E"],"character_chosen":"DEFECT","items_purchased":["Defragment","Beam Cell","FTL"],"campfire_rested":0,"item_purchase_floors":[5,5,10],"current_hp_per_floor":[65,65,53,53,53,53,27,16,16,16,16,9,0],"gold":220,"neow_bonus":"RANDOM_COLORLESS_2","is_prod":false,"is_daily":false,"chose_seed":false,"campfire_upgraded":1,"win_rate":0,"timestamp":1549340106,"path_taken":["M","M","M","?","$","R","E","M","T","?","?","M","E"],"build_version":"2019-01-23","purchased_purges":0,"victory":false,"max_hp_per_floor":[68,68,68,68,68,68,68,68,68,68,68,68,68],"card_choices":[{"not_picked":["Gash","Self Repair"],"picked":"Ball Lightning","floor":1},{"not_picked":["Heatsinks","Leap"],"picked":"Consume","floor":2},{"not_picked":["Rip and Tear","Hologram"],"picked":"Streamline","floor":3},{"not_picked":["Sweeping Beam","Fusion"],"picked":"Lockon","floor":7},{"not_picked":["Turbo","Beam Cell"],"picked":"Leap","floor":8},{"not_picked":["Cold Snap","Chill"],"picked":"Leap","floor":12}],"player_experience":349181,"relics_obtained":[{"floor":7,"key":"Art of War"}],"event_choices":[{"damage_healed":0,"gold_gain":0,"player_choice":"2 cards matched","damage_taken":0,"max_hp_gain":0,"max_hp_loss":0,"event_name":"Match and Keep!","floor":4,"gold_loss":0,"cards_obtained":["Enlightenment","Electrodynamics"]},{"damage_healed":0,"gold_gain":175,"player_choice":"AGREE","damage_taken":0,"max_hp_gain":0,"max_hp_loss":0,"event_name":"Liars Game","floor":11,"gold_loss":0,"cards_obtained":["Doubt"]}],"is_beta":false,"boss_relics":[],"items_purged_floors":[],"is_endless":false,"potions_floor_spawned":[1,7],"killed_by":"3 Sentries","ascension_level":2}