{"gold_per_floor":[118,6,81,100,119,119,139,6,6,38,57,68,243,243],"floor_reached":14,"playtime":294,"items_purged":["Normality"],"score":97,"play_id":"56c7b013-8d12-4ea5-9711-5178545796c4","local_time":"20190102222415","is_ascension_mode":true,"campfire_choices":[{"floor":6,"key":"REST"}],"neow_cost":"CURSE","seed_source_timestamp":432092745654929,"circlet_count":0,"master_deck":["Strike_B","Strike_B","Strike_B","Strike_B","Defend_B","Defend_B","Defend_B","Defend_B","Zap","Dualcast","Rebound","Lockon","Streamline","Gash","Tempest","Static Discharge","Blind","Ball Lightning","Loop","Cold Snap","Doubt"],"relics":["Cracked Core","Oddly Smooth Stone"],"potions_floor_usage":[11,12],"damage_taken":[{"damage":6,"enemies":"Jaw Worm","floor":1,"turns":2},{"damage":15,"enemies":"2 Louse","floor":4,"turns":3},{"damage":6,"enemies":"Cultist","floor":5,"turns":3},{"damage":10,"enemies":"Looter","floor":7,"turns":3},{"damage":26,"enemies":"Lagavulin","floor":10,"turns":5},{"damage":35,"enemies":"Gremlin Gang","floor":11,"turns":3},{"damage":0,"enemies":"Large Slime","floor":12,"turns":3},{"damage":15,"enemies":"Exordium Wildlife","floor":14,"turns":1}],"seed_played":"7588539590771329145","potions_obtained":[{"floor":1,"key":"Block Potion"},{"floor":11,"key":"PowerPotion"}],"is_trial":false,"path_per_floor":["M","$","?","M","M","R","M","$","T","E","M","M","?","M"],"character_chosen":"DEFECT","items_purchased":["Lockon","Static Discharge","Blind"],"campfire_rested":1,"item_purchase_floors":[2,8,8],"current_hp_per_floor":[83,83,72,57,51,77,67,67,67,41,6,6,6,0],"gold":243,"neow_bonus":"TWENTY_PERCENT_HP_BONUS","is_prod":false,"is_daily":false,"chose_seed":false,"campfire_upgraded":0,"win_rate":0,"timestamp":1546496655,"path_taken":["M","$","?","M","M","R","M","$","T","E","M","M","?","?"],"build_version":"2018-12-20","purchased_purges":1,"victory":false,"max_hp_per_floor":[89,89,89,89,89,89,89,89,89,89,89,89,89,89],"card_choices":[{"not_picked":["Rip and Tear","Capacitor"],"picked":"Rebound","floor":1},{"not_picked":["Redo","Scrape"],"picked":"Streamline","floor":4},{"not_picked":["Storm","Heatsinks"],"picked":"Gash","floor":5},{"not_picked":["Stack","Skim"],"picked":"Tempest","floor":7},{"not_picked":["Barrage","Meteor Strike"],"picked":"Ball Lightning","floor":10},{"not_picked":["Cold Snap","Beam Cell"],"picked":"Loop","floor":11},{"not_picked":["Tempest","Barrage"],"picked":"Cold Snap","floor":12}],"player_experience":327497,"relics_obtained":[{"floor":10,"key":"Oddly Smooth Stone"}],"event_choices":[{"damage_healed":0,"gold_gain":75,"player_choice":"Gather Gold","damage_taken":11,"max_hp_gain":0,"max_hp_loss":0,"event_name":"World of Goop","floor":3,"gold_loss":0},{"damage_healed":0,"gold_gain":175,"player_choice":"AGREE","damage_taken":0,"max_hp_gain":0,"max_hp_loss":0,"event_name":"Liars Game","floor":13,"gold_loss":0,"cards_obtained":["Doubt"]}],"is_beta":false,"boss_relics":[],"items_purged_floors":[2],"is_endless":false,"potions_floor_spawned":[1,11],"killed_by":"Exordium Wildlife","ascension_level":1}