{"gold_per_floor":[20,37,57,70,83,83,146,146,173,173,208,81,100,112,112,217,217,233,249,249,174,186,186,204,219,244,244,273,273,289,289,289,391,391,405,121,121,134,144,144],"floor_reached":40,"playtime":2068,"items_purged":["Writhe","Strike_G"],"score":485,"play_id":"048d1a7b-f8b0-400f-ac8b-3b7e522ef471","local_time":"20190319120723","is_ascension_mode":true,"campfire_choices":[{"data":"Mind Blast","floor":6,"key":"SMITH"},{"floor":10,"key":"REST"},{"floor":15,"key":"REST"},{"data":"Glass Knife","floor":23,"key":"SMITH"},{"floor":27,"key":"REST"},{"floor":32,"key":"REST"}],"neow_cost":"NO_GOLD","seed_source_timestamp":259920704171851,"circlet_count":0,"master_deck":["Defend_G","Defend_G","Defend_G","Defend_G","Defend_G","Strike_G","Survivor","Neutralize","Mind Blast+1","Madness","Concentrate","Dagger Throw","Backflip","Backstab","Flying Knee","Noxious Fumes","PiercingWail","Poisoned Stab","Die Die Die","After Image","A Thousand Cuts+1","Dagger Spray+1","Blade Dance+1","Dash","Glass Knife+1","Prepared+1","Caltrops+1","Escape Plan+1","Blur","Glass Knife","Accuracy+1","Infinite Blades","Catalyst","Crippling Poison+1"],"relics":["Ring of the Snake","Tiny Chest","Bronze Scales","Oddly Smooth Stone","Vajra","Astrolabe","Pantograph","Regal Pillow","Dodecahedron","MutagenicStrength","White Beast Statue","Snake Skull"],"potions_floor_usage":[5,7,11,25,28,28,33,40],"damage_taken":[{"damage":10,"enemies":"Jaw Worm","floor":1,"turns":5},{"damage":0,"enemies":"Cultist","floor":2,"turns":4},{"damage":1,"enemies":"2 Louse","floor":3,"turns":4},{"damage":15,"enemies":"Large Slime","floor":4,"turns":6},{"damage":1,"enemies":"Looter","floor":5,"turns":3},{"damage":20,"enemies":"3 Sentries","floor":7,"turns":13},{"damage":20,"enemies":"Lagavulin","floor":11,"turns":5},{"damage":8,"enemies":"Red Slaver","floor":13,"turns":2},{"damage":0,"enemies":"Lots of Slimes","floor":14,"turns":3},{"damage":29,"enemies":"Slime Boss","floor":16,"turns":8},{"damage":0,"enemies":"3 Byrds","floor":18,"turns":3},{"damage":24,"enemies":"Shell Parasite","floor":19,"turns":6},{"damage":28,"enemies":"Snake Plant","floor":22,"turns":4},{"damage":3,"enemies":"Cultist and Chosen","floor":24,"turns":4},{"damage":3,"enemies":"Centurion and Healer","floor":25,"turns":7},{"damage":26,"enemies":"Gremlin Leader","floor":28,"turns":4},{"damage":0,"enemies":"3 Cultists","floor":30,"turns":2},{"damage":43,"enemies":"Champ","floor":33,"turns":11},{"damage":12,"enemies":"3 Darklings","floor":35,"turns":4},{"damage":7,"enemies":"Orb Walker","floor":38,"turns":3},{"damage":34,"enemies":"Sphere and 2 Shapes","floor":39,"turns":7},{"damage":48,"enemies":"Giant Head","floor":40,"turns":6}],"seed_played":"8612698115890173578","potions_obtained":[{"floor":1,"key":"PowerPotion"},{"floor":3,"key":"FearPotion"},{"floor":4,"key":"AttackPotion"},{"floor":11,"key":"SneckoOil"},{"floor":16,"key":"SpeedPotion"},{"floor":18,"key":"Regen Potion"},{"floor":22,"key":"Explosive Potion"},{"floor":25,"key":"Energy Potion"},{"floor":33,"key":"Ancient Potion"},{"floor":35,"key":"Poison Potion"},{"floor":38,"key":"SpeedPotion"}],"is_trial":false,"path_per_floor":["M","M","M","M","M","R","E","?","T","R","E","$","M","M","R","B",null,"M","M","?","$","M","R","M","M","T","R","E","?","M","?","R","B",null,"M","$","?","M","M","E"],"character_chosen":"THE_SILENT","items_purchased":["Noxious Fumes","PiercingWail","Infinite Blades","Snake Skull"],"campfire_rested":4,"item_purchase_floors":[12,12,36,36],"current_hp_per_floor":[60,60,59,44,43,43,23,23,23,44,24,24,16,16,37,8,70,70,46,46,46,18,18,15,27,27,63,37,24,24,24,61,32,75,63,63,68,61,27,0],"gold":144,"neow_bonus":"RANDOM_COLORLESS_2","is_prod":false,"is_daily":false,"chose_seed":false,"campfire_upgraded":2,"win_rate":0,"timestamp":1553022443,"path_taken":["M","M","M","M","M","R","E","?","T","R","E","?","M","M","R","BOSS","M","M","?","$","M","R","M","M","T","R","E","?","M","?","R","BOSS","M","$","?","?","M","E"],"build_version":"2019-01-23","purchased_purges":2,"victory":false,"max_hp_per_floor":[70,70,70,70,70,70,70,70,70,70,70,70,70,70,70,70,70,70,70,70,70,70,70,70,70,70,70,70,75,75,75,75,75,75,75,75,75,75,75,75],"card_choices":[{"not_picked":["Distraction","Underhanded Strike"],"picked":"Concentrate","floor":1},{"not_picked":["Escape Plan","Masterful Stab"],"picked":"Dagger Throw","floor":2},{"not_picked":["Outmaneuver","Prepared","Blade Dance"],"picked":"SKIP","floor":3},{"not_picked":["Blade Dance","Predator","Flechettes"],"picked":"SKIP","floor":4},{"not_picked":["Concentrate","Catalyst"],"picked":"Backflip","floor":5},{"not_picked":["Slice","Dagger Spray"],"picked":"Backstab","floor":7},{"not_picked":["Outmaneuver","All Out Attack"],"picked":"Flying Knee","floor":11},{"not_picked":["Masterful Stab","Dodge and Roll"],"picked":"Poisoned Stab","floor":13},{"not_picked":["Bane","Flying Knee"],"picked":"Die Die Die","floor":14},{"not_picked":["Corpse Explosion","Wraith Form v2"],"picked":"After Image","floor":16},{"not_picked":["Dodge and Roll","Acrobatics"],"picked":"Blade Dance+1","floor":18},{"not_picked":["Slice","Skewer+1"],"picked":"Dash","floor":19},{"not_picked":["Outmaneuver","Underhanded Strike+1"],"picked":"Glass Knife","floor":22},{"not_picked":["Bouncing Flask","Dagger Throw"],"picked":"Prepared+1","floor":24},{"not_picked":["Acrobatics","Flechettes"],"picked":"Caltrops+1","floor":25},{"not_picked":["Skewer+1","Prepared"],"picked":"Escape Plan+1","floor":28},{"not_picked":["Riddle With Holes+1","Dagger Spray"],"picked":"Blur","floor":30},{"not_picked":["Bullet Time","Grand Finale"],"picked":"Glass Knife","floor":33},{"not_picked":["Tactician","Deflect"],"picked":"Accuracy+1","floor":35},{"not_picked":["Sucker Punch+1","Flying Knee+1"],"picked":"Catalyst","floor":38},{"not_picked":["Quick Slash","Choke"],"picked":"Crippling Poison+1","floor":39}],"player_experience":45553,"relics_obtained":[{"floor":7,"key":"Tiny Chest"},{"floor":8,"key":"Bronze Scales"},{"floor":9,"key":"Oddly Smooth Stone"},{"floor":11,"key":"Vajra"},{"floor":26,"key":"Regal Pillow"},{"floor":28,"key":"Dodecahedron"}],"event_choices":[{"damage_healed":0,"gold_gain":0,"player_choice":"Relic","damage_taken":0,"max_hp_gain":0,"max_hp_loss":0,"event_name":"Wheel of Change","floor":8,"gold_loss":0},{"damage_healed":0,"gold_gain":0,"player_choice":"Opened","damage_taken":0,"relics_obtained":["Pantograph"],"max_hp_gain":0,"max_hp_loss":0,"event_name":"The Mausoleum","floor":20,"gold_loss":0,"cards_obtained":["Writhe"]},{"damage_healed":0,"gold_gain":0,"player_choice":"Shed Blood","damage_taken":18,"max_hp_gain":5,"max_hp_loss":0,"event_name":"Forgotten Altar","floor":29,"gold_loss":0},{"damage_healed":0,"gold_gain":0,"player_choice":"Inject Mutagens","damage_taken":0,"relics_obtained":["MutagenicStrength"],"max_hp_gain":0,"max_hp_loss":0,"event_name":"Drug Dealer","floor":31,"gold_loss":0},{"cards_removed":["Underhanded Strike"],"damage_healed":5,"gold_gain":0,"player_choice":"Offered Common","damage_taken":0,"max_hp_gain":0,"max_hp_loss":0,"event_name":"Bonfire Elementals","floor":37,"gold_loss":0},{"cards_removed":["Underhanded Strike"],"damage_healed":5,"gold_gain":0,"player_choice":"Offered Special","damage_taken":0,"max_hp_gain":0,"max_hp_loss":0,"event_name":"Bonfire Elementals","floor":37,"gold_loss":0}],"is_beta":false,"boss_relics":[{"not_picked":["Eternal Feather","Ectoplasm"],"picked":"Astrolabe"},{"not_picked":["Calling Bell","Philosopher\u0027s Stone"],"picked":"White Beast Statue"}],"items_purged_floors":[21,36],"is_endless":false,"potions_floor_spawned":[1,3,4,11,16,18,22,25,33,35,38,39],"killed_by":"Giant Head","ascension_level":3}