{"gold_per_floor":[219,231,243,257,257,257,292,304,330,0,0,0,28,41,41,141,141,158,170,32,32,44,44,73,73,73,83,83,83,83,117,117,220,220,236,256,275,275,287,287,314,314,314,314,349,361,361,375,375,375],"floor_reached":51,"playtime":3489,"items_purged":[],"score":1052,"play_id":"1b9a17bf-d3e2-43f4-ac8a-a8ae244eaf29","local_time":"20180820213444","is_ascension_mode":true,"campfire_choices":[{"data":"Neutralize","floor":6,"key":"SMITH"},{"data":"Footwork","floor":11,"key":"SMITH"},{"floor":15,"key":"REST"},{"data":"Noxious Fumes","floor":23,"key":"SMITH"},{"data":"Cloak And Dagger","floor":25,"key":"SMITH"},{"data":"Survivor","floor":28,"key":"SMITH"},{"data":"Dash","floor":30,"key":"SMITH"},{"data":"Backflip","floor":32,"key":"SMITH"},{"floor":40,"key":"REST"},{"floor":42,"key":"REST"},{"floor":44,"key":"REST"},{"floor":49,"key":"REST"}],"neow_cost":"NONE","seed_source_timestamp":201451931976269,"circlet_count":0,"master_deck":["Defend_G","Defend_G","Defend_G","Defend_G","Defend_G","Strike_G","Survivor+1","Neutralize+1","Quick Slash","Cloak And Dagger+1","Dagger Throw","Slice","Backflip+1","Noxious Fumes+1","Footwork+1","Backflip+1","Terror+1","Storm of Steel+1","Acrobatics+1","Die Die Die+1","Night Terror+1","Backflip+1","Backflip+1","Dash+1","Bandage Up+1","PiercingWail+1","Escape Plan+1","Dodge and Roll+1","Cloak And Dagger+1","Bullet Time+1","Backflip+1","Noxious Fumes+1","Flying Knee+1","Backstab+1","Adrenaline+1","Acrobatics+1","Cloak And Dagger+1","Cloak And Dagger+1"],"relics":["Ring of the Snake","StoneCalendar","Pen Nib","Toxic Egg 2","Blood Vial","Astrolabe","Snake Skull","Bottled Lightning","Calipers","Nilry\u0027s Codex","Blue Candle","White Beast Statue","Kunai","Dodecahedron","Ninja Scroll"],"potions_floor_usage":[16,19,22,22,27,31,31,33,41,41,46,48,50,50],"damage_taken":[{"damage":3,"enemies":"Small Slimes","floor":1,"turns":4},{"damage":0,"enemies":"Cultist","floor":2,"turns":4},{"damage":0,"enemies":"2 Louse","floor":3,"turns":3},{"damage":3,"enemies":"Red Slaver","floor":4,"turns":4},{"damage":25,"enemies":"Lagavulin","floor":7,"turns":9},{"damage":0,"enemies":"Looter","floor":8,"turns":4},{"damage":19,"enemies":"3 Sentries","floor":13,"turns":7},{"damage":0,"enemies":"2 Fungi Beasts","floor":14,"turns":4},{"damage":4,"enemies":"The Guardian","floor":16,"turns":9},{"damage":1,"enemies":"Chosen","floor":18,"turns":4},{"damage":0,"enemies":"Shell Parasite","floor":19,"turns":4},{"damage":10,"enemies":"Shelled Parasite and Fungi","floor":22,"turns":5},{"damage":0,"enemies":"Gremlin Leader","floor":24,"turns":5},{"damage":0,"enemies":"3 Cultists","floor":27,"turns":3},{"damage":18,"enemies":"Book of Stabbing","floor":31,"turns":7},{"damage":16,"enemies":"Collector","floor":33,"turns":10},{"damage":34,"enemies":"Orb Walker","floor":35,"turns":5},{"damage":7,"enemies":"3 Shapes","floor":36,"turns":7},{"damage":8,"enemies":"Sphere and 2 Shapes","floor":37,"turns":6},{"damage":15,"enemies":"Spire Growth","floor":39,"turns":5},{"damage":49,"enemies":"2 Orb Walkers","floor":41,"turns":6},{"damage":6,"enemies":"Giant Head","floor":45,"turns":10},{"damage":34,"enemies":"3 Darklings","floor":46,"turns":4},{"damage":3,"enemies":"Maw","floor":48,"turns":7},{"damage":29,"enemies":"Awakened One","floor":50,"turns":26}],"seed_played":"5126790884309556195","potions_obtained":[{"floor":2,"key":"Energy Potion"},{"floor":7,"key":"FearPotion"},{"floor":13,"key":"Strength Potion"},{"floor":16,"key":"EntropicBrew"},{"floor":22,"key":"Energy Potion"},{"floor":27,"key":"Block Potion"},{"floor":35,"key":"Fire Potion"},{"floor":36,"key":"Ancient Potion"},{"floor":37,"key":"LiquidBronze"},{"floor":39,"key":"PowerPotion"},{"floor":41,"key":"Fire Potion"},{"floor":45,"key":"AttackPotion"},{"floor":46,"key":"SkillPotion"},{"floor":48,"key":"Fire Potion"}],"is_trial":false,"path_per_floor":["M","M","M","M","?","R","E","M","T","$","R","$","E","M","R","B",null,"M","M","$","?","M","R","E","R","T","M","R","?","R","E","R","B",null,"M","M","M","?","M","R","E","R","T","R","E","M","?","M","R","B"],"character_chosen":"THE_SILENT","items_purchased":["Footwork","Toxic Egg 2","Dash","Bandage Up+1"],"campfire_rested":5,"item_purchase_floors":[10,10,20,20],"current_hp_per_floor":[60,60,60,57,57,57,32,32,32,32,32,32,13,15,36,34,61,62,64,64,64,60,60,68,68,68,70,70,54,54,59,59,51,65,36,37,37,37,30,51,10,31,31,52,54,28,28,33,54,33],"gold":375,"neow_bonus":"HUNDRED_GOLD","is_prod":false,"is_daily":false,"chose_seed":false,"campfire_upgraded":7,"win_rate":0,"timestamp":1534826084,"path_taken":["M","M","M","M","?","R","E","M","T","$","R","$","E","M","R","BOSS","M","M","$","?","M","R","E","R","T","M","R","?","R","E","R","BOSS","M","M","M","?","M","R","E","R","T","R","E","?","?","M","R","BOSS"],"build_version":"2018-08-16","purchased_purges":0,"victory":true,"max_hp_per_floor":[70,70,70,70,70,70,70,70,70,70,70,70,70,70,70,70,70,70,70,70,70,70,70,70,70,70,70,70,70,70,70,70,70,70,70,70,70,70,70,70,70,70,70,70,70,70,70,70,70,70],"card_choices":[{"not_picked":["Sucker Punch","Well Laid Plans"],"picked":"Quick Slash","floor":1},{"not_picked":["Deadly Poison","Blade Dance"],"picked":"Cloak And Dagger","floor":2},{"not_picked":["Heel Hook","Underhanded Strike"],"picked":"Dagger Throw","floor":3},{"not_picked":["Flechettes","Choke"],"picked":"Slice","floor":4},{"not_picked":["Heel Hook","Sucker Punch"],"picked":"Backflip","floor":7},{"not_picked":["Expertise","Masterful Stab"],"picked":"Noxious Fumes","floor":8},{"not_picked":["Concentrate+1","Skewer"],"picked":"Backflip+1","floor":13},{"not_picked":["Riddle With Holes","Dagger Throw"],"picked":"Terror+1","floor":14},{"not_picked":["Die Die Die","Tools of the Trade"],"picked":"Storm of Steel+1","floor":16},{"not_picked":["Poisoned Stab","Dagger Spray+1"],"picked":"Backflip+1","floor":18},{"not_picked":["Caltrops+1","Acrobatics+1"],"picked":"Backflip+1","floor":19},{"not_picked":["Outmaneuver+1","Prepared+1"],"picked":"PiercingWail+1","floor":22},{"not_picked":["Slice","Endless Agony+1"],"picked":"Escape Plan+1","floor":24},{"not_picked":["Setup+1","Flechettes"],"picked":"Dodge and Roll+1","floor":27},{"not_picked":["Endless Agony+1","Expertise+1"],"picked":"Cloak And Dagger+1","floor":31},{"not_picked":["Wraith Form v2","Envenom"],"picked":"Bullet Time+1","floor":33},{"not_picked":["Deflect+1","Acrobatics+1"],"picked":"Backflip+1","floor":35},{"not_picked":["Dodge and Roll+1","Venomology+1"],"picked":"Noxious Fumes+1","floor":36},{"not_picked":["Dagger Spray","PiercingWail+1"],"picked":"Flying Knee+1","floor":37},{"not_picked":["Flying Knee","Finisher+1"],"picked":"Backstab+1","floor":39},{"not_picked":["Night Terror+1","Footwork+1"],"picked":"Adrenaline+1","floor":41},{"not_picked":["PiercingWail+1","Bane"],"picked":"Acrobatics+1","floor":45},{"not_picked":["Slice+1","Prepared+1"],"picked":"Cloak And Dagger+1","floor":46},{"not_picked":["Underhanded Strike+1","Dagger Throw+1"],"picked":"Cloak And Dagger+1","floor":48}],"player_experience":117638,"relics_obtained":[{"floor":7,"key":"StoneCalendar"},{"floor":9,"key":"Pen Nib"},{"floor":13,"key":"Blood Vial"},{"floor":24,"key":"Bottled Lightning"},{"floor":26,"key":"Calipers"},{"floor":29,"key":"Nilry\u0027s Codex"},{"floor":31,"key":"Blue Candle"},{"floor":41,"key":"Kunai"},{"floor":43,"key":"Dodecahedron"},{"floor":45,"key":"Ninja Scroll"}],"event_choices":[{"event_name":"Bonfire Elementals","player_choice":"BASIC","floor":5,"damage_taken":0},{"event_name":"The Mausoleum","player_choice":"Yes","floor":21,"damage_taken":0},{"event_name":"Cursed Tome","player_choice":"Obtained Book","floor":29,"damage_taken":0},{"event_name":"Tomb of Lord Red Mask","player_choice":"Ignored","floor":38,"damage_taken":0},{"event_name":"SecretPortal","player_choice":"Rejected Portal.","floor":47,"damage_taken":0}],"is_beta":false,"boss_relics":[{"not_picked":["Pandora\u0027s Box","Philosopher\u0027s Stone"],"picked":"Astrolabe"},{"not_picked":["WristBlade","Eternal Feather"],"picked":"White Beast Statue"}],"items_purged_floors":[],"is_endless":false,"potions_floor_spawned":[2,7,13,16,18,22,27,35,36,37,39,41,45,46,48],"ascension_level":6}