{"gold_per_floor":[118,132,151,151,151,151,3,23,75,90,22,52,52,67,67,170,170,188,207,12,12,24,24,24,24,49,49,68,88,88,108,108,108],"floor_reached":33,"playtime":1077,"items_purged":["Regret"],"score":274,"play_id":"c06d56e5-8074-414b-9b1f-8dcf9a1609fa","local_time":"20190401191842","is_ascension_mode":true,"campfire_choices":[{"data":"Zap","floor":6,"key":"SMITH"},{"floor":13,"key":"REST"},{"data":"Rainbow","floor":15,"key":"SMITH"},{"floor":23,"key":"REST"},{"floor":30,"key":"REST"},{"floor":32,"key":"REST"}],"neow_cost":"NONE","seed_source_timestamp":1197948649055553,"circlet_count":0,"master_deck":["Strike_B","Strike_B","Strike_B","Strike_B","Defend_B","Defend_B","Defend_B","Zap+1","Dualcast","Conserve Battery","Self Repair","Barrage","Stack","Ball Lightning","Melter","Loop","Rip and Tear","Rainbow+1","Buffer","White Noise+1","Darkness","Capacitor","Redo","Shame","Thunder Strike","Storm+1"],"relics":["Cracked Core","NeowsBlessing","Oddly Smooth Stone","Happy Flower","Blood Vial","Sozu","Orichalcum","Ancient Tea Set"],"potions_floor_usage":[10,19],"damage_taken":[{"damage":0,"enemies":"Cultist","floor":1,"turns":1},{"damage":0,"enemies":"2 Louse","floor":2,"turns":1},{"damage":0,"enemies":"Small Slimes","floor":3,"turns":1},{"damage":19,"enemies":"Blue Slaver","floor":8,"turns":3},{"damage":8,"enemies":"Large Slime","floor":10,"turns":5},{"damage":31,"enemies":"Gremlin Nob","floor":12,"turns":5},{"damage":0,"enemies":"Exordium Thugs","floor":14,"turns":3},{"damage":57,"enemies":"Hexaghost","floor":16,"turns":10},{"damage":25,"enemies":"3 Byrds","floor":18,"turns":5},{"damage":8,"enemies":"Shell Parasite","floor":19,"turns":4},{"damage":29,"enemies":"Centurion and Healer","floor":22,"turns":7},{"damage":41,"enemies":"Cultist and Chosen","floor":28,"turns":7},{"damage":20,"enemies":"Snecko","floor":29,"turns":5},{"damage":32,"enemies":"Snake Plant","floor":31,"turns":4},{"damage":77,"enemies":"Automaton","floor":33,"turns":6}],"seed_played":"1310640851359693569","potions_obtained":[{"floor":8,"key":"FearPotion"},{"floor":14,"key":"SpeedPotion"}],"is_trial":false,"path_per_floor":["M","M","M","?","?","R","$","M","T","M","$","E","R","M","R","B",null,"M","M","$","?","M","R","$","?","T","?","M","M","R","M","R","B"],"character_chosen":"DEFECT","items_purchased":["Happy Flower","Loop","Capacitor","Redo"],"campfire_rested":4,"item_purchase_floors":[7,11,20,20],"current_hp_per_floor":[75,75,75,75,75,75,75,63,63,62,62,38,60,69,69,21,75,57,58,58,58,38,60,60,60,60,60,28,17,39,16,38,0],"gold":108,"neow_bonus":"THREE_ENEMY_KILL","is_prod":false,"is_daily":false,"chose_seed":false,"campfire_upgraded":2,"win_rate":0,"timestamp":1554171522,"path_taken":["M","M","?","?","?","R","?","M","T","M","$","E","R","M","R","BOSS","M","M","$","?","M","R","$","?","T","?","M","M","R","M","R","BOSS"],"build_version":"2019-01-23","purchased_purges":1,"victory":false,"max_hp_per_floor":[75,75,75,75,75,75,75,75,75,75,75,75,75,75,75,75,75,75,75,75,75,75,75,75,75,75,75,75,75,75,75,75,75],"card_choices":[{"not_picked":["Turbo","Stack"],"picked":"Conserve Battery","floor":1},{"not_picked":["Beam Cell","Compile Driver"],"picked":"Self Repair","floor":2},{"not_picked":["Gash","Beam Cell"],"picked":"Barrage","floor":3},{"not_picked":["Rebound","Cold Snap"],"picked":"Ball Lightning","floor":8},{"not_picked":["Leap","White Noise"],"picked":"Melter","floor":10},{"not_picked":["Gash","Go for the Eyes"],"picked":"Rip and Tear","floor":12},{"not_picked":["Cold Snap","Streamline"],"picked":"Rainbow","floor":14},{"not_picked":["Machine Learning","Thunder Strike"],"picked":"Buffer","floor":16},{"not_picked":["Redo","Stack"],"picked":"White Noise+1","floor":18},{"not_picked":["Turbo+1","Reprogram"],"picked":"Darkness","floor":19},{"not_picked":["Conserve Battery","Gash+1","Sweeping Beam"],"picked":"SKIP","floor":22},{"not_picked":["Genetic Algorithm","Beam Cell"],"picked":"Thunder Strike","floor":28},{"not_picked":["Beam Cell","Steam","Compile Driver"],"picked":"SKIP","floor":29},{"not_picked":["Force Field","Beam Cell+1"],"picked":"Storm+1","floor":31}],"player_experience":387666,"relics_obtained":[{"floor":12,"key":"Blood Vial"},{"floor":26,"key":"Ancient Tea Set"}],"event_choices":[{"damage_healed":0,"gold_gain":0,"cards_transformed":["Defend_B"],"player_choice":"Change","damage_taken":0,"max_hp_gain":0,"max_hp_loss":0,"event_name":"Living Wall","floor":4,"gold_loss":0,"cards_obtained":["Stack"]},{"damage_healed":0,"gold_gain":0,"player_choice":"Box","damage_taken":0,"relics_obtained":["Oddly Smooth Stone"],"max_hp_gain":0,"max_hp_loss":0,"event_name":"Big Fish","floor":5,"gold_loss":0,"cards_obtained":["Regret"]},{"damage_healed":0,"gold_gain":0,"player_choice":"Stole Relic","damage_taken":0,"relics_obtained":["Orichalcum"],"max_hp_gain":0,"max_hp_loss":0,"event_name":"Addict","floor":21,"gold_loss":0,"cards_obtained":["Shame"]},{"damage_healed":0,"gold_gain":0,"player_choice":"Ignored","damage_taken":0,"max_hp_gain":0,"max_hp_loss":0,"event_name":"Beggar","floor":25,"gold_loss":0},{"damage_healed":0,"gold_gain":0,"player_choice":"Ignored","damage_taken":0,"max_hp_gain":0,"max_hp_loss":0,"event_name":"Ghosts","floor":27,"gold_loss":0}],"is_beta":false,"boss_relics":[{"not_picked":["Black Star","Philosopher\u0027s Stone"],"picked":"Sozu"}],"items_purged_floors":[20],"is_endless":false,"potions_floor_spawned":[8,14,18,22,28,29],"killed_by":"Automaton","ascension_level":2}