{"gold_per_floor":[213,225,245,258,233,233,267,283,283,294,294,307,337,347,347,446,446,464,476,222,237,254,284,298,61,129,129,164,178,192,202,202,202],"floor_reached":33,"playtime":2443,"items_purged":["Strike_R"],"score":368,"play_id":"d9e0f543-e138-4b09-b2dd-86590bc19d91","local_time":"20180815081130","is_ascension_mode":true,"campfire_choices":[{"data":"Uppercut","floor":6,"key":"SMITH"},{"data":"Armaments","floor":15,"key":"SMITH"},{"floor":27,"key":"REST"},{"floor":32,"key":"REST"}],"neow_cost":"NONE","seed_source_timestamp":120718900148108,"circlet_count":0,"master_deck":["Strike_R","Strike_R","Strike_R","Strike_R","Defend_R","Defend_R","Defend_R","Defend_R","Bash","Flex","Iron Wave","Uppercut+1","Armaments+1","Disarm","Inflame","Carnage","Warcry","Dropkick","Disarm","Juggernaut+1","Cleave+1","Shrug It Off","Evolve+1","Dual Wield","Impervious","Feed","Flame Barrier+1","Disarm","Clothesline+1","Entrench","Iron Wave+1"],"relics":["Burning Blood","Unceasing Top","Frozen Egg 2","Mercury Hourglass","The Courier","Snecko Eye","Nunchaku","Turnip","Shuriken","Calipers"],"potions_floor_usage":[13,16,16,18,23,28,30,33],"damage_taken":[{"damage":6,"enemies":"Cultist","floor":1,"turns":4},{"damage":2,"enemies":"2 Louse","floor":2,"turns":2},{"damage":0,"enemies":"Small Slimes","floor":3,"turns":2},{"damage":17,"enemies":"Red Slaver","floor":4,"turns":4},{"damage":33,"enemies":"3 Sentries","floor":7,"turns":11},{"damage":4,"enemies":"Looter","floor":8,"turns":3},{"damage":4,"enemies":"Blue Slaver","floor":10,"turns":5},{"damage":7,"enemies":"Exordium Wildlife","floor":12,"turns":5},{"damage":21,"enemies":"Lagavulin","floor":13,"turns":6},{"damage":6,"enemies":"Large Slime","floor":14,"turns":5},{"damage":23,"enemies":"The Guardian","floor":16,"turns":11},{"damage":0,"enemies":"Spheric Guardian","floor":18,"turns":3},{"damage":11,"enemies":"Chosen","floor":19,"turns":4},{"damage":9,"enemies":"Snecko","floor":21,"turns":4},{"damage":19,"enemies":"Snake Plant","floor":22,"turns":6},{"damage":29,"enemies":"Gremlin Leader","floor":23,"turns":7},{"damage":10,"enemies":"Centurion and Healer","floor":24,"turns":8},{"damage":19,"enemies":"Slavers","floor":28,"turns":8},{"damage":37,"enemies":"Sentry and Sphere","floor":29,"turns":9},{"damage":17,"enemies":"3 Cultists","floor":30,"turns":5},{"damage":0,"enemies":"Chosen and Byrds","floor":31,"turns":5},{"damage":42,"enemies":"Collector","floor":33,"turns":7}],"seed_played":"5628500769265059966","potions_obtained":[{"floor":3,"key":"FearPotion"},{"floor":7,"key":"Swift Potion"},{"floor":8,"key":"EssenceOfSteel"},{"floor":12,"key":"FearPotion"},{"floor":16,"key":"Fire Potion"},{"floor":22,"key":"LiquidBronze"},{"floor":24,"key":"Block Potion"},{"floor":28,"key":"Explosive Potion"},{"floor":30,"key":"Block Potion"},{"floor":31,"key":"FearPotion"}],"is_trial":false,"path_per_floor":["M","M","M","M","$","R","E","M","T","M","?","M","E","M","R","B",null,"M","M","$","M","M","E","M","$","T","R","E","M","M","M","R"],"character_chosen":"IRONCLAD","items_purchased":["Armaments","Evolve+1","Dual Wield","Impervious","Turnip"],"campfire_rested":2,"item_purchase_floors":[5,20,20,20,25],"current_hp_per_floor":[80,80,80,69,69,69,42,44,44,46,46,45,30,30,30,13,80,80,75,75,72,59,36,32,32,32,56,43,18,10,16,42,0],"gold":202,"neow_bonus":"HUNDRED_GOLD","is_prod":false,"is_daily":false,"chose_seed":false,"campfire_upgraded":2,"win_rate":0,"timestamp":1534345890,"path_taken":["M","M","M","M","$","R","E","M","T","M","?","M","E","?","R","BOSS","M","?","$","M","M","E","M","$","T","R","E","M","M","M","R","BOSS"],"build_version":"2018-08-09","purchased_purges":1,"victory":false,"max_hp_per_floor":[80,80,80,80,80,80,80,80,80,80,80,80,80,80,80,80,80,80,80,80,80,80,80,80,80,80,80,80,86,89,89,89,89],"card_choices":[{"not_picked":["Sword Boomerang","Feel No Pain"],"picked":"Flex","floor":1},{"not_picked":["Body Slam","Infernal Blade","Rage"],"picked":"SKIP","floor":2},{"not_picked":["True Grit","Havoc"],"picked":"Iron Wave","floor":3},{"not_picked":["Searing Blow","Hemokinesis"],"picked":"Uppercut","floor":4},{"not_picked":["Berserk","Reckless Charge"],"picked":"Disarm","floor":7},{"not_picked":["Armaments","True Grit"],"picked":"Inflame","floor":8},{"not_picked":["Pummel","Sentinel"],"picked":"Carnage","floor":10},{"not_picked":["Reckless Charge","Wild Strike"],"picked":"Warcry","floor":12},{"not_picked":["Havoc","Whirlwind"],"picked":"Dropkick","floor":13},{"not_picked":["Reckless Charge","Sword Boomerang"],"picked":"Disarm","floor":14},{"not_picked":["Double Tap","Berserk+1"],"picked":"Juggernaut+1","floor":16},{"not_picked":["Flex","Armaments"],"picked":"Cleave+1","floor":18},{"not_picked":["Wild Strike","Body Slam"],"picked":"Shrug It Off","floor":19},{"not_picked":["Evolve+1","Twin Strike","Thunderclap"],"picked":"SKIP","floor":21},{"not_picked":["Anger","Battle Trance"],"picked":"Feed","floor":22},{"not_picked":["Feel No Pain+1","Clash"],"picked":"Flame Barrier+1","floor":23},{"not_picked":["Perfected Strike+1","Sword Boomerang"],"picked":"Disarm","floor":24},{"not_picked":["Pommel Strike","Ghostly Armor"],"picked":"Clothesline+1","floor":28},{"not_picked":["Flex+1","Limit Break"],"picked":"Entrench","floor":29},{"not_picked":["Sword Boomerang","Clothesline"],"picked":"Iron Wave+1","floor":30},{"not_picked":["Pommel Strike+1","Twin Strike","Spot Weakness"],"picked":"SKIP","floor":31}],"player_experience":61397,"relics_obtained":[{"floor":7,"key":"Unceasing Top"},{"floor":9,"key":"Frozen Egg 2"},{"floor":13,"key":"The Courier"},{"floor":23,"key":"Nunchaku"},{"floor":26,"key":"Shuriken"},{"floor":28,"key":"Calipers"}],"event_choices":[{"event_name":"WeMeetAgain","player_choice":"Potion","floor":11,"damage_taken":0}],"is_beta":false,"boss_relics":[{"not_picked":["Runic Cube","Lizard Tail"],"picked":"Snecko Eye"}],"items_purged_floors":[20],"is_endless":false,"potions_floor_spawned":[3,7,8,12,16,22,24,28,30,31],"killed_by":"Collector","ascension_level":4}