{"gold_per_floor":[112,44,44,57,67,67,100,113,194,194,194,225,241,256,256,333,333,348,366,380,399,409,435,435,350,404,466,66,66,95,108,108,184,184,201,201,151,196,196,225,225,259,259,294,310,337,349,367,367,367],"floor_reached":50,"playtime":3238,"items_purged":["Writhe","Strike_R"],"score":1331,"play_id":"44397cc9-2bae-462a-80a1-d09f9e15e561","local_time":"20190501122107","is_ascension_mode":true,"campfire_choices":[{"data":"Anger","floor":6.0,"key":"SMITH"},{"data":"Immolate","floor":10.0,"key":"SMITH"},{"floor":15.0,"key":"DIG"},{"data":"Ghostly","floor":32.0,"key":"SMITH"},{"floor":41,"key":"DIG"},{"floor":49,"key":"RECALL"}],"neow_cost":"NONE","seed_source_timestamp":0,"circlet_count":0,"master_deck":["AscendersBane","Strike_R+1","Strike_R","Strike_R","Strike_R","Defend_R","Defend_R","Defend_R","Defend_R","Bash","Anger+1","Feed+1","Impervious","Metallicize","Shockwave","Immolate+1","Armaments","Barricade","Flame Barrier","Dropkick","Corruption","True Grit+1","Feel No Pain","Impervious","Feed+1","Ghostly+1","Ghostly","Ghostly","Battle Trance+1","Juggernaut","Headbutt","Bandage Up","Inflame+1","Shrug It Off","Battle Trance","Shrug It Off","Feed"],"special_seed":0,"relics":["Burning Blood","NeowsBlessing","Shovel","Pantograph","Ancient Tea Set","PreservedInsect","Velvet Choker","Smiling Mask","Nunchaku","Pen Nib","Oddly Smooth Stone","Tiny Chest","Blood Vial","Coffee Dripper","Thread and Needle","Matryoshka","Dream Catcher","Letter Opener","Boot","Pear","Whetstone"],"potions_floor_usage":[38,42,48,50],"damage_taken":[{"damage":0.0,"enemies":"Small Slimes","floor":1.0,"turns":1.0},{"damage":0.0,"enemies":"Cultist","floor":4.0,"turns":1.0},{"damage":0.0,"enemies":"2 Louse","floor":5.0,"turns":1.0},{"damage":35.0,"enemies":"3 Sentries","floor":7.0,"turns":12.0},{"damage":2.0,"enemies":"Gremlin Gang","floor":8.0,"turns":6.0},{"damage":28.0,"enemies":"Gremlin Nob","floor":12.0,"turns":4.0},{"damage":4.0,"enemies":"Blue Slaver","floor":13.0,"turns":6.0},{"damage":1.0,"enemies":"2 Fungi Beasts","floor":14.0,"turns":4.0},{"damage":60.0,"enemies":"The Guardian","floor":16.0,"turns":15.0},{"damage":0.0,"enemies":"Chosen","floor":18.0,"turns":5.0},{"damage":1.0,"enemies":"Spheric Guardian","floor":19.0,"turns":3.0},{"damage":61.0,"enemies":"Cultist and Chosen","floor":20.0,"turns":6.0},{"damage":0.0,"enemies":"3 Cultists","floor":21.0,"turns":3.0},{"damage":22.0,"enemies":"Shelled Parasite and Fungi","floor":22.0,"turns":6.0},{"damage":21.0,"enemies":"Slavers","floor":23.0,"turns":2.0},{"damage":2.0,"enemies":"Book of Stabbing","floor":27.0,"turns":5.0},{"damage":0.0,"enemies":"Slavers","floor":30.0,"turns":3.0},{"damage":2.0,"enemies":"Centurion and Healer","floor":31.0,"turns":9.0},{"damage":0.0,"enemies":"Automaton","floor":33.0,"turns":18.0},{"damage":1,"enemies":"Orb Walker","floor":35,"turns":6},{"damage":8,"enemies":"2 Orb Walkers","floor":38,"turns":6},{"damage":23,"enemies":"Reptomancer","floor":40,"turns":7},{"damage":0,"enemies":"Giant Head","floor":42,"turns":10},{"damage":22,"enemies":"Nemesis","floor":44,"turns":9},{"damage":14,"enemies":"3 Shapes","floor":45,"turns":6},{"damage":50,"enemies":"Giant Head","floor":46,"turns":11},{"damage":22,"enemies":"Maw","floor":47,"turns":8},{"damage":2,"enemies":"4 Shapes","floor":48,"turns":5},{"damage":101,"enemies":"Donu and Deca","floor":50,"turns":11}],"seed_played":"-5492396022214182408","potions_obtained":[{"floor":5.0,"key":"Strength Potion"},{"floor":7.0,"key":"Explosive Potion"},{"floor":14.0,"key":"AttackPotion"},{"floor":18.0,"key":"GamblersBrew"},{"floor":22.0,"key":"SteroidPotion"},{"floor":23.0,"key":"Block Potion"},{"floor":30.0,"key":"GamblersBrew"},{"floor":35,"key":"SkillPotion"},{"floor":40,"key":"AttackPotion"},{"floor":46,"key":"SkillPotion"},{"floor":47,"key":"Regen Potion"},{"floor":48,"key":"Explosive Potion"}],"is_trial":false,"path_per_floor":["M","$","?","M","M","R","E","M","T","R","?","E","M","M","R","B",null,"M","M","M","M","M","E","?","?","T","E","$","?","E","M","R","B",null,"M","?","$","?","?","E","R","E","T","E","M","E","M","M","R","B"],"character_chosen":"IRONCLAD","items_purchased":["Feed","Feel No Pain","Impervious","Feed"],"campfire_rested":0,"item_purchase_floors":[2,28,28,28],"current_hp_per_floor":[74,74,74,75,75,75,49,56,56,56,56,34,40,49,49,20,72,82,91,36,42,26,11,11,11,11,15,15,15,24,37,37,62,62,65,55,55,55,75,66,66,82,82,84,86,48,38,62,62,0],"gold":367,"neow_bonus":"THREE_ENEMY_KILL","is_prod":false,"is_daily":false,"chose_seed":false,"campfire_upgraded":3,"win_rate":0,"timestamp":1556738467,"path_taken":["M","$","?","?","M","R","E","M","T","R","?","E","M","M","R","BOSS","M","M","?","M","M","E","?","?","T","E","$","?","E","M","R","BOSS","M","?","$","?","?","E","R","E","T","E","M","E","M","?","R","BOSS"],"build_version":"2019-01-23","purchased_purges":2,"victory":false,"max_hp_per_floor":[75,75,75,75,75,75,78,81,81,81,81,81,85,89,89,89,89,93,97,97,97,97,97,97,97,97,97,97,48,51,58,58,62,62,65,65,65,65,75,79,79,83,83,96,100,100,100,103,103,103],"card_choices":[{"not_picked":["Havoc","Clash"],"picked":"Anger","floor":1.0},{"not_picked":["Sword Boomerang","Warcry"],"picked":"Metallicize","floor":4.0},{"not_picked":["Sword Boomerang","Sever Soul","Iron Wave"],"picked":"SKIP","floor":5.0},{"not_picked":["Wild Strike","Burning Pact"],"picked":"Shockwave","floor":7.0},{"not_picked":["Anger","Perfected Strike"],"picked":"Immolate","floor":8.0},{"not_picked":["Carnage","Battle Trance"],"picked":"Armaments","floor":12.0},{"not_picked":["Clash","Pommel Strike","Warcry"],"picked":"SKIP","floor":13.0},{"not_picked":["Havoc","Flex","Anger"],"picked":"SKIP","floor":14.0},{"not_picked":["Dark Embrace","Brutality"],"picked":"Barricade","floor":16.0},{"not_picked":["Twin Strike","Flex","Clothesline"],"picked":"SKIP","floor":18.0},{"not_picked":["Perfected Strike","Armaments","Searing Blow"],"picked":"SKIP","floor":19.0},{"not_picked":["Corruption","Perfected Strike"],"picked":"Flame Barrier","floor":20.0},{"not_picked":["Twin Strike","Pummel"],"picked":"Dropkick","floor":21.0},{"not_picked":["Rage","Sever Soul","Clash"],"picked":"SKIP","floor":22.0},{"not_picked":["Battle Trance","Twin Strike+1"],"picked":"Corruption","floor":23.0},{"not_picked":["Iron Wave","Clash"],"picked":"True Grit+1","floor":27.0},{"not_picked":["Iron Wave","Combust"],"picked":"Battle Trance+1","floor":30.0},{"not_picked":["Twin Strike","Wild Strike","Thunderclap+1"],"picked":"SKIP","floor":31.0},{"not_picked":["Demon Form","Dark Embrace"],"picked":"Juggernaut","floor":33.0},{"not_picked":["Blood for Blood","Heavy Blade"],"picked":"Headbutt","floor":35},{"not_picked":["Deep Breath","Madness"],"picked":"Panache","floor":36},{"not_picked":["Thinking Ahead","Swift Strike"],"picked":"Bandage Up","floor":36},{"not_picked":["Perfected Strike","Clothesline"],"picked":"Inflame+1","floor":38},{"not_picked":["Perfected Strike","Infernal Blade"],"picked":"Shrug It Off","floor":40},{"not_picked":["Flex","Pommel Strike"],"picked":"Battle Trance","floor":42},{"not_picked":["Second Wind","Wild Strike+1","Seeing Red+1"],"picked":"SKIP","floor":44},{"not_picked":["Sword Boomerang","Heavy Blade"],"picked":"Shrug It Off","floor":45},{"not_picked":["Warcry+1","Twin Strike"],"picked":"Feed","floor":46},{"not_picked":["Pommel Strike","Heavy Blade","Iron Wave"],"picked":"SKIP","floor":47},{"not_picked":["Warcry+1","Flex","Ghostly Armor"],"picked":"SKIP","floor":48}],"player_experience":369534,"relics_obtained":[{"floor":7.0,"key":"Shovel"},{"floor":9.0,"key":"Pantograph"},{"floor":12.0,"key":"Ancient Tea Set"},{"floor":15.0,"key":"PreservedInsect"},{"floor":23.0,"key":"Smiling Mask"},{"floor":26.0,"key":"Oddly Smooth Stone"},{"floor":27.0,"key":"Tiny Chest"},{"floor":30.0,"key":"Blood Vial"},{"floor":38,"key":"Thread and Needle"},{"floor":40,"key":"Matryoshka"},{"floor":41,"key":"Dream Catcher"},{"floor":42,"key":"Letter Opener"},{"floor":43,"key":"Boot"},{"floor":44,"key":"Pear"},{"floor":46,"key":"Whetstone"}],"event_choices":[{"damage_healed":0.0,"max_hp_gain":0.0,"max_hp_loss":0.0,"gold_gain":0.0,"event_name":"Match and Keep!","player_choice":"1 cards matched","floor":3.0,"gold_loss":0.0,"damage_taken":0.0,"cards_obtained":["Impervious"]},{"damage_healed":0.0,"max_hp_gain":0.0,"max_hp_loss":0.0,"gold_gain":0.0,"event_name":"Upgrade Shrine","player_choice":"Upgraded","floor":11.0,"gold_loss":0.0,"damage_taken":0.0,"cards_upgraded":["Feed"]},{"damage_healed":0.0,"max_hp_gain":0.0,"max_hp_loss":0.0,"gold_gain":0.0,"event_name":"The Mausoleum","player_choice":"Opened","floor":24.0,"gold_loss":0.0,"damage_taken":0.0,"relics_obtained":["Nunchaku"],"cards_obtained":["Writhe"]},{"damage_healed":0.0,"max_hp_gain":0.0,"max_hp_loss":0.0,"gold_gain":0.0,"event_name":"Addict","player_choice":"Obtained Relic","floor":25.0,"gold_loss":85.0,"damage_taken":0.0,"relics_obtained":["Pen Nib"]},{"damage_healed":0.0,"max_hp_gain":0.0,"max_hp_loss":49.0,"gold_gain":0.0,"event_name":"Ghosts","player_choice":"Became a Ghost","floor":29.0,"gold_loss":0.0,"damage_taken":0.0,"cards_obtained":["Ghostly","Ghostly","Ghostly"]},{"damage_healed":0,"gold_gain":0,"player_choice":"Memory 3","damage_taken":10,"max_hp_gain":0,"max_hp_loss":0,"event_name":"SensoryStone","floor":36,"gold_loss":0},{"damage_healed":0,"gold_gain":0,"player_choice":"Fight","damage_taken":0,"max_hp_gain":0,"max_hp_loss":0,"event_name":"Mysterious Sphere","floor":38,"gold_loss":0},{"cards_removed":["Panache"],"damage_healed":10,"gold_gain":0,"player_choice":"Offered Rare","damage_taken":0,"max_hp_gain":10,"max_hp_loss":0,"event_name":"Bonfire Elementals","floor":39,"gold_loss":0}],"is_beta":false,"boss_relics":[{"not_picked":["Runic Dome","Busted Crown"],"picked":"Velvet Choker"},{"not_picked":["Cursed Key","Runic Cube"],"picked":"Coffee Dripper"}],"items_purged_floors":[28,37],"is_endless":false,"potions_floor_spawned":[5,7,14,18,22,23,30,35,40,46,47,48],"killed_by":"Donu and Deca","ascension_level":15}