{"gold_per_floor":[111,127,138,138,155,184,184,219,244,254,254,254,264,274,274,369,369,380,399,399,413,413,413,428,456,549,596,608,648,421,454,454,554,554,566,36,54,74,174,174,205,217,243,253,253,263,16,31,31,31,31,31,31,62,62],"floor_reached":55,"playtime":3149,"items_purged":["Decay"],"score":828,"play_id":"3784f1ac-8272-4b7a-a965-3095796aa162","local_time":"20190313144652","is_ascension_mode":true,"campfire_choices":[{"data":"Cloak And Dagger","floor":7,"key":"SMITH"},{"floor":12,"key":"REST"},{"data":"Dash","floor":15,"key":"SMITH"},{"floor":23,"key":"REST"},{"floor":28,"key":"REST"},{"floor":32,"key":"REST"},{"floor":40,"key":"RECALL"},{"data":"After Image","floor":49,"key":"SMITH"},{"data":"Malaise","floor":52,"key":"SMITH"}],"neow_cost":"NONE","seed_source_timestamp":1000345529209679,"circlet_count":0,"master_deck":["Defend_G","Defend_G","Defend_G","Defend_G","Defend_G","Strike_G","Strike_G","Strike_G","Strike_G","Survivor","Neutralize","Backstab","PiercingWail","Noxious Fumes+1","Cloak And Dagger+1","Dagger Throw+1","Dash+1","Dash","Endless Agony+1","Blur","Malaise+1","Flying Knee","Blade Dance","Noxious Fumes+1","Cloak And Dagger","Caltrops","Infinite Blades","Panacea+1","Cloak And Dagger+1","After Image+1","Infinite Blades+1","Burst+1","Blade Dance+1","Parasite","Outmaneuver+1","Cloak And Dagger+1","Caltrops","Transmutation+1","Cloak And Dagger+1","Caltrops+1"],"relics":["Ring of the Snake","NeowsBlessing","Bronze Scales","Ancient Tea Set","PreservedInsect","WristBlade","Nilry\u0027s Codex","MawBank","Toxic Egg 2","Dodecahedron","Anchor","Potion Belt","White Beast Statue","Bird Faced Urn","Matryoshka","Darkstone Periapt","Whetstone","StoneCalendar"],"potions_floor_usage":[8,13,16,21,27,38,41,41,42,42,44,48,50,50,50,55,55],"damage_taken":[{"damage":0,"enemies":"Small Slimes","floor":1,"turns":1},{"damage":0,"enemies":"Cultist","floor":2,"turns":1},{"damage":0,"enemies":"2 Louse","floor":3,"turns":1},{"damage":0,"enemies":"Blue Slaver","floor":5,"turns":5},{"damage":23,"enemies":"Gremlin Nob","floor":6,"turns":5},{"damage":20,"enemies":"Lagavulin","floor":8,"turns":5},{"damage":0,"enemies":"Exordium Wildlife","floor":10,"turns":3},{"damage":0,"enemies":"Gremlin Gang","floor":13,"turns":3},{"damage":0,"enemies":"Blue Slaver","floor":14,"turns":2},{"damage":34,"enemies":"Slime Boss","floor":16,"turns":9},{"damage":0,"enemies":"Chosen","floor":18,"turns":5},{"damage":0,"enemies":"3 Byrds","floor":19,"turns":3},{"damage":16,"enemies":"Snake Plant","floor":21,"turns":5},{"damage":0,"enemies":"Chosen and Byrds","floor":24,"turns":6},{"damage":13,"enemies":"Book of Stabbing","floor":25,"turns":4},{"damage":9,"enemies":"Slavers","floor":27,"turns":4},{"damage":13,"enemies":"Gremlin Leader","floor":29,"turns":6},{"damage":6,"enemies":"Book of Stabbing","floor":31,"turns":5},{"damage":21,"enemies":"Champ","floor":33,"turns":10},{"damage":0,"enemies":"Orb Walker","floor":35,"turns":3},{"damage":4,"enemies":"3 Shapes","floor":37,"turns":6},{"damage":8,"enemies":"Jaw Worm Horde","floor":38,"turns":5},{"damage":4,"enemies":"Nemesis","floor":41,"turns":7},{"damage":13,"enemies":"3 Darklings","floor":42,"turns":5},{"damage":7,"enemies":"Writhing Mass","floor":44,"turns":8},{"damage":6,"enemies":"4 Shapes","floor":46,"turns":6},{"damage":0,"enemies":"3 Darklings","floor":48,"turns":6},{"damage":76,"enemies":"Donu and Deca","floor":50,"turns":12},{"damage":36,"enemies":"Shield and Spear","floor":54,"turns":6},{"damage":72,"enemies":"The Heart","floor":55,"turns":11}],"seed_played":"-1710155915766784952","potions_obtained":[{"floor":2,"key":"Weak Potion"},{"floor":3,"key":"SkillPotion"},{"floor":6,"key":"AttackPotion"},{"floor":13,"key":"Swift Potion"},{"floor":14,"key":"Explosive Potion"},{"floor":16,"key":"Dexterity Potion"},{"floor":24,"key":"SmokeBomb"},{"floor":29,"key":"Explosive Potion"},{"floor":31,"key":"SteroidPotion"},{"floor":33,"key":"Poison Potion"},{"floor":35,"key":"GhostInAJar"},{"floor":37,"key":"Poison Potion"},{"floor":38,"key":"Dexterity Potion"},{"floor":41,"key":"SpeedPotion"},{"floor":42,"key":"GhostInAJar"},{"floor":44,"key":"AttackPotion"},{"floor":46,"key":"EssenceOfSteel"},{"floor":48,"key":"GhostInAJar"},{"floor":54,"key":"Ancient Potion"}],"is_trial":false,"path_per_floor":["M","M","M","?","M","E","R","E","T","M","?","R","M","M","R","B",null,"M","M","?","M","?","R","M","E","T","E","R","E","$","E","R","B",null,"M","$","M","M","?","R","E","M","T","M","?","M","$","M","R","B",null,"R","$","E","B"],"character_chosen":"THE_SILENT","items_purchased":["Infinite Blades","Panacea+1","Bird Faced Urn","Matryoshka","Cloak And Dagger+1","Caltrops","Transmutation+1"],"campfire_rested":4,"item_purchase_floors":[30,30,36,36,47,47,47],"current_hp_per_floor":[70,70,70,70,70,47,47,27,27,27,27,48,48,48,48,14,70,70,70,54,38,38,59,59,46,46,37,58,45,45,39,60,39,70,70,70,68,68,68,68,70,61,61,72,72,76,76,76,76,8,76,76,76,46,0],"gold":62,"neow_bonus":"THREE_ENEMY_KILL","is_prod":false,"is_daily":false,"chose_seed":false,"campfire_upgraded":4,"win_rate":0,"timestamp":1552513612,"path_taken":["M","M","M","?","M","E","R","E","T","?","?","R","M","?","R","BOSS","M","M","?","M","?","R","M","E","T","E","R","E","?","E","R","BOSS","M","$","M","?","?","R","E","?","T","M","?","M","?","M","R","BOSS","R","$","E","BOSS"],"build_version":"2019-01-23","purchased_purges":1,"victory":false,"max_hp_per_floor":[70,70,70,70,70,70,70,70,70,70,70,70,70,70,70,70,70,70,70,70,70,70,70,70,70,70,70,70,70,70,70,70,70,70,70,70,70,70,70,70,70,70,70,76,76,76,76,76,76,76,76,76,76,76,76],"card_choices":[{"not_picked":["Acrobatics","Well Laid Plans"],"picked":"Backstab","floor":1},{"not_picked":["Finisher","Slice"],"picked":"PiercingWail","floor":2},{"not_picked":["Endless Agony","Prepared"],"picked":"Noxious Fumes","floor":3},{"not_picked":["Acrobatics","Flechettes"],"picked":"Cloak And Dagger","floor":5},{"not_picked":["Distraction","Flechettes"],"picked":"Dagger Throw","floor":6},{"not_picked":["Calculated Gamble","Sucker Punch"],"picked":"Dash","floor":8},{"not_picked":["Eviscerate","Deadly Poison"],"picked":"Dash","floor":10},{"not_picked":["Prepared","Deflect"],"picked":"Endless Agony","floor":13},{"not_picked":["Underhanded Strike","Predator"],"picked":"Blur","floor":14},{"not_picked":["Burst","Unload"],"picked":"Malaise","floor":16},{"not_picked":["Underhanded Strike","Acrobatics"],"picked":"Flying Knee","floor":18},{"not_picked":["Prepared","Quick Slash+1"],"picked":"Blade Dance","floor":19},{"not_picked":["Dagger Spray","Distraction"],"picked":"Noxious Fumes+1","floor":21},{"not_picked":["Glass Knife","Bane"],"picked":"Cloak And Dagger","floor":24},{"not_picked":["Slice","Riddle With Holes"],"picked":"Caltrops","floor":25},{"not_picked":["Bane","All Out Attack","Riddle With Holes"],"picked":"SKIP","floor":27},{"not_picked":["Slice","Riddle With Holes","Deflect+1"],"picked":"SKIP","floor":29},{"not_picked":["Poisoned Stab","Storm of Steel+1"],"picked":"Cloak And Dagger+1","floor":31},{"not_picked":["Glass Knife","Tools of the Trade"],"picked":"After Image","floor":33},{"not_picked":["Deadly Poison+1","Choke+1","Poisoned Stab"],"picked":"SKIP","floor":35},{"not_picked":["Prepared+1","Poisoned Stab"],"picked":"Infinite Blades+1","floor":37},{"not_picked":["Underhanded Strike+1","Flechettes+1"],"picked":"Burst+1","floor":38},{"not_picked":["Flechettes","Blur+1"],"picked":"Blade Dance+1","floor":41},{"not_picked":["Poisoned Stab+1","Riddle With Holes+1","Dagger Spray+1"],"picked":"SKIP","floor":42},{"not_picked":["Dagger Throw","Choke+1","Quick Slash+1"],"picked":"SKIP","floor":44},{"not_picked":["Poisoned Stab","Bouncing Flask+1"],"picked":"Outmaneuver+1","floor":46},{"not_picked":["Tactician+1","Quick Slash+1"],"picked":"Cloak And Dagger+1","floor":48},{"not_picked":["Deflect+1","Dagger Throw+1"],"picked":"Caltrops+1","floor":54}],"player_experience":15499,"relics_obtained":[{"floor":6,"key":"Bronze Scales"},{"floor":8,"key":"Ancient Tea Set"},{"floor":9,"key":"PreservedInsect"},{"floor":20,"key":"Nilry\u0027s Codex"},{"floor":25,"key":"MawBank"},{"floor":26,"key":"Toxic Egg 2"},{"floor":27,"key":"Dodecahedron"},{"floor":29,"key":"Anchor"},{"floor":31,"key":"Potion Belt"},{"floor":41,"key":"Darkstone Periapt"},{"floor":43,"key":"Whetstone"},{"floor":54,"key":"StoneCalendar"}],"event_choices":[{"damage_healed":0,"gold_gain":0,"player_choice":"Upgraded","damage_taken":0,"max_hp_gain":0,"max_hp_loss":0,"event_name":"Upgrade Shrine","floor":4,"gold_loss":0,"cards_upgraded":["Noxious Fumes"]},{"damage_healed":0,"gold_gain":0,"player_choice":"Cursed","damage_taken":0,"max_hp_gain":0,"max_hp_loss":0,"event_name":"Wheel of Change","floor":11,"gold_loss":0,"cards_obtained":["Decay"]},{"damage_healed":0,"gold_gain":0,"player_choice":"Obtained Book","damage_taken":16,"max_hp_gain":0,"max_hp_loss":0,"event_name":"Cursed Tome","floor":20,"gold_loss":0},{"damage_healed":0,"gold_gain":0,"player_choice":"Ignored","damage_taken":0,"max_hp_gain":0,"max_hp_loss":0,"event_name":"Vampires","floor":22,"gold_loss":0},{"damage_healed":0,"gold_gain":100,"player_choice":"Pray","damage_taken":0,"max_hp_gain":0,"max_hp_loss":0,"event_name":"Golden Shrine","floor":39,"gold_loss":0},{"cards_removed":["Strike_G"],"damage_healed":0,"gold_gain":0,"player_choice":"Removed Attack","damage_taken":0,"max_hp_gain":0,"max_hp_loss":0,"event_name":"Falling","floor":45,"gold_loss":0}],"is_beta":false,"boss_relics":[{"not_picked":["Ring of the Serpent","Philosopher\u0027s Stone"],"picked":"WristBlade"},{"not_picked":["Orrery","Eternal Feather"],"picked":"White Beast Statue"}],"items_purged_floors":[30],"is_endless":false,"potions_floor_spawned":[2,3,6,13,14,16,19,24,29,31,33,35,37,38,41,42,44,46,48,54],"killed_by":"The Heart","ascension_level":1}