{"gold_per_floor":[119,132,307,257,60,87,113,41,41,41,41,41,41,76,76,171,171,190,202,215,235,251,251,251,251,328,360,360,378,395,395,395,493,493,507,524,535,40,40],"floor_reached":39,"playtime":1813,"items_purged":["Strike_G"],"score":434,"play_id":"c6914f17-08b5-4904-8e72-703e16e58ec4","local_time":"20190310150016","is_ascension_mode":false,"campfire_choices":[{"data":"Well Laid Plans","floor":10,"key":"SMITH"},{"data":"Neutralize","floor":12,"key":"SMITH"},{"data":"Survivor","floor":15,"key":"SMITH"},{"floor":23,"key":"REST"},{"data":"A Thousand Cuts","floor":25,"key":"SMITH"},{"floor":28,"key":"REST"},{"floor":32,"key":"REST"}],"neow_cost":"NONE","seed_source_timestamp":743287344976987,"circlet_count":0,"master_deck":["Defend_G","Defend_G","Defend_G","Defend_G","Defend_G","Strike_G","Survivor+1","Neutralize+1","Well Laid Plans+1","Dagger Spray","Gash","Noxious Fumes+1","Ball Lightning","A Thousand Cuts+1","Flex+1","PiercingWail","PiercingWail+1","Beam Cell+1","Chill","Quick Slash+1","Coolheaded+1","True Grit","Bullet Time","Skewer+1","Distraction+1","Outmaneuver+1","Backstab+1","Capacitor+1","Infinite Blades","PiercingWail"],"relics":["Ring of the Snake","NeowsBlessing","PrismaticShard","Boot","Odd Mushroom","Kunai","GremlinMask","Snake Skull","Black Star","Molten Egg 2","Oddly Smooth Stone","Bottled Flame","Astrolabe","Shuriken"],"potions_floor_usage":[20,21,21,22,27,33,39],"damage_taken":[{"damage":0,"enemies":"2 Louse","floor":1,"turns":1},{"damage":0,"enemies":"Small Slimes","floor":2,"turns":1},{"damage":0,"enemies":"Gremlin Nob","floor":6,"turns":1},{"damage":16,"enemies":"The Mushroom Lair","floor":7,"turns":4},{"damage":12,"enemies":"Lagavulin","floor":14,"turns":6},{"damage":26,"enemies":"Slime Boss","floor":16,"turns":8},{"damage":18,"enemies":"Spheric Guardian","floor":18,"turns":6},{"damage":14,"enemies":"Shell Parasite","floor":19,"turns":7},{"damage":3,"enemies":"Centurion and Healer","floor":20,"turns":6},{"damage":10,"enemies":"Cultist and Chosen","floor":21,"turns":5},{"damage":28,"enemies":"Shelled Parasite and Fungi","floor":22,"turns":5},{"damage":22,"enemies":"Slavers","floor":27,"turns":5},{"damage":2,"enemies":"Chosen and Byrds","floor":29,"turns":7},{"damage":12,"enemies":"Snecko","floor":30,"turns":5},{"damage":13,"enemies":"Collector","floor":33,"turns":11},{"damage":19,"enemies":"Orb Walker","floor":35,"turns":5},{"damage":21,"enemies":"3 Darklings","floor":36,"turns":5},{"damage":20,"enemies":"Sphere and 2 Shapes","floor":37,"turns":7},{"damage":19,"enemies":"Maw","floor":39,"turns":7}],"seed_played":"-2893253992252896641","potions_obtained":[{"floor":1,"key":"GamblersBrew"},{"floor":7,"key":"Poison Potion"},{"floor":18,"key":"Fire Potion"},{"floor":20,"key":"Regen Potion"},{"floor":21,"key":"SkillPotion"},{"floor":30,"key":"SkillPotion"},{"floor":35,"key":"Dexterity Potion"},{"floor":37,"key":"Weak Potion"}],"is_trial":false,"path_per_floor":["M","M","?","?","$","E","?","$","T","R","?","R","?","E","R","B",null,"M","M","M","M","M","R","?","R","T","E","R","M","M","?","R","B",null,"M","M","M","$","M"],"character_chosen":"THE_SILENT","items_purchased":["PrismaticShard","Noxious Fumes","Shuriken","Infinite Blades","Dexterity Potion","PiercingWail"],"campfire_rested":3,"item_purchase_floors":[5,8,38,38,38,38],"current_hp_per_floor":[70,70,70,70,70,70,54,54,54,54,54,54,54,42,42,16,70,52,38,35,40,12,33,56,56,56,34,55,53,41,41,62,49,70,51,30,10,10,0],"gold":40,"neow_bonus":"THREE_ENEMY_KILL","is_prod":false,"is_daily":false,"chose_seed":false,"campfire_upgraded":4,"win_rate":0.0,"timestamp":1552255216,"path_taken":["M","M","?","?","$","E","?","$","T","R","?","R","?","E","R","BOSS","M","M","?","?","M","R","?","R","T","E","R","M","M","?","R","BOSS","M","?","M","$","M"],"build_version":"2019-01-23","purchased_purges":1,"victory":false,"max_hp_per_floor":[70,70,70,70,70,70,70,70,70,70,70,70,70,70,70,70,70,70,70,70,70,70,70,70,70,70,70,70,70,70,70,70,70,70,70,70,70,70,70],"card_choices":[{"not_picked":["Endless Agony","Flying Knee"],"picked":"Well Laid Plans","floor":1},{"not_picked":["Calculated Gamble","PiercingWail"],"picked":"Dagger Spray","floor":2},{"not_picked":["Loop","Sword Boomerang"],"picked":"Gash","floor":6},{"not_picked":["Prepared","White Noise"],"picked":"Ball Lightning","floor":14},{"not_picked":["Metamorphosis","Rainbow"],"picked":"A Thousand Cuts","floor":16},{"not_picked":["Good Instincts+1","Leap"],"picked":"Flex+1","floor":18},{"not_picked":["Heavy Blade","Streamline"],"picked":"PiercingWail","floor":19},{"not_picked":["Stack","Static Discharge"],"picked":"PiercingWail+1","floor":20},{"not_picked":["Sword Boomerang","Sucker Punch"],"picked":"Beam Cell+1","floor":21},{"not_picked":["Sucker Punch","Doom and Gloom+1"],"picked":"Chill","floor":22},{"not_picked":["PiercingWail","Choke+1"],"picked":"Quick Slash+1","floor":27},{"not_picked":["Auto Shields","Doom and Gloom+1"],"picked":"Coolheaded+1","floor":29},{"not_picked":["Clash+1","Compile Driver+1"],"picked":"True Grit","floor":30},{"not_picked":["Metamorphosis","HandOfGreed+1"],"picked":"Bullet Time","floor":33},{"not_picked":["Forethought+1","Thunderclap+1"],"picked":"Backstab+1","floor":35},{"not_picked":["Discovery","Barrage+1"],"picked":"Capacitor+1","floor":36},{"not_picked":["Cleave+1","True Grit","Forethought+1"],"picked":"SKIP","floor":37}],"player_experience":4733,"relics_obtained":[{"floor":6,"key":"Boot"},{"floor":7,"key":"Odd Mushroom"},{"floor":9,"key":"Kunai"},{"floor":14,"key":"Snake Skull"},{"floor":26,"key":"Molten Egg 2"},{"floor":27,"key":"Oddly Smooth Stone"},{"floor":27,"key":"Bottled Flame"}],"event_choices":[{"damage_healed":0,"gold_gain":175,"player_choice":"AGREE","damage_taken":0,"max_hp_gain":0,"max_hp_loss":0,"event_name":"Liars Game","floor":3,"gold_loss":0,"cards_obtained":["Doubt"]},{"cards_removed":["Doubt"],"damage_healed":0,"gold_gain":0,"player_choice":"Card Removal","damage_taken":0,"max_hp_gain":0,"max_hp_loss":0,"event_name":"The Cleric","floor":4,"gold_loss":50},{"damage_healed":0,"gold_gain":0,"player_choice":"Fought Mushrooms","damage_taken":0,"max_hp_gain":0,"max_hp_loss":0,"event_name":"Mushrooms","floor":7,"gold_loss":0},{"damage_healed":0,"gold_gain":0,"player_choice":"Grow","damage_taken":0,"max_hp_gain":0,"max_hp_loss":0,"event_name":"Living Wall","floor":11,"gold_loss":0,"cards_upgraded":["Noxious Fumes"]},{"damage_healed":0,"gold_gain":0,"player_choice":"Trade","damage_taken":0,"relics_obtained":["GremlinMask"],"max_hp_gain":0,"max_hp_loss":0,"event_name":"FaceTrader","floor":13,"gold_loss":0},{"damage_healed":23,"gold_gain":0,"player_choice":"Heal","damage_taken":0,"max_hp_gain":0,"max_hp_loss":0,"event_name":"The Library","floor":24,"gold_loss":0},{"damage_healed":0,"gold_gain":0,"player_choice":"Ignored","damage_taken":0,"max_hp_gain":0,"max_hp_loss":0,"event_name":"NoteForYourself","floor":31,"gold_loss":0}],"is_beta":false,"boss_relics":[{"not_picked":["White Beast Statue","Cursed Key"],"picked":"Black Star"},{"not_picked":["Snecko Eye","Empty Cage"],"picked":"Astrolabe"}],"items_purged_floors":[38],"is_endless":false,"potions_floor_spawned":[1,7,18,20,21,30,35,37],"killed_by":"Maw","ascension_level":0}