{"gold_per_floor":[112,131,149,167,167,167,198,198,198,198,212,231,251,262,262,365,365,380,655,665,677,677],"floor_reached":22,"playtime":1741,"items_purged":[],"score":221,"play_id":"2ed2fd2f-928e-4b67-ada5-71daff0910ea","local_time":"20190319105837","is_ascension_mode":true,"campfire_choices":[{"data":"Dark Embrace","floor":6.0,"key":"SMITH"},{"data":"Rampage","floor":8,"key":"SMITH"},{"floor":10,"key":"REST"},{"floor":15,"key":"REST"}],"neow_cost":"NONE","seed_source_timestamp":0,"circlet_count":0,"master_deck":["Strike_R","Strike_R","Strike_R","Strike_R","Defend_R","Defend_R","Defend_R","Defend_R","Bash","Blind","Armaments","Feel No Pain","Shrug It Off","Dark Embrace+1","Rampage+1","Pommel Strike","Flame Barrier","Feel No Pain","Intimidate","Feed","Havoc+1","Regret","Havoc+1","Headbutt+1"],"special_seed":0,"relics":["Burning Blood","Centennial Puzzle","Bottled Lightning","Black Star"],"potions_floor_usage":[21,21],"damage_taken":[{"damage":4.0,"enemies":"Cultist","floor":1.0,"turns":3.0},{"damage":2.0,"enemies":"Jaw Worm","floor":2.0,"turns":4.0},{"damage":9.0,"enemies":"Small Slimes","floor":3.0,"turns":5.0},{"damage":41.0,"enemies":"Gremlin Gang","floor":4.0,"turns":11.0},{"damage":18,"enemies":"3 Sentries","floor":7,"turns":9},{"damage":25,"enemies":"Lots of Slimes","floor":11,"turns":5},{"damage":3,"enemies":"2 Fungi Beasts","floor":12,"turns":4},{"damage":6,"enemies":"Looter","floor":13,"turns":3},{"damage":9,"enemies":"Exordium Thugs","floor":14,"turns":6},{"damage":24,"enemies":"The Guardian","floor":16,"turns":16},{"damage":12,"enemies":"Chosen","floor":18,"turns":10},{"damage":43,"enemies":"Spheric Guardian","floor":20,"turns":8},{"damage":29,"enemies":"Snake Plant","floor":21,"turns":7},{"damage":26,"enemies":"Centurion and Healer","floor":22,"turns":6}],"seed_played":"-272990155399568241","potions_obtained":[{"floor":2.0,"key":"BloodPotion"},{"floor":7,"key":"SpeedPotion"},{"floor":12,"key":"Fire Potion"},{"floor":13,"key":"SkillPotion"}],"is_trial":false,"path_per_floor":["M","M","M","M","?","R","E","R","T","R","M","M","M","M","R","B",null,"M","?","M","M","M"],"character_chosen":"IRONCLAD","items_purchased":[],"campfire_rested":2,"item_purchase_floors":[],"current_hp_per_floor":[80,80,77,42,42,42,30,30,30,54,35,38,38,35,59,41,80,74,74,37,22,0],"gold":677,"neow_bonus":"RANDOM_COLORLESS","is_prod":false,"is_daily":false,"chose_seed":false,"campfire_upgraded":2,"win_rate":0,"timestamp":1553014717,"path_taken":["M","M","?","M","?","R","E","R","T","R","M","M","M","M","R","BOSS","M","?","?","M","M"],"build_version":"2019-01-23","purchased_purges":0,"victory":false,"max_hp_per_floor":[80,80,80,80,80,80,80,80,80,80,80,80,80,80,80,80,80,80,80,80,80,80],"card_choices":[{"not_picked":["True Grit","Seeing Red"],"picked":"Armaments","floor":1.0},{"not_picked":["Evolve","Wild Strike"],"picked":"Feel No Pain","floor":2.0},{"not_picked":["Perfected Strike","Heavy Blade"],"picked":"Shrug It Off","floor":3.0},{"not_picked":["Heavy Blade","Cleave"],"picked":"Dark Embrace","floor":4.0},{"not_picked":["Iron Wave","Entrench"],"picked":"Pommel Strike","floor":7},{"not_picked":["Reckless Charge","Pommel Strike"],"picked":"Flame Barrier","floor":11},{"not_picked":["Sword Boomerang","Fire Breathing","Thunderclap"],"picked":"SKIP","floor":12},{"not_picked":["Sword Boomerang","Twin Strike"],"picked":"Feel No Pain","floor":13},{"not_picked":["Heavy Blade","Iron Wave"],"picked":"Intimidate","floor":14},{"not_picked":["Dark Embrace","Demon Form"],"picked":"Feed","floor":16},{"not_picked":["Body Slam+1","True Grit"],"picked":"Havoc+1","floor":18},{"not_picked":["Headbutt+1","Sword Boomerang+1"],"picked":"Havoc+1","floor":20},{"not_picked":["Pummel","Pommel Strike"],"picked":"Headbutt+1","floor":21}],"player_experience":275874,"relics_obtained":[{"floor":7,"key":"Centennial Puzzle"},{"floor":9,"key":"Bottled Lightning"}],"event_choices":[{"damage_healed":0.0,"max_hp_gain":0.0,"max_hp_loss":0.0,"gold_gain":0.0,"cards_transformed":["Strike_R"],"event_name":"Living Wall","player_choice":"Change","floor":5.0,"gold_loss":0.0,"damage_taken":0.0,"cards_obtained":["Rampage"]},{"damage_healed":0,"gold_gain":275,"player_choice":"Desecrate","damage_taken":0,"max_hp_gain":0,"max_hp_loss":0,"event_name":"Golden Shrine","floor":19,"gold_loss":0,"cards_obtained":["Regret"]}],"is_beta":false,"boss_relics":[{"not_picked":["Ectoplasm","Lizard Tail"],"picked":"Black Star"}],"items_purged_floors":[],"is_endless":false,"potions_floor_spawned":[2,7,12,13,18],"killed_by":"Centurion and Healer","ascension_level":3}