{"gold_per_floor":[119,130,148,164,88,115,131,146,194,224,224,250,263,263],"floor_reached":14,"playtime":731,"items_purged":[],"score":130,"play_id":"947a71ee-1365-454b-bdd4-7e19b94739d8","local_time":"20180816043442","is_ascension_mode":true,"campfire_choices":[{"data":"Bludgeon","floor":11,"key":"SMITH"}],"neow_cost":"NONE","seed_source_timestamp":64430737416711,"circlet_count":0,"master_deck":["Strike_R","Strike_R","Strike_R","Strike_R","Strike_R","Defend_R","Defend_R","Defend_R","Defend_R","Bash","Disarm","Clothesline","Pommel Strike","Spot Weakness","Fiend Fire","Bludgeon+1","Uppercut","Headbutt","Iron Wave","Disarm","Flame Barrier"],"relics":["Burning Blood","Ice Cream","Ancient Tea Set","Gremlin Horn","Odd Mushroom"],"potions_floor_usage":[10,12],"damage_taken":[{"damage":4,"enemies":"2 Louse","floor":1,"turns":3},{"damage":7,"enemies":"Small Slimes","floor":2,"turns":3},{"damage":1,"enemies":"Cultist","floor":3,"turns":4},{"damage":9,"enemies":"3 Louse","floor":4,"turns":5},{"damage":25,"enemies":"3 Sentries","floor":6,"turns":5},{"damage":7,"enemies":"Blue Slaver","floor":7,"turns":3},{"damage":26,"enemies":"Exordium Wildlife","floor":8,"turns":5},{"damage":8,"enemies":"Lagavulin","floor":10,"turns":7},{"damage":21,"floor":12,"turns":4},{"damage":10,"enemies":"3 Louse","floor":13,"turns":2},{"damage":24,"enemies":"Lots of Slimes","floor":14,"turns":2}],"seed_played":"8366090710640738578","potions_obtained":[{"floor":7,"key":"FearPotion"},{"floor":8,"key":"Ancient Potion"},{"floor":10,"key":"Fruit Juice"}],"is_trial":false,"path_per_floor":["M","M","M","M","$","E","M","M","T","E","R","?","M"],"character_chosen":"IRONCLAD","items_purchased":["Bludgeon"],"campfire_rested":0,"item_purchase_floors":[5],"current_hp_per_floor":[80,79,80,77,77,58,57,37,37,35,35,25,21,0],"gold":263,"neow_bonus":"THREE_CARDS","is_prod":false,"is_daily":false,"chose_seed":false,"campfire_upgraded":1,"win_rate":0,"timestamp":1534419282,"path_taken":["M","M","M","M","$","E","M","M","T","E","R","?","M","M"],"build_version":"2018-08-09","purchased_purges":0,"victory":false,"max_hp_per_floor":[80,80,80,80,80,80,80,80,80,80,80,85,85,85],"card_choices":[{"not_picked":["Twin Strike","Combust"],"picked":"Disarm","floor":0},{"not_picked":["Pommel Strike","Twin Strike"],"picked":"Clothesline","floor":1},{"not_picked":["Sentinel","Havoc"],"picked":"Pommel Strike","floor":2},{"not_picked":["Perfected Strike","Anger"],"picked":"Spot Weakness","floor":3},{"not_picked":["True Grit","Sword Boomerang"],"picked":"Fiend Fire","floor":4},{"not_picked":["Ghostly Armor","Pommel Strike"],"picked":"Uppercut","floor":6},{"not_picked":["Twin Strike","Dark Embrace"],"picked":"Headbutt","floor":7},{"not_picked":["Flex","Rupture"],"picked":"Iron Wave","floor":8},{"not_picked":["Clash","Shrug It Off"],"picked":"Disarm","floor":10},{"not_picked":["Entrench","Cleave"],"picked":"Flame Barrier","floor":13}],"player_experience":81880,"relics_obtained":[{"floor":6,"key":"Ice Cream"},{"floor":9,"key":"Ancient Tea Set"},{"floor":10,"key":"Gremlin Horn"},{"floor":12,"key":"Odd Mushroom"}],"event_choices":[{"event_name":"Mushrooms","player_choice":"Fought Mushrooms","floor":12,"damage_taken":0}],"is_beta":false,"boss_relics":[],"items_purged_floors":[],"is_endless":false,"potions_floor_spawned":[7,8,10],"killed_by":"Lots of Slimes","ascension_level":5}