{"gold_per_floor":[113,113,113,138,153,153,177,198,198,198,20,34,73,73,73,201,201,226,226,239,85,85,85,99,99,151,164,164,202,11,36,36,36],"floor_reached":33,"playtime":2713,"items_purged":["Strike_R"],"score":360,"play_id":"69ab0c37-6f82-40b1-b698-a10500fa6cbc","local_time":"20190419084540","is_ascension_mode":true,"campfire_choices":[{"floor":6,"key":"REST"},{"data":"Armaments","floor":10,"key":"SMITH"},{"data":"True Grit","floor":15,"key":"SMITH"},{"floor":23,"key":"REST"},{"data":"Uppercut","floor":25,"key":"SMITH"},{"floor":32,"key":"REST"}],"neow_cost":"PERCENT_DAMAGE","seed_source_timestamp":55609137777900,"circlet_count":0,"master_deck":["Defend_R+1","Defend_R+1","Bash","Wild Strike","Shrug It Off","Armaments+1","Anger","True Grit+1","Uppercut+1","Cleave","Battle Trance","Double Tap","Shrug It Off","Dual Wield+1","Iron Wave","Whirlwind","Shockwave"],"relics":["Burning Blood","Golden Idol","Mercury Hourglass","Pocketwatch","Empty Cage","Enchiridion","War Paint","Bronze Scales","Darkstone Periapt","Lantern"],"potions_floor_usage":[27,29,33,33],"damage_taken":[{"damage":9,"enemies":"Small Slimes","floor":1,"turns":6},{"damage":0,"enemies":"2 Louse","floor":4,"turns":5},{"damage":0,"enemies":"Cultist","floor":5,"turns":5},{"damage":0,"enemies":"Large Slime","floor":7,"turns":5},{"damage":18,"enemies":"Exordium Wildlife","floor":8,"turns":6},{"damage":0,"enemies":"Blue Slaver","floor":12,"turns":3},{"damage":10,"enemies":"3 Sentries","floor":13,"turns":4},{"damage":23,"enemies":"Hexaghost","floor":16,"turns":7},{"damage":24,"enemies":"2 Thieves","floor":18,"turns":3},{"damage":5,"enemies":"Spheric Guardian","floor":20,"turns":4},{"damage":15,"enemies":"Snake Plant","floor":24,"turns":3},{"damage":9,"enemies":"Shelled Parasite and Fungi","floor":27,"turns":5},{"damage":11,"enemies":"Book of Stabbing","floor":29,"turns":5},{"damage":3,"enemies":"Snecko","floor":31,"turns":4},{"damage":122,"enemies":"Automaton","floor":33,"turns":12}],"seed_played":"-5343129963122799568","potions_obtained":[{"floor":13,"key":"Explosive Potion"},{"floor":16,"key":"Swift Potion"},{"floor":18,"key":"Energy Potion"},{"floor":24,"key":"BloodPotion"},{"floor":27,"key":"GamblersBrew"}],"is_trial":false,"path_per_floor":["?","?","M","?","?","?","?","$"],"character_chosen":"IRONCLAD","items_purchased":["Poison Potion","Block Potion","War Paint","Lantern","Whirlwind"],"campfire_rested":3,"item_purchase_floors":[11,11,21,30,30],"current_hp_per_floor":[48,28,28,34,40,64,70,58,58,58,58,64,60,60,60,43,71,53,37,38,38,38,62,53,53,53,58,58,53,53,56,80,0],"gold":36,"neow_bonus":"REMOVE_TWO","is_prod":false,"is_daily":false,"chose_seed":false,"campfire_upgraded":3,"win_rate":0,"timestamp":1555685140,"path_taken":["M","?","?","M","?","R","M","M","T","R","$","M","E","?","R","BOSS","M","?","M","$","?","R","M","R","T","M","?","E","?","M","R","BOSS"],"build_version":"2019-01-23","purchased_purges":1,"victory":false,"max_hp_per_floor":[80,80,80,80,80,80,80,80,80,80,80,80,80,80,80,80,80,80,80,80,80,80,80,80,80,80,80,80,80,80,80,80,80],"card_choices":[{"not_picked":["Perfected Strike","True Grit"],"picked":"Wild Strike","floor":1},{"not_picked":["Searing Blow","Impervious"],"picked":"Armaments","floor":4},{"not_picked":["Sword Boomerang","Spot Weakness"],"picked":"Anger","floor":5},{"not_picked":["Reckless Charge","Shrug It Off"],"picked":"True Grit","floor":7},{"not_picked":["Intimidate","Thunderclap"],"picked":"Uppercut","floor":8},{"not_picked":["Shrug It Off","Clothesline"],"picked":"Cleave","floor":12},{"not_picked":["Shrug It Off","Heavy Blade"],"picked":"Battle Trance","floor":13},{"not_picked":["Clothesline","Headbutt","Clash"],"picked":"SKIP","floor":18},{"not_picked":["Clothesline+1","Body Slam","Wild Strike"],"picked":"SKIP","floor":20},{"not_picked":["Sword Boomerang","Sever Soul"],"picked":"Shrug It Off","floor":24},{"not_picked":["Brutality","Wild Strike"],"picked":"Dual Wield+1","floor":27},{"not_picked":["Shrug It Off","Wild Strike"],"picked":"Iron Wave","floor":29},{"not_picked":["Body Slam","Shrug It Off+1"],"picked":"Shockwave","floor":31}],"player_experience":577322,"relics_obtained":[{"floor":9,"key":"Mercury Hourglass"},{"floor":13,"key":"Pocketwatch"},{"floor":19,"key":"Enchiridion"},{"floor":26,"key":"Bronze Scales"},{"floor":29,"key":"Darkstone Periapt"}],"event_choices":[{"damage_healed":0,"gold_gain":0,"player_choice":"Take Damage","damage_taken":20,"relics_obtained":["Golden Idol"],"max_hp_gain":0,"max_hp_loss":0,"event_name":"Golden Idol","floor":2,"gold_loss":0},{"damage_healed":0,"gold_gain":0,"cards_transformed":["Strike_R"],"player_choice":"Transformed","damage_taken":0,"max_hp_gain":0,"max_hp_loss":0,"event_name":"Transmorgrifier","floor":3,"gold_loss":0,"cards_obtained":["Shrug It Off"]},{"damage_healed":0,"gold_gain":0,"cards_transformed":["Strike_R"],"player_choice":"Change","damage_taken":0,"max_hp_gain":0,"max_hp_loss":0,"event_name":"Living Wall","floor":14,"gold_loss":0,"cards_obtained":["Double Tap"]},{"damage_healed":0,"gold_gain":0,"player_choice":"Obtained Book","damage_taken":16,"max_hp_gain":0,"max_hp_loss":0,"event_name":"Cursed Tome","floor":19,"gold_loss":0},{"damage_healed":0,"gold_gain":0,"player_choice":"Ignored","damage_taken":0,"max_hp_gain":0,"max_hp_loss":0,"event_name":"Vampires","floor":22,"gold_loss":0},{"damage_healed":0,"gold_gain":0,"player_choice":"Ignored","damage_taken":0,"max_hp_gain":0,"max_hp_loss":0,"event_name":"Ghosts","floor":28,"gold_loss":0}],"is_beta":false,"boss_relics":[{"not_picked":["Snecko Eye","Coffee Dripper"],"picked":"Empty Cage"}],"items_purged_floors":[11],"is_endless":false,"potions_floor_spawned":[13,16,18,24,27],"killed_by":"Automaton","ascension_level":7}