{"gold_per_floor":[114,74,94,104,55,84,84,98,98,110,110,110,126,154,154,251,251,270,270,281,7,40,40,40],"floor_reached":24,"playtime":1176,"items_purged":["Strike_R"],"score":252,"play_id":"ff2745f2-0394-43fa-91a0-0b0f9e389757","local_time":"20190318103425","is_ascension_mode":true,"campfire_choices":[{"floor":7,"key":"REST"},{"floor":12,"key":"REST"},{"data":"Heavy Blade","floor":15,"key":"SMITH"},{"floor":23,"key":"REST"}],"neow_cost":"PERCENT_DAMAGE","seed_source_timestamp":393679094822322,"circlet_count":0,"master_deck":["Strike_R","Strike_R","Defend_R","Defend_R","Defend_R","Bash","Spot Weakness","Spot Weakness","Shrug It Off","Heavy Blade+1","Demon Form","Cleave","Clothesline","Battle Trance","Heavy Blade","Limit Break","Intimidate","Rampage+1","Iron Wave+1"],"relics":["Burning Blood","Potion Belt","Pear","Champion Belt","Black Star","Brimstone","Red Mask"],"potions_floor_usage":[1,14,14,20,22,22,24,24,24],"damage_taken":[{"damage":14,"enemies":"Jaw Worm","floor":1,"turns":5},{"damage":1,"enemies":"Cultist","floor":3,"turns":3},{"damage":9,"enemies":"Small Slimes","floor":4,"turns":4},{"damage":34,"enemies":"Lagavulin","floor":6,"turns":6},{"damage":14,"enemies":"2 Fungi Beasts","floor":8,"turns":4},{"damage":14,"enemies":"Red Slaver","floor":10,"turns":2},{"damage":6,"enemies":"3 Louse","floor":13,"turns":4},{"damage":15,"enemies":"3 Sentries","floor":14,"turns":5},{"damage":21,"enemies":"Hexaghost","floor":16,"turns":7},{"damage":33,"enemies":"3 Byrds","floor":18,"turns":6},{"damage":48,"enemies":"Spheric Guardian","floor":20,"turns":6},{"damage":20,"enemies":"Masked Bandits","floor":22,"turns":4},{"damage":63,"enemies":"Slavers","floor":24,"turns":3}],"seed_played":"-3171822431615118490","potions_obtained":[{"floor":1,"key":"Fruit Juice"},{"floor":2,"key":"Fire Potion"},{"floor":2,"key":"SpeedPotion"},{"floor":2,"key":"GamblersBrew"},{"floor":6,"key":"EssenceOfSteel"},{"floor":8,"key":"Swift Potion"},{"floor":10,"key":"Dexterity Potion"},{"floor":16,"key":"SkillPotion"},{"floor":19,"key":"AttackPotion"},{"floor":20,"key":"EntropicBrew"}],"is_trial":false,"path_per_floor":["M","?","M","M","$","E","R","M","T","M","?","R","M","E","R","B",null,"M","?","M","$","?","R","E"],"character_chosen":"IRONCLAD","items_purchased":["Heavy Blade","Brimstone"],"campfire_rested":3,"item_purchase_floors":[5,21],"current_hp_per_floor":[53,53,58,55,55,27,52,44,54,46,39,67,67,58,58,43,95,68,68,26,26,12,40,0],"gold":40,"neow_bonus":"REMOVE_TWO","is_prod":false,"is_daily":false,"chose_seed":false,"campfire_upgraded":1,"win_rate":0,"timestamp":1552926865,"path_taken":["M","?","M","M","$","E","R","M","T","?","?","R","M","E","R","BOSS","M","?","?","$","?","R","E"],"build_version":"2019-01-23","purchased_purges":1,"victory":false,"max_hp_per_floor":[85,85,85,85,85,85,85,85,95,95,95,95,95,95,95,95,95,95,95,95,95,95,95,95],"card_choices":[{"not_picked":["Reckless Charge","Burning Pact"],"picked":"Spot Weakness","floor":1},{"not_picked":["Perfected Strike","Clash"],"picked":"Spot Weakness","floor":3},{"not_picked":["Flex","Burning Pact"],"picked":"Shrug It Off","floor":4},{"not_picked":["Clothesline","Sword Boomerang"],"picked":"Demon Form","floor":6},{"not_picked":["Disarm","Reckless Charge"],"picked":"Cleave","floor":8},{"not_picked":["Fire Breathing","Perfected Strike"],"picked":"Clothesline","floor":10},{"not_picked":["Armaments","Pummel"],"picked":"Battle Trance","floor":13},{"not_picked":["Hemokinesis","Pummel"],"picked":"Heavy Blade","floor":14},{"not_picked":["Exhume","Impervious"],"picked":"Limit Break","floor":16},{"not_picked":["Combust","Carnage"],"picked":"Intimidate","floor":18},{"not_picked":["Havoc","Combust"],"picked":"Rampage+1","floor":20},{"not_picked":["Dual Wield","Infernal Blade"],"picked":"Iron Wave+1","floor":22}],"player_experience":247853,"relics_obtained":[{"floor":6,"key":"Potion Belt"},{"floor":9,"key":"Pear"},{"floor":14,"key":"Champion Belt"},{"floor":22,"key":"Red Mask"}],"event_choices":[{"damage_healed":0,"gold_gain":0,"player_choice":"Bought 3 Potions","damage_taken":0,"max_hp_gain":0,"max_hp_loss":0,"event_name":"The Woman in Blue","floor":2,"gold_loss":0},{"cards_removed":["Strike_R"],"damage_healed":0,"gold_gain":0,"player_choice":"Card Removal","damage_taken":7,"max_hp_gain":0,"max_hp_loss":0,"event_name":"Golden Wing","floor":11,"gold_loss":0},{"damage_healed":0,"gold_gain":0,"player_choice":"Got Potions","damage_taken":0,"max_hp_gain":0,"max_hp_loss":0,"event_name":"Lab","floor":19,"gold_loss":0},{"damage_healed":0,"gold_gain":0,"player_choice":"Fought Bandits","damage_taken":0,"max_hp_gain":0,"max_hp_loss":0,"event_name":"Masked Bandits","floor":22,"gold_loss":0}],"is_beta":false,"boss_relics":[{"not_picked":["Ectoplasm","Philosopher\u0027s Stone"],"picked":"Black Star"}],"items_purged_floors":[21],"is_endless":false,"potions_floor_spawned":[1,6,8,10,16,20],"killed_by":"Slavers","ascension_level":2}