{"gold_per_floor":[111,111,123,48,48,48,48,66,66,76,94,94,109,109],"floor_reached":14,"playtime":415,"items_purged":["Strike_B"],"score":94,"play_id":"12a70ab0-36ad-40a2-96bd-5fe2dc72b81f","local_time":"20181123235444","is_ascension_mode":true,"campfire_choices":[{"data":"Scrape","floor":6,"key":"SMITH"}],"neow_cost":"NONE","seed_source_timestamp":556376360784622,"circlet_count":0,"master_deck":["Strike_B","Strike_B","Strike_B","Defend_B","Defend_B","Defend_B","Zap","Dualcast","Scrape+1","Beam Cell","Defragment"],"relics":["Cracked Core","Symbiotic Virus"],"potions_floor_usage":[13],"damage_taken":[{"damage":1,"enemies":"Cultist","floor":1,"turns":3},{"damage":9,"enemies":"Jaw Worm","floor":3,"turns":3},{"damage":9,"enemies":"2 Louse","floor":8,"turns":2},{"damage":1,"enemies":"Looter","floor":10,"turns":2},{"damage":37,"enemies":"Exordium Thugs","floor":11,"turns":3},{"damage":10,"enemies":"Gremlin Gang","floor":13,"turns":3},{"damage":14,"enemies":"Exordium Wildlife","floor":14,"turns":1}],"seed_played":"5249188414486246633","potions_obtained":[{"floor":11,"key":"FearPotion"},{"floor":13,"key":"Ancient Potion"}],"is_trial":false,"path_per_floor":["M","T","M","$","?","R","?","M","T","M","M","$","M","M"],"character_chosen":"DEFECT","items_purchased":[],"campfire_rested":0,"item_purchase_floors":[],"current_hp_per_floor":[81,81,72,72,65,65,65,56,56,55,18,18,8,0],"gold":109,"neow_bonus":"TEN_PERCENT_HP_BONUS","is_prod":false,"is_daily":false,"chose_seed":false,"campfire_upgraded":1,"win_rate":0,"timestamp":1543013684,"path_taken":["M","?","M","$","?","R","?","M","T","M","M","$","M","M"],"build_version":"2018-11-15","purchased_purges":1,"victory":false,"max_hp_per_floor":[82,82,82,82,82,82,82,82,82,82,82,82,82,82],"card_choices":[{"not_picked":["Coolheaded","Conserve Battery"],"picked":"Scrape","floor":1},{"not_picked":["Sweeping Beam","Storm","Aggregate"],"picked":"SKIP","floor":3},{"not_picked":["Stack","Undo"],"picked":"Beam Cell","floor":8},{"not_picked":["Sunder","Steam"],"picked":"Defragment","floor":10},{"not_picked":["Melter","Reprogram","Leap"],"picked":"SKIP","floor":11},{"not_picked":["Compile Driver","Leap","Rebound"],"picked":"SKIP","floor":13}],"player_experience":239711,"relics_obtained":[{"floor":9,"key":"Symbiotic Virus"}],"event_choices":[{"cards_removed":["Defend_B"],"damage_healed":0,"gold_gain":0,"player_choice":"Card Removal","damage_taken":7,"max_hp_gain":0,"max_hp_loss":0,"event_name":"Golden Wing","floor":5,"gold_loss":0},{"damage_healed":0,"gold_gain":0,"player_choice":"Ignored","damage_taken":0,"max_hp_gain":0,"max_hp_loss":0,"event_name":"Liars Game","floor":7,"gold_loss":0}],"is_beta":false,"boss_relics":[],"items_purged_floors":[4],"is_endless":false,"potions_floor_spawned":[11,13],"killed_by":"Exordium Wildlife","ascension_level":3}