{"gold_per_floor":[117,117,5,25,36,63,83,83,83,115,115,173,173,205,205,205],"floor_reached":16,"playtime":913,"items_purged":["Strike_R"],"score":159,"play_id":"d4957f2b-92e7-4f97-a0f7-7f5b7bc52de3","local_time":"20190507000109","is_ascension_mode":true,"campfire_choices":[{"floor":8,"key":"REST"},{"floor":15,"key":"REST"}],"neow_cost":"NONE","seed_source_timestamp":407975940891808,"circlet_count":0,"master_deck":["Strike_R","Strike_R","Strike_R","Strike_R","Defend_R","Defend_R","Defend_R","Defend_R","Bash","Metallicize","Battle Trance","Impervious"],"relics":["Burning Blood","Regal Pillow","Art of War","The Courier","Orichalcum","Bag of Preparation","Lantern"],"potions_floor_usage":[5,6,6,6,6,6,10,10,10,10,12,14,16],"damage_taken":[{"damage":7,"enemies":"2 Louse","floor":1,"turns":3},{"damage":5,"enemies":"Cultist","floor":4,"turns":4},{"damage":6,"enemies":"Jaw Worm","floor":5,"turns":4},{"damage":36,"enemies":"Lagavulin","floor":6,"turns":7},{"damage":18,"enemies":"3 Louse","floor":7,"turns":6},{"damage":18,"enemies":"Gremlin Nob","floor":10,"turns":4},{"damage":27,"enemies":"3 Sentries","floor":12,"turns":13},{"damage":22,"enemies":"Lagavulin","floor":14,"turns":6},{"damage":84,"enemies":"Slime Boss","floor":16,"turns":13}],"seed_played":"2411278468240546031","potions_obtained":[{"floor":2,"key":"Weak Potion"},{"floor":2,"key":"Swift Potion"},{"floor":2,"key":"EntropicBrew"},{"floor":7,"key":"EntropicBrew"},{"floor":10,"key":"LiquidBronze"},{"floor":12,"key":"Poison Potion"},{"floor":14,"key":"EssenceOfSteel"}],"is_trial":false,"path_per_floor":["M","?","$","M","M","E","M","R","T","E","?","?","T","E","R","B"],"character_chosen":"IRONCLAD","items_purchased":["Metallicize"],"campfire_rested":2,"item_purchase_floors":[3],"current_hp_per_floor":[79,79,79,80,80,55,43,84,84,72,72,51,51,35,76,0],"gold":205,"neow_bonus":"TEN_PERCENT_HP_BONUS","is_prod":false,"is_daily":false,"chose_seed":false,"campfire_upgraded":0,"win_rate":0,"timestamp":1557180069,"path_taken":["M","?","$","M","?","E","M","R","T","E","?","?","?","E","R","BOSS"],"build_version":"2019-01-23","purchased_purges":1,"victory":false,"max_hp_per_floor":[88,88,88,88,88,88,88,88,88,88,88,88,88,88,88,88],"card_choices":[{"not_picked":["Cleave","Headbutt","Clothesline"],"picked":"SKIP","floor":1},{"not_picked":["Havoc","Thunderclap","Headbutt"],"picked":"SKIP","floor":4},{"not_picked":["True Grit","Twin Strike","Disarm"],"picked":"SKIP","floor":5},{"not_picked":["Shrug It Off","Second Wind"],"picked":"Battle Trance","floor":6},{"not_picked":["Clothesline","Exhume","Perfected Strike"],"picked":"SKIP","floor":7},{"not_picked":["Dropkick","Clothesline","Rage"],"picked":"SKIP","floor":10},{"not_picked":["Sword Boomerang","Twin Strike"],"picked":"Impervious","floor":14}],"player_experience":417494,"relics_obtained":[{"floor":6,"key":"Regal Pillow"},{"floor":9,"key":"Art of War"},{"floor":10,"key":"The Courier"},{"floor":13,"key":"Bag of Preparation"},{"floor":14,"key":"Lantern"}],"event_choices":[{"damage_healed":0,"gold_gain":0,"player_choice":"Got Potions","damage_taken":0,"max_hp_gain":0,"max_hp_loss":0,"event_name":"Lab","floor":2,"gold_loss":0},{"damage_healed":0,"gold_gain":0,"player_choice":"Ignored","damage_taken":0,"max_hp_gain":0,"max_hp_loss":0,"event_name":"Shining Light","floor":11,"gold_loss":0},{"damage_healed":0,"gold_gain":0,"player_choice":"Searched \u00272\u0027 times","damage_taken":0,"relics_obtained":["Orichalcum"],"max_hp_gain":0,"max_hp_loss":0,"event_name":"Dead Adventurer","floor":12,"gold_loss":0}],"is_beta":false,"boss_relics":[],"items_purged_floors":[3],"is_endless":false,"potions_floor_spawned":[7,10,12,14],"killed_by":"Slime Boss","ascension_level":7}