{"path_per_floor":["M","M","M","$","?","E","R","M","T","?","?","M","E","$","R","B",null,"M","M","?","?","M","E","R","M","T","$","M","M","R","T","R","B",null,"M","$","M","?","M","R","E","R","T","M","M","R","T","M","R","B"],"character_chosen":"IRONCLAD","items_purchased":["Clothesline","Metallicize","Shrug It Off","Heavy Blade","Cleave","Body Slam","Perfected Strike","Frozen Egg","Uppercut"],"gold_per_floor":[114,128,147,45,45,70,70,89,89,146,146,157,185,64,64,164,164,177,191,191,191,210,239,239,250,250,29,47,67,67,67,67,172,172,188,33,51,0,18,18,48,48,48,67,83,83,159,171,171,171],"floor_reached":51,"campfire_rested":3,"playtime":6331,"current_hp_per_floor":[80,80,80,80,77,61,80,79,79,78,83,85,78,78,78,39,85,84,77,61,61,56,61,88,92,92,92,81,78,78,78,78,59,92,88,88,92,92,66,92,80,80,94,98,106,106,106,106,106,64],"items_purged":["Defend_R"],"gold":171,"play_id":"12a926a4-7207-4e6a-ab7f-548da943b8a8","is_prod":false,"is_daily":false,"is_ascension_mode":false,"campfire_upgraded":3,"path_taken":["M","M","M","$","?","E","R","M","T","?","?","?","E","?","R","BOSS","M","M","?","?","?","E","R","M","T","?","M","M","R","?","R","BOSS","M","$","M","?","M","R","E","R","T","?","M","R","?","M","R","BOSS"],"build_version":"2018-01-25-PROD3","purchased_purges":1,"victory":true,"master_deck":["Strike_R","Strike_R","Strike_R","Strike_R","Strike_R","Defend_R","Bash","Shrug It Off+1","Flame Barrier+1","Whirlwind","Clothesline","Metallicize+1","Pommel Strike","Dropkick","Flame Barrier","Reaper","Thunderclap","Shrug It Off","Heavy Blade","Cleave","Feed","Shrug It Off+1","Clash","Combust","Rage","Feel No Pain+1","Dual Wield","Body Slam+1","Perfected Strike","Headbutt+1","Inflame+1","Juggernaut","Body Slam+1","Uppercut","Flame Barrier+1","Pommel Strike+1","Shrug It Off+1","Shockwave+1","Heavy Blade"],"max_hp_per_floor":[80,80,80,80,80,80,80,80,80,80,85,85,85,85,85,85,85,85,85,85,85,85,92,92,92,92,92,92,92,92,92,92,92,92,92,92,92,92,92,92,92,92,106,106,106,106,106,106,106,106],"relics":["Burning Blood","Mercury Hourglass","Bottled Lightning","Thread and Needle","Pantograph","Girya","Velvet Choker","Enchiridion","Strawberry","Magic Flower","Frozen Egg","Bird Faced Urn","Mark of Pain","Red Mask","Red Skull","Mango","Matryoshka"],"card_choices":[{"not_picked":["Iron Wave","Twin Strike"],"picked":"Shrug It Off"},{"not_picked":["Burning Pact","Warcry"],"picked":"Flame Barrier"},{"not_picked":["Sword Boomerang","Shrug It Off"],"picked":"Whirlwind"},{"not_picked":["Anger","Iron Wave"],"picked":"Pommel Strike"},{"not_picked":["Shrug It Off","True Grit"],"picked":"Dropkick"},{"not_picked":["Power Through","Spot Weakness"],"picked":"Flame Barrier"},{"not_picked":["Cleave","Rupture"],"picked":"Reaper"},{"not_picked":["True Grit","Flex"],"picked":"Thunderclap"},{"not_picked":["Berserk","Reaper"],"picked":"Feed"},{"not_picked":["Heavy Blade","Searing Blow"],"picked":"Shrug It Off"},{"not_picked":["Heavy Blade","Clothesline"],"picked":"Clash"},{"not_picked":["Twin Strike","Iron Wave"],"picked":"Rage"},{"not_picked":["Battle Trance","Combust"],"picked":"Feel No Pain"},{"not_picked":["Burning Pact","Sword Boomerang"],"picked":"Dual Wield"},{"not_picked":["Intimidate","Cleave"],"picked":"Headbutt"},{"not_picked":["Armaments","Warcry"],"picked":"Inflame"},{"not_picked":["Feed","Reaper"],"picked":"Juggernaut"},{"not_picked":["Dual Wield","Clash"],"picked":"Body Slam"},{"not_picked":["Sword Boomerang","Armaments"],"picked":"Flame Barrier"},{"not_picked":["Anger","Shrug It Off"],"picked":"Pommel Strike"},{"not_picked":["Whirlwind","Clothesline"],"picked":"Shrug It Off"},{"not_picked":["Clothesline","Rupture"],"picked":"Shockwave"},{"not_picked":["Reaper","Corruption"],"picked":"Heavy Blade"}],"player_experience":6787,"potions_floor_usage":[29,33,50,50,50],"damage_taken":[{"damage":1.0,"enemies":"Cultist","floor":1.0,"turns":3.0},{"damage":2.0,"enemies":"2 Louse","floor":2.0,"turns":3.0},{"damage":3.0,"enemies":"Jaw Worm","floor":3.0,"turns":3.0},{"damage":22.0,"enemies":"Gremlin Nob","floor":6.0,"turns":6.0},{"damage":7.0,"enemies":"Looter","floor":8.0,"turns":3.0},{"damage":7.0,"enemies":"3 Sentries","floor":10.0,"turns":6.0},{"damage":1.0,"enemies":"2 Fungi Beasts","floor":12.0,"turns":3.0},{"damage":13.0,"enemies":"3 Sentries","floor":13.0,"turns":5.0},{"damage":52.0,"enemies":"Hexaghost","floor":16.0,"turns":12.0},{"damage":7,"enemies":"Chosen","floor":18,"turns":5},{"damage":13,"enemies":"Spheric Guardian","floor":19,"turns":6},{"damage":23,"enemies":"Centurion and Healer","floor":22,"turns":5},{"damage":16,"enemies":"Gremlin Leader","floor":23,"turns":11},{"damage":0,"enemies":"Chosen and Byrds","floor":25,"turns":7},{"damage":20,"enemies":"Snecko","floor":28,"turns":4},{"damage":12,"enemies":"Centurion and Healer","floor":29,"turns":6},{"damage":65,"enemies":"Automaton","floor":33,"turns":12},{"damage":13,"enemies":"3 Shapes","floor":35,"turns":4},{"damage":1,"enemies":"Orb Walker","floor":37,"turns":2},{"damage":41,"enemies":"4 Shapes","floor":39,"turns":4},{"damage":41,"enemies":"Nemesis","floor":41,"turns":10},{"damage":20,"enemies":"Sphere and 2 Shapes","floor":44,"turns":4},{"damage":3,"enemies":"3 Darklings","floor":45,"turns":4},{"damage":0,"enemies":"Maw","floor":48,"turns":6},{"damage":77,"enemies":"Awakened One","floor":50,"turns":12}],"event_choices":[{"event_name":"Scrap Ooze","player_choice":"success","floor":5.0,"damage_taken":3.0},{"event_name":"Dead Adventurer","player_choice":"Searched \u00272\u0027 times","floor":10.0,"damage_taken":0.0},{"event_name":"Big Fish","player_choice":"Donut","floor":11.0,"damage_taken":0.0},{"event_name":"Cursed Tome","player_choice":"Obtained Book","floor":20,"damage_taken":0},{"event_name":"Transmorgrifier","player_choice":"Transform","floor":21,"damage_taken":0},{"event_name":"Tomb of Lord Red Mask","player_choice":"Paid","floor":38,"damage_taken":0}],"boss_relics":[{"not_picked":["Lizard Tail","Black Blood"],"picked":"Velvet Choker"},{"not_picked":["Runic Dome","Cursed Key"],"picked":"Mark of Pain"}],"potions_floor_spawned":[8,10,12,13,22,23,33,35,41,44,45],"seed_played":"7228737633888926080","ascension_level":0,"is_trial":false}