{"gold_per_floor":[115,115,131,131,131,156,156,191,191,204,224,241,241,252,252,355,355,367,78,96,113,127,127,158,158,158,158,158,171,171,205,205,310,310,323,333,352,160,174,174],"floor_reached":40,"playtime":4047,"items_purged":[],"score":465,"play_id":"49c1792c-6435-48d9-adec-69fbb478199e","local_time":"20190308234849","is_ascension_mode":false,"campfire_choices":[{"data":"Go for the Eyes","floor":7.0,"key":"SMITH"},{"floor":13,"key":"REST"},{"data":"Zap","floor":15,"key":"SMITH"},{"data":"Consume","floor":23,"key":"SMITH"},{"floor":25,"key":"REST"},{"floor":32,"key":"REST"}],"neow_cost":"NONE","seed_source_timestamp":0,"circlet_count":0,"master_deck":["Strike_B","Strike_B","Strike_B","Strike_B","Defend_B","Defend_B","Defend_B","Zap+1","Dualcast+1","Sweeping Beam","Auto Shields","Go for the Eyes+1","BootSequence","Redo","Ball Lightning+1","Streamline+1","Barrage+1","Thunder Strike+1","Cold Snap+1","Self Repair","Secret Technique","Go for the Eyes+1","Compile Driver+1","Tempest","Consume+1","Steam+1","Hologram","Tempest","Thunder Strike+1","Chill+1","Lockon+1","Streamline+1","Master of Strategy","Melter+1"],"special_seed":0,"relics":["Cracked Core","NeowsBlessing","Calipers","Ancient Tea Set","Molten Egg 2","Lizard Tail","Blood Vial","Gremlin Horn","Vajra","Bag of Marbles","Black Star"],"potions_floor_usage":[16,16,21,22,29,37,39,39,40],"damage_taken":[{"damage":0.0,"enemies":"Jaw Worm","floor":1.0,"turns":1.0},{"damage":0.0,"enemies":"Small Slimes","floor":3.0,"turns":1.0},{"damage":0.0,"enemies":"3 Sentries","floor":6.0,"turns":1.0},{"damage":24.0,"enemies":"Gremlin Nob","floor":8.0,"turns":4.0},{"damage":0,"enemies":"Cultist","floor":10,"turns":3},{"damage":0,"enemies":"Looter","floor":11,"turns":2},{"damage":0,"enemies":"Large Slime","floor":12,"turns":4},{"damage":0,"enemies":"Blue Slaver","floor":14,"turns":2},{"damage":29,"enemies":"Hexaghost","floor":16,"turns":8},{"damage":17,"enemies":"Spheric Guardian","floor":18,"turns":4},{"damage":11,"enemies":"Shell Parasite","floor":20,"turns":6},{"damage":9,"enemies":"Cultist and Chosen","floor":21,"turns":6},{"damage":13,"enemies":"Snake Plant","floor":22,"turns":3},{"damage":45,"enemies":"Slavers","floor":24,"turns":6},{"damage":9,"enemies":"Shelled Parasite and Fungi","floor":29,"turns":7},{"damage":62,"enemies":"Gremlin Leader","floor":31,"turns":8},{"damage":59,"enemies":"Champ","floor":33,"turns":11},{"damage":9,"enemies":"3 Shapes","floor":35,"turns":3},{"damage":0,"enemies":"Orb Walker","floor":36,"turns":4},{"damage":13,"enemies":"Jaw Worm Horde","floor":37,"turns":4},{"damage":37,"enemies":"Spire Growth","floor":39,"turns":5},{"damage":48,"enemies":"Reptomancer","floor":40,"turns":6}],"seed_played":"3995807833883187677","potions_obtained":[{"floor":1.0,"key":"AttackPotion"},{"floor":3.0,"key":"AttackPotion"},{"floor":6.0,"key":"Weak Potion"},{"floor":11,"key":"Ancient Potion"},{"floor":16,"key":"GamblersBrew"},{"floor":20,"key":"EssenceOfSteel"},{"floor":24,"key":"EssenceOfSteel"},{"floor":31,"key":"Energy Potion"},{"floor":33,"key":"PowerPotion"},{"floor":37,"key":"PowerPotion"}],"is_trial":false,"path_per_floor":["M","?","M","?","?","E","R","E","T","M","M","M","R","M","R","B",null,"M","$","M","M","M","R","E","R","T","?","?","M","?","E","R","B",null,"M","M","M","$","M","E"],"character_chosen":"DEFECT","items_purchased":["Self Repair","Secret Technique","Go for the Eyes+1","Master of Strategy"],"campfire_rested":3,"item_purchase_floors":[19,19,19,38],"current_hp_per_floor":[75,68,68,68,68,68,68,44,44,44,44,44,66,66,66,37,75,58,58,54,52,46,46,8,30,30,55,55,55,55,44,66,9,75,66,75,62,62,34,0],"gold":174,"neow_bonus":"THREE_ENEMY_KILL","is_prod":false,"is_daily":false,"chose_seed":false,"campfire_upgraded":3,"win_rate":0.0,"timestamp":1552056529,"path_taken":["M","?","M","?","?","E","R","E","T","M","?","M","R","M","R","BOSS","M","$","M","M","M","R","E","R","T","?","?","M","?","E","R","BOSS","M","M","M","$","M","E"],"build_version":"2019-01-23","purchased_purges":0,"victory":false,"max_hp_per_floor":[75,75,75,75,75,75,75,75,75,75,75,75,75,75,75,75,75,75,75,75,75,75,75,75,75,75,75,75,75,75,75,75,75,75,75,75,75,75,75,75],"card_choices":[{"not_picked":["Skim","Coolheaded"],"picked":"Sweeping Beam","floor":1.0},{"not_picked":["Barrage","Skim"],"picked":"Auto Shields","floor":3.0},{"not_picked":["Reprogram","Gash"],"picked":"Go for the Eyes","floor":6.0},{"not_picked":["Steam","Lockon"],"picked":"BootSequence","floor":8.0},{"not_picked":["Reprogram","Beam Cell+1"],"picked":"Redo","floor":10},{"not_picked":["Gash+1","Steam Power"],"picked":"Ball Lightning+1","floor":11},{"not_picked":["Reinforced Body","Storm"],"picked":"Streamline+1","floor":12},{"not_picked":["Consume","Beam Cell+1"],"picked":"Barrage+1","floor":14},{"not_picked":["Amplify","Machine Learning"],"picked":"Thunder Strike+1","floor":16},{"not_picked":["Coolheaded","Capacitor"],"picked":"Cold Snap+1","floor":18},{"not_picked":["Beam Cell+1","Cold Snap+1"],"picked":"Compile Driver+1","floor":20},{"not_picked":["Chill","Capacitor"],"picked":"Tempest","floor":21},{"not_picked":["Stack+1","Redo"],"picked":"Consume","floor":22},{"not_picked":["Reprogram","Compile Driver+1"],"picked":"Steam+1","floor":24},{"not_picked":["Barrage+1","Ball Lightning+1"],"picked":"Hologram","floor":29},{"not_picked":["Blizzard+1","Self Repair+1"],"picked":"Tempest","floor":31},{"not_picked":["All For One+1","Machine Learning"],"picked":"Thunder Strike+1","floor":33},{"not_picked":["Beam Cell+1","Coolheaded"],"picked":"Chill+1","floor":35},{"not_picked":["Hello World","Loop"],"picked":"Lockon+1","floor":36},{"not_picked":["FTL+1","Conserve Battery"],"picked":"Streamline+1","floor":37},{"not_picked":["Steam Power","Ball Lightning+1"],"picked":"Melter+1","floor":39}],"player_experience":33112,"relics_obtained":[{"floor":6.0,"key":"Calipers"},{"floor":8.0,"key":"Ancient Tea Set"},{"floor":9,"key":"Molten Egg 2"},{"floor":24,"key":"Blood Vial"},{"floor":26,"key":"Gremlin Horn"},{"floor":31,"key":"Bag of Marbles"}],"event_choices":[{"cards_removed":["Defend_B"],"damage_healed":0.0,"max_hp_gain":0.0,"max_hp_loss":0.0,"gold_gain":0.0,"event_name":"Golden Wing","player_choice":"Card Removal","floor":2.0,"gold_loss":0.0,"damage_taken":7.0},{"damage_healed":0.0,"max_hp_gain":0.0,"max_hp_loss":0.0,"gold_gain":0.0,"event_name":"The Cleric","player_choice":"Leave","floor":4.0,"gold_loss":0.0,"damage_taken":0.0},{"damage_healed":0.0,"max_hp_gain":0.0,"max_hp_loss":0.0,"gold_gain":0.0,"event_name":"Accursed Blacksmith","player_choice":"Forge","floor":5.0,"gold_loss":0.0,"damage_taken":0.0,"cards_upgraded":["Dualcast"]},{"damage_healed":25,"gold_gain":0,"player_choice":"Heal","damage_taken":0,"max_hp_gain":0,"max_hp_loss":0,"event_name":"The Library","floor":27,"gold_loss":0},{"damage_healed":0,"gold_gain":0,"player_choice":"Opened","damage_taken":0,"relics_obtained":["Vajra"],"max_hp_gain":0,"max_hp_loss":0,"event_name":"The Mausoleum","floor":28,"gold_loss":0},{"damage_healed":0,"gold_gain":0,"player_choice":"Ignored","damage_taken":0,"max_hp_gain":0,"max_hp_loss":0,"event_name":"Ghosts","floor":30,"gold_loss":0}],"is_beta":false,"boss_relics":[{"not_picked":["Runic Dome","Busted Crown"],"picked":"Lizard Tail"},{"not_picked":["Fusion Hammer","FrozenCore"],"picked":"Black Star"}],"items_purged_floors":[],"is_endless":false,"potions_floor_spawned":[1,3,6,11,14,16,20,24,31,33,37],"killed_by":"Reptomancer","ascension_level":0}