{"gold_per_floor":[111,41,57,68,81,111,111,146,146,146,71,71,100,100,100,179,179,193,66,66,76,89,124,124,151,151,151,166,91,91,105,105,179,179,197,297,297,297,313,313,113,113,139,157,185,196,196,196,196,196],"floor_reached":50,"playtime":3814,"items_purged":[],"score":1033,"play_id":"cd0889e5-6447-487d-ac0d-ba604075a86d","local_time":"20190326201943","is_ascension_mode":true,"campfire_choices":[{"floor":7,"key":"REST"},{"floor":10,"key":"REST"},{"floor":12,"key":"REST"},{"floor":15,"key":"REST"},{"floor":24,"key":"REST"},{"floor":32,"key":"REST"},{"floor":40,"key":"REST"},{"floor":42,"key":"REST"},{"floor":47,"key":"REST"},{"floor":49,"key":"REST"}],"neow_cost":"NONE","seed_source_timestamp":1299915969903318,"circlet_count":0,"master_deck":["AscendersBane","Defend_B","Defend_B","Defend_B","Defend_B","Zap","Dualcast","Gash","Gash","Scrape","Hologram","Rebound","Buffer","Leap","Glacier","All For One","Chill","Leap","Beam Cell","Rip and Tear","Go for the Eyes","Biased Cognition","Glacier","Ball Lightning","Loop","Gash","Beam Cell+1"],"relics":["Cracked Core","Blood Vial","Mercury Hourglass","Bottled Flame","Oddly Smooth Stone","FaceOfCleric","Empty Cage","Potion Belt","Omamori","Lantern","MutagenicStrength","Fusion Hammer","Calipers","Vajra","Ornamental Fan","Orichalcum"],"potions_floor_usage":[6,16,16,20,21,25,28,28,28,28,28,28,28,31,33,33,45,45,45,45,45,45,45,45,46,50],"damage_taken":[{"damage":1,"enemies":"Cultist","floor":1,"turns":3},{"damage":7,"enemies":"2 Louse","floor":3,"turns":2},{"damage":5,"enemies":"Small Slimes","floor":4,"turns":3},{"damage":3,"enemies":"Blue Slaver","floor":5,"turns":3},{"damage":40,"enemies":"3 Sentries","floor":6,"turns":7},{"damage":20,"enemies":"Lagavulin","floor":8,"turns":6},{"damage":26,"enemies":"3 Sentries","floor":13,"turns":5},{"damage":0,"enemies":"Slime Boss","floor":16,"turns":8},{"damage":12,"enemies":"Chosen","floor":18,"turns":5},{"damage":0,"enemies":"Shell Parasite","floor":21,"turns":7},{"damage":21,"enemies":"3 Cultists","floor":22,"turns":6},{"damage":47,"enemies":"Gremlin Leader","floor":23,"turns":8},{"damage":29,"enemies":"Slavers","floor":25,"turns":5},{"damage":0,"enemies":"Snake Plant","floor":28,"turns":4},{"damage":7,"enemies":"Centurion and Healer","floor":31,"turns":11},{"damage":30,"enemies":"Champ","floor":33,"turns":12},{"damage":8,"enemies":"Orb Walker","floor":35,"turns":4},{"damage":15,"enemies":"Mind Bloom Boss Battle","floor":36,"turns":8},{"damage":11,"enemies":"3 Darklings","floor":39,"turns":7},{"damage":0,"enemies":"4 Shapes","floor":44,"turns":7},{"damage":32,"enemies":"Giant Head","floor":45,"turns":11},{"damage":20,"enemies":"Maw","floor":46,"turns":8},{"damage":102,"enemies":"Donu and Deca","floor":50,"turns":8}],"seed_played":"2005495222790799450","potions_obtained":[{"floor":3,"key":"Ancient Potion"},{"floor":4,"key":"Regen Potion"},{"floor":8,"key":"PowerPotion"},{"floor":20,"key":"Fruit Juice"},{"floor":20,"key":"Poison Potion"},{"floor":22,"key":"Explosive Potion"},{"floor":25,"key":"EntropicBrew"},{"floor":31,"key":"Energy Potion"},{"floor":36,"key":"Weak Potion"},{"floor":44,"key":"EntropicBrew"},{"floor":46,"key":"Block Potion"}],"is_trial":false,"path_per_floor":["M","$","M","M","M","E","R","E","T","R","?","R","E","?","R","B",null,"M","$","?","M","M","E","R","E","T","?","M","?","?","M","R","B",null,"M","?","?","?","M","R","$","R","T","M","E","M","R","T","R","B"],"character_chosen":"DEFECT","items_purchased":["Scrape","Chill","Leap","EntropicBrew","Ball Lightning","Loop"],"campfire_rested":10,"item_purchase_floors":[2,19,19,41,41,41],"current_hp_per_floor":[63,63,56,51,48,23,44,26,26,47,47,68,44,44,65,68,71,61,61,66,69,51,7,31,5,5,5,8,8,8,4,29,2,64,59,47,47,47,39,65,65,88,88,89,58,41,68,68,91,0],"gold":196,"neow_bonus":"THREE_CARDS","is_prod":false,"is_daily":false,"chose_seed":false,"campfire_upgraded":0,"win_rate":0,"timestamp":1553631583,"path_taken":["M","$","M","M","M","E","R","E","T","R","?","R","E","?","R","BOSS","M","$","?","M","?","E","R","E","T","?","M","?","?","M","R","BOSS","M","?","?","?","M","R","$","R","T","M","E","M","R","?","R","BOSS"],"build_version":"2019-01-23","purchased_purges":0,"victory":false,"max_hp_per_floor":[71,71,71,71,71,71,71,71,71,71,71,71,71,71,71,72,72,73,73,78,79,80,81,81,82,82,82,83,83,83,84,84,85,85,86,87,87,87,88,88,88,88,88,89,90,91,91,91,91,91],"card_choices":[{"not_picked":["Steam","Cold Snap"],"picked":"Gash","floor":0},{"not_picked":["Go for the Eyes","Conserve Battery"],"picked":"Gash","floor":1},{"not_picked":["Self Repair","Static Discharge"],"picked":"Hologram","floor":3},{"not_picked":["Leap","Stack"],"picked":"Rebound","floor":4},{"not_picked":["Aggregate","Double Energy","Conserve Battery"],"picked":"SKIP","floor":5},{"not_picked":["Fusion","Coolheaded"],"picked":"Buffer","floor":6},{"not_picked":["Blizzard","Aggregate"],"picked":"Leap","floor":8},{"not_picked":["Conserve Battery","Heatsinks"],"picked":"Glacier","floor":13},{"not_picked":["Electrodynamics","Machine Learning"],"picked":"All For One","floor":16},{"not_picked":["Turbo","Lockon","Chaos"],"picked":"SKIP","floor":18},{"not_picked":["Ball Lightning","Redo","Skim"],"picked":"SKIP","floor":21},{"not_picked":["Cold Snap","Ball Lightning"],"picked":"Beam Cell","floor":22},{"not_picked":["Coolheaded","Sweeping Beam"],"picked":"Go for the Eyes","floor":23},{"not_picked":["Barrage","Fission"],"picked":"Rip and Tear","floor":25},{"not_picked":["Leap","Sweeping Beam","Coolheaded"],"picked":"SKIP","floor":28},{"not_picked":["Ball Lightning","Redo"],"picked":"Go for the Eyes","floor":31},{"not_picked":["Rainbow","Hyperbeam"],"picked":"Biased Cognition","floor":33},{"not_picked":["Heatsinks","Turbo","Conserve Battery"],"picked":"SKIP","floor":35},{"not_picked":["Skim","Beam Cell"],"picked":"Glacier","floor":36},{"not_picked":["Barrage","Static Discharge+1","Go for the Eyes"],"picked":"SKIP","floor":39},{"not_picked":["Machine Learning","Barrage"],"picked":"Gash","floor":44},{"not_picked":["Sweeping Beam","Compile Driver+1","Sunder"],"picked":"SKIP","floor":45},{"not_picked":["Conserve Battery+1","Capacitor"],"picked":"Beam Cell+1","floor":46}],"player_experience":1639618,"relics_obtained":[{"floor":6,"key":"Blood Vial"},{"floor":8,"key":"Mercury Hourglass"},{"floor":9,"key":"Bottled Flame"},{"floor":13,"key":"Oddly Smooth Stone"},{"floor":23,"key":"Potion Belt"},{"floor":25,"key":"Omamori"},{"floor":26,"key":"Lantern"},{"floor":36,"key":"Calipers"},{"floor":43,"key":"Vajra"},{"floor":45,"key":"Ornamental Fan"},{"floor":48,"key":"Orichalcum"}],"event_choices":[{"cards_removed":["Strike_B"],"damage_healed":0,"gold_gain":0,"player_choice":"Card Removal","damage_taken":0,"max_hp_gain":0,"max_hp_loss":0,"event_name":"The Cleric","floor":11,"gold_loss":75},{"damage_healed":0,"gold_gain":0,"player_choice":"Trade","damage_taken":0,"relics_obtained":["FaceOfCleric"],"max_hp_gain":0,"max_hp_loss":0,"event_name":"FaceTrader","floor":14,"gold_loss":0},{"damage_healed":0,"gold_gain":0,"player_choice":"Got Potions","damage_taken":0,"max_hp_gain":0,"max_hp_loss":0,"event_name":"Lab","floor":20,"gold_loss":0},{"damage_healed":0,"gold_gain":0,"player_choice":"Ignored","damage_taken":0,"max_hp_gain":0,"max_hp_loss":0,"event_name":"Ghosts","floor":27,"gold_loss":0},{"cards_removed":["Strike_B"],"damage_healed":0,"gold_gain":0,"player_choice":"Gave Gold","damage_taken":0,"max_hp_gain":0,"max_hp_loss":0,"event_name":"Beggar","floor":29,"gold_loss":75},{"damage_healed":0,"gold_gain":0,"player_choice":"Inject Mutagens","damage_taken":0,"relics_obtained":["MutagenicStrength"],"max_hp_gain":0,"max_hp_loss":0,"event_name":"Drug Dealer","floor":30,"gold_loss":0},{"damage_healed":0,"gold_gain":0,"player_choice":"Fight","damage_taken":0,"max_hp_gain":0,"max_hp_loss":0,"event_name":"MindBloom","floor":36,"gold_loss":0},{"damage_healed":0,"gold_gain":0,"player_choice":"Ignored","damage_taken":0,"max_hp_gain":0,"max_hp_loss":0,"event_name":"Tomb of Lord Red Mask","floor":37,"gold_loss":0},{"cards_removed":["Go for the Eyes"],"damage_healed":0,"gold_gain":0,"player_choice":"Removed Attack","damage_taken":0,"max_hp_gain":0,"max_hp_loss":0,"event_name":"Falling","floor":38,"gold_loss":0}],"is_beta":false,"boss_relics":[{"not_picked":["FrozenCore","Eternal Feather"],"picked":"Empty Cage"},{"not_picked":["Orrery","Tiny House"],"picked":"Fusion Hammer"}],"items_purged_floors":[],"is_endless":false,"potions_floor_spawned":[3,4,8,22,25,31,36,44,46],"killed_by":"Donu and Deca","ascension_level":15}