{"gold_per_floor":[115,125,144,144,219,253,272,295,321,364,364,395,39,53,53,183,183,208,127,127,146,166,191,260,276,322,342,342,385,385,401,401,521,521,539,539,539,539,553,594,617,617,670,683,726,636,649,662,662,662],"floor_reached":51,"playtime":14604,"items_purged":["Strike_B"],"score":1068,"play_id":"bede8876-c1dc-4ed8-85f8-42a9e408948d","local_time":"20190424224553","is_ascension_mode":true,"campfire_choices":[{"data":"Defragment","floor":11,"key":"SMITH"},{"data":"Defragment","floor":15,"key":"SMITH"},{"data":"Rainbow","floor":28,"key":"SMITH"},{"data":"Defragment","floor":30,"key":"SMITH"},{"data":"Turbo","floor":32,"key":"SMITH"},{"data":"Fission","floor":42,"key":"SMITH"},{"data":"Creative AI","floor":49,"key":"SMITH"}],"neow_cost":"NONE","seed_source_timestamp":1283117256527400,"circlet_count":0,"master_deck":["Zap","Dualcast","Sunder+1","Defragment+1","Glacier","Fission+1","Skim+1","Coolheaded","White Noise+1","Conserve Battery","Defragment+1","Defragment","Seek","Rebound","Rainbow+1","Steam Power","Reprogram","Seek","Turbo+1","Defragment","Go for the Eyes","Glacier+1","Undo","Hologram","Conserve Battery+1","Multi-Cast","Defragment+1","Creative AI+1","Conserve Battery+1","BootSequence+1","Double Energy","Buffer"],"relics":["Cracked Core","NeowsBlessing","Golden Idol","Meat on the Bone","Whetstone","Dream Catcher","Orichalcum","ClockworkSouvenir","Pandora\u0027s Box","Tiny Chest","Strawberry","Ornamental Fan","Runic Pyramid","Art of War","Regal Pillow","War Paint","Mummified Hand"],"potions_floor_usage":[6,6,16,21,21,29,29,44],"damage_taken":[{"damage":0,"enemies":"Cultist","floor":1,"turns":1},{"damage":0,"enemies":"Small Slimes","floor":2,"turns":1},{"damage":0,"enemies":"2 Louse","floor":3,"turns":1},{"damage":19,"enemies":"Gremlin Nob","floor":6,"turns":5},{"damage":0,"enemies":"Blue Slaver","floor":7,"turns":5},{"damage":5,"enemies":"Looter","floor":8,"turns":4},{"damage":19,"enemies":"3 Sentries","floor":10,"turns":7},{"damage":8,"enemies":"Gremlin Nob","floor":12,"turns":4},{"damage":5,"enemies":"Exordium Wildlife","floor":14,"turns":4},{"damage":28,"enemies":"Slime Boss","floor":16,"turns":9},{"damage":22,"enemies":"3 Byrds","floor":18,"turns":5},{"damage":8,"enemies":"2 Thieves","floor":21,"turns":4},{"damage":0,"enemies":"Chosen and Byrds","floor":22,"turns":7},{"damage":2,"enemies":"Sentry and Sphere","floor":23,"turns":5},{"damage":11,"enemies":"Book of Stabbing","floor":24,"turns":6},{"damage":8,"enemies":"Centurion and Healer","floor":25,"turns":3},{"damage":4,"enemies":"Snecko","floor":27,"turns":7},{"damage":15,"enemies":"Slavers","floor":29,"turns":6},{"damage":8,"enemies":"3 Cultists","floor":31,"turns":5},{"damage":0,"enemies":"Champ","floor":33,"turns":10},{"damage":2,"enemies":"3 Darklings","floor":35,"turns":8},{"damage":0,"enemies":"3 Shapes","floor":39,"turns":6},{"damage":0,"enemies":"Giant Head","floor":40,"turns":11},{"damage":20,"enemies":"Sphere and 2 Shapes","floor":41,"turns":5},{"damage":0,"enemies":"Writhing Mass","floor":44,"turns":8},{"damage":0,"enemies":"Nemesis","floor":45,"turns":11},{"damage":7,"enemies":"Jaw Worm Horde","floor":47,"turns":5},{"damage":0,"enemies":"Sphere and 2 Shapes","floor":48,"turns":4},{"damage":7,"enemies":"Time Eater","floor":50,"turns":8}],"seed_played":"-7807527121654183942","potions_obtained":[{"floor":2,"key":"Block Potion"},{"floor":3,"key":"Regen Potion"},{"floor":7,"key":"EssenceOfSteel"},{"floor":12,"key":"EssenceOfSteel"},{"floor":14,"key":"Poison Potion"},{"floor":21,"key":"Explosive Potion"},{"floor":22,"key":"Weak Potion"},{"floor":24,"key":"FairyPotion"},{"floor":33,"key":"Block Potion"},{"floor":35,"key":"EssenceOfSteel"},{"floor":45,"key":"Dexterity Potion"}],"is_trial":false,"path_per_floor":["M","M","M","?","?","E","M","M","T","E","R","E","$","M","R","B",null,"M","$","?","M","M","M","E","M","T","M","R","E","R","M","R","B",null,"M","?","?","T","M","E","M","R","T","M","E","?","M","M","R","B",null],"character_chosen":"DEFECT","items_purchased":["Defragment","ClockworkSouvenir","Defragment"],"campfire_rested":0,"item_purchase_floors":[13,13,19],"current_hp_per_floor":[75,75,75,69,58,53,53,48,48,41,41,45,45,40,40,24,69,47,47,47,39,39,37,38,42,49,45,45,42,42,46,46,46,76,74,74,74,74,74,74,54,54,54,54,54,54,47,47,47,40],"gold":662,"neow_bonus":"THREE_ENEMY_KILL","is_prod":false,"is_daily":false,"chose_seed":false,"campfire_upgraded":7,"win_rate":0,"timestamp":1556138753,"path_taken":["M","?","M","?","?","E","M","M","T","E","R","E","$","M","R","BOSS","M","$","?","M","M","M","E","M","T","M","R","E","R","M","R","BOSS","M","?","?","?","M","E","M","R","T","?","E","?","?","M","R","BOSS"],"build_version":"2019-01-23","purchased_purges":1,"victory":true,"max_hp_per_floor":[75,75,75,69,69,69,69,69,69,69,69,69,69,69,69,69,69,69,69,69,69,69,69,69,69,76,76,76,76,76,76,76,76,76,76,76,76,76,76,76,76,76,76,76,76,73,73,73,73,73],"card_choices":[{"not_picked":["Rebound","Sweeping Beam"],"picked":"Sunder","floor":1},{"not_picked":["Stack","Hologram"],"picked":"Defragment","floor":2},{"not_picked":["Hologram","Coolheaded"],"picked":"Glacier","floor":3},{"not_picked":["Redo","Auto Shields"],"picked":"Fission","floor":6},{"not_picked":["Lockon","Doom and Gloom"],"picked":"Skim","floor":7},{"not_picked":["Melter","Steam"],"picked":"Coolheaded","floor":8},{"not_picked":["Ball Lightning","Beam Cell"],"picked":"White Noise","floor":10},{"not_picked":["Beam Cell","Go for the Eyes"],"picked":"Conserve Battery","floor":12},{"not_picked":["Darkness","Hologram"],"picked":"Defragment","floor":14},{"not_picked":["Reboot","Rainbow"],"picked":"Seek","floor":16},{"not_picked":["Streamline+1","Steam"],"picked":"Turbo","floor":18},{"not_picked":["Redo","Rebound+1"],"picked":"Go for the Eyes","floor":21},{"not_picked":["Rebound","Sweeping Beam"],"picked":"Glacier","floor":22},{"not_picked":["Leap+1","Blizzard"],"picked":"Undo","floor":23},{"not_picked":["Gash","Redo"],"picked":"Hologram","floor":24},{"not_picked":["Gash","Leap"],"picked":"Conserve Battery+1","floor":25},{"not_picked":["Rebound+1","Steam"],"picked":"Multi-Cast","floor":27},{"not_picked":["Chaos","Beam Cell"],"picked":"Defragment","floor":29},{"not_picked":["Leap","Streamline","Doom and Gloom"],"picked":"SKIP","floor":31},{"not_picked":["Thunder Strike","Machine Learning"],"picked":"Creative AI","floor":33},{"not_picked":["Beam Cell","Hello World+1","Streamline+1"],"picked":"SKIP","floor":35},{"not_picked":["Barrage+1","Force Field"],"picked":"Conserve Battery+1","floor":39},{"not_picked":["Ball Lightning+1","Leap"],"picked":"BootSequence+1","floor":40},{"not_picked":["Force Field","Steam Power+1"],"picked":"Double Energy","floor":41},{"not_picked":["Scrape","Barrage","Hello World+1"],"picked":"SKIP","floor":44},{"not_picked":["Static Discharge+1","Compile Driver+1","Rebound"],"picked":"SKIP","floor":45},{"not_picked":["Go for the Eyes","Barrage"],"picked":"Buffer","floor":47},{"not_picked":["Melter+1","Hologram","Redo+1"],"picked":"SKIP","floor":48}],"player_experience":695303,"relics_obtained":[{"floor":6,"key":"Meat on the Bone"},{"floor":9,"key":"Whetstone"},{"floor":10,"key":"Dream Catcher"},{"floor":12,"key":"Orichalcum"},{"floor":24,"key":"Tiny Chest"},{"floor":26,"key":"Strawberry"},{"floor":29,"key":"Ornamental Fan"},{"floor":38,"key":"Art of War"},{"floor":40,"key":"Regal Pillow"},{"floor":43,"key":"War Paint"},{"floor":45,"key":"Mummified Hand"}],"event_choices":[{"damage_healed":0,"gold_gain":0,"player_choice":"Lose Max HP","damage_taken":0,"relics_obtained":["Golden Idol"],"max_hp_gain":0,"max_hp_loss":6,"event_name":"Golden Idol","floor":4,"gold_loss":0},{"damage_healed":0,"gold_gain":75,"player_choice":"Gather Gold","damage_taken":11,"max_hp_gain":0,"max_hp_loss":0,"event_name":"World of Goop","floor":5,"gold_loss":0},{"cards_removed":["Melter"],"damage_healed":0,"gold_gain":0,"player_choice":"Elegance","damage_taken":0,"max_hp_gain":0,"max_hp_loss":0,"event_name":"Back to Basics","floor":20,"gold_loss":0},{"cards_removed":["Streamline"],"damage_healed":0,"gold_gain":0,"player_choice":"Removed Attack","damage_taken":0,"max_hp_gain":0,"max_hp_loss":0,"event_name":"Falling","floor":36,"gold_loss":0},{"damage_healed":0,"gold_gain":0,"player_choice":"Ignored","damage_taken":0,"max_hp_gain":0,"max_hp_loss":0,"event_name":"Tomb of Lord Red Mask","floor":37,"gold_loss":0},{"cards_removed":["Parasite"],"damage_healed":0,"gold_gain":0,"player_choice":"Upgrade and Remove","damage_taken":0,"max_hp_gain":0,"max_hp_loss":0,"event_name":"Designer","floor":46,"gold_loss":90,"cards_upgraded":["Glacier"]}],"is_beta":false,"boss_relics":[{"not_picked":["Ectoplasm","Philosopher\u0027s Stone"],"picked":"Pandora\u0027s Box"},{"not_picked":["Snecko Eye","Eternal Feather"],"picked":"Runic Pyramid"}],"items_purged_floors":[13],"is_endless":false,"potions_floor_spawned":[2,3,7,12,14,21,22,24,25,33,35,45,47],"ascension_level":4}