{"gold_per_floor":[118,132,152,152,163,163,192,204,204,230,230,230,230,75,75,170,170,181,212,226,236,253,253,267,278,305,305,305,305,230,130,130,130],"floor_reached":33,"playtime":1521,"items_purged":["Strike_R","Defend_R"],"score":282,"play_id":"cf2dc7d3-52c8-4e69-bb90-f52f32e239a3","local_time":"20180824221515","is_ascension_mode":false,"campfire_choices":[{"data":"Searing Blow","floor":6,"key":"SMITH"},{"data":"Searing Blow+1","floor":11,"key":"SMITH"},{"data":"Armaments","floor":15,"key":"SMITH"},{"data":"Searing Blow+2","floor":23,"key":"SMITH"},{"data":"Searing Blow+4","floor":29,"key":"SMITH"},{"data":"Searing Blow+5","floor":32,"key":"SMITH"}],"neow_cost":"NONE","seed_source_timestamp":551462427207674,"circlet_count":0,"master_deck":["Strike_R+1","Defend_R+1","Defend_R","Defend_R","Bash","Headbutt","Clothesline","Searing Blow+6","Cleave","Flame Barrier","Shockwave","Armaments+1","Double Tap","Shrug It Off+1","Metallicize","Iron Wave+1","Disarm+1","Iron Wave+1"],"relics":["Burning Blood","NeowsBlessing","Vajra","Oddly Smooth Stone","Pen Nib","Question Card","Empty Cage","Red Mask","Bag of Preparation","Matryoshka"],"potions_floor_usage":[7,8,19,25],"damage_taken":[{"damage":0,"enemies":"2 Louse","floor":1,"turns":1},{"damage":0,"enemies":"Cultist","floor":2,"turns":1},{"damage":0,"enemies":"Jaw Worm","floor":3,"turns":1},{"damage":5,"enemies":"3 Louse","floor":5,"turns":4},{"damage":19,"enemies":"3 Sentries","floor":7,"turns":6},{"damage":4,"enemies":"Gremlin Gang","floor":8,"turns":8},{"damage":6,"enemies":"Gremlin Nob","floor":10,"turns":3},{"damage":12,"enemies":"The Guardian","floor":16,"turns":10},{"damage":10,"enemies":"Spheric Guardian","floor":18,"turns":3},{"damage":23,"enemies":"Masked Bandits","floor":19,"turns":4},{"damage":11,"enemies":"3 Byrds","floor":20,"turns":5},{"damage":5,"enemies":"Shelled Parasite and Fungi","floor":21,"turns":10},{"damage":6,"enemies":"Snake Plant","floor":22,"turns":6},{"damage":2,"enemies":"Centurion and Healer","floor":24,"turns":8},{"damage":27,"enemies":"Sentry and Sphere","floor":25,"turns":10},{"damage":45,"enemies":"Collector","floor":33,"turns":7}],"seed_played":"-3124310058755840811","potions_obtained":[{"floor":1,"key":"Explosive Potion"},{"floor":5,"key":"Block Potion"},{"floor":18,"key":"PowerPotion"},{"floor":19,"key":"SteroidPotion"}],"is_trial":false,"path_per_floor":["M","M","M","?","M","R","E","M","T","E","R","T","?","$","R","B",null,"M","?","M","M","M","R","M","M","T","?","?","R","?","$","R"],"character_chosen":"IRONCLAD","items_purchased":["Shockwave","Armaments"],"campfire_rested":0,"item_purchase_floors":[14,14],"current_hp_per_floor":[80,80,80,64,65,65,52,54,54,54,54,54,54,54,54,48,80,76,59,54,55,55,55,59,38,38,38,38,38,38,38,38,0],"gold":130,"neow_bonus":"THREE_ENEMY_KILL","is_prod":false,"is_daily":false,"chose_seed":false,"campfire_upgraded":6,"win_rate":0,"timestamp":1535174115,"path_taken":["M","M","M","?","M","R","E","M","T","E","R","?","?","$","R","BOSS","M","?","M","M","M","R","M","?","T","?","?","R","?","$","R","BOSS"],"build_version":"2018-08-23v2","purchased_purges":2,"victory":false,"max_hp_per_floor":[80,80,80,80,80,80,80,80,80,80,80,80,80,80,80,80,80,80,80,80,80,80,80,80,80,80,80,80,80,80,80,80,80],"card_choices":[{"not_picked":["Combust","Thunderclap"],"picked":"Headbutt","floor":1},{"not_picked":["Headbutt","Dark Embrace"],"picked":"Clothesline","floor":2},{"not_picked":["Seeing Red","Perfected Strike"],"picked":"Searing Blow","floor":3},{"not_picked":["Bloodletting","Wild Strike","Body Slam"],"picked":"SKIP","floor":5},{"not_picked":["Exhume","Twin Strike"],"picked":"Cleave","floor":7},{"not_picked":["Headbutt","Heavy Blade","True Grit"],"picked":"SKIP","floor":8},{"not_picked":["True Grit","Spot Weakness"],"picked":"Flame Barrier","floor":10},{"not_picked":["Dark Embrace","Exhume","Feed"],"picked":"Double Tap","floor":16},{"not_picked":["Havoc","Sword Boomerang","Anger"],"picked":"Shrug It Off+1","floor":18},{"not_picked":["Whirlwind","Shockwave","Sever Soul"],"picked":"Metallicize","floor":19},{"not_picked":["Bloodletting","Impervious","Clothesline"],"picked":"Iron Wave+1","floor":20},{"not_picked":["Reckless Charge+1","Rupture","Ghostly Armor+1","Shockwave"],"picked":"SKIP","floor":21},{"not_picked":["Shrug It Off","Wild Strike+1","Shockwave"],"picked":"Disarm+1","floor":22},{"not_picked":["Warcry","Anger","Sword Boomerang+1","Ghostly Armor"],"picked":"SKIP","floor":24},{"not_picked":["Feed","Anger","Armaments"],"picked":"Iron Wave+1","floor":25}],"player_experience":143825,"relics_obtained":[{"floor":7,"key":"Vajra"},{"floor":9,"key":"Oddly Smooth Stone"},{"floor":10,"key":"Pen Nib"},{"floor":12,"key":"Question Card"},{"floor":19,"key":"Red Mask"},{"floor":26,"key":"Bag of Preparation"}],"event_choices":[{"event_name":"Shining Light","player_choice":"Entered Light","floor":4,"damage_taken":0},{"event_name":"Bonfire Elementals","player_choice":"BASIC","floor":13,"damage_taken":0},{"event_name":"Masked Bandits","player_choice":"Fought Bandits","floor":19,"damage_taken":0},{"event_name":"Accursed Blacksmith","player_choice":"Forge","floor":27,"damage_taken":0},{"event_name":"The Mausoleum","player_choice":"Yes","floor":28,"damage_taken":0},{"event_name":"Beggar","player_choice":"Gave Gold","floor":30,"damage_taken":0}],"is_beta":false,"boss_relics":[{"not_picked":["Runic Pyramid","White Beast Statue"],"picked":"Empty Cage"}],"items_purged_floors":[14,31],"is_endless":false,"potions_floor_spawned":[1,5,18,19],"killed_by":"Collector","ascension_level":0}