{"gold_per_floor":[114,114,124,124,27,57,57,68,68,68,88,108,108,125,125,222,222,238,238,36,53,53,53,80,99,99,99,127,46,46,0,0,0],"floor_reached":33,"playtime":946,"items_purged":[],"score":322,"play_id":"29639537-d9d0-45b5-8a20-2e23d6c19441","local_time":"20190111225833","is_ascension_mode":true,"campfire_choices":[{"floor":7,"key":"REST"},{"floor":10,"key":"REST"},{"data":"Static Discharge","floor":13,"key":"SMITH"},{"data":"Genetic Algorithm","floor":15,"key":"SMITH"},{"floor":23,"key":"REST"},{"floor":27,"key":"REST"},{"floor":32,"key":"REST"}],"neow_cost":"NONE","seed_source_timestamp":14229705427671,"circlet_count":0,"master_deck":["Strike_B","Strike_B","Strike_B","Strike_B","Defend_B","Defend_B","Defend_B","Defend_B","Zap+1","Dualcast","Cold Snap","Redo","Static Discharge+1","Leap","Electrodynamics","Fusion","Hologram","Genetic Algorithm+1","All For One","Genetic Algorithm","Defragment","Ball Lightning","Reinforced Body+1","Beam Cell+1","Undo"],"relics":["Cracked Core","Mummified Hand","Symbiotic Virus","Nuclear Battery","Lee\u0027s Waffle","Sundial","Smiling Mask","Darkstone Periapt"],"potions_floor_usage":[12,14,16,25,28],"damage_taken":[{"damage":14,"enemies":"2 Louse","floor":1,"turns":3},{"damage":1,"enemies":"Jaw Worm","floor":3,"turns":3},{"damage":38,"enemies":"Gremlin Nob","floor":6,"turns":5},{"damage":0,"enemies":"Small Slimes","floor":8,"turns":3},{"damage":0,"enemies":"2 Fungi Beasts","floor":11,"turns":2},{"damage":0,"enemies":"Gremlin Gang","floor":12,"turns":2},{"damage":12,"enemies":"Exordium Thugs","floor":14,"turns":3},{"damage":55,"enemies":"Hexaghost","floor":16,"turns":10},{"damage":10,"enemies":"2 Thieves","floor":18,"turns":4},{"damage":5,"enemies":"3 Byrds","floor":21,"turns":3},{"damage":35,"enemies":"Book of Stabbing","floor":24,"turns":6},{"damage":4,"enemies":"Cultist and Chosen","floor":25,"turns":6},{"damage":32,"enemies":"Slavers","floor":28,"turns":4},{"damage":82,"enemies":"Collector","floor":33,"turns":9}],"seed_played":"-1716368172647723608","potions_obtained":[{"floor":11,"key":"Explosive Potion"},{"floor":12,"key":"Swift Potion"},{"floor":14,"key":"Regen Potion"},{"floor":24,"key":"EssenceOfSteel"},{"floor":25,"key":"FearPotion"}],"is_trial":false,"path_per_floor":["M","?","M","?","$","E","R","M","T","R","M","M","R","M","R","B",null,"M","?","$","M","?","R","E","M","T","R","E","$","T","?","R","B"],"character_chosen":"DEFECT","items_purchased":["Static Discharge","Leap","Lee\u0027s Waffle","Undo"],"campfire_rested":5,"item_purchase_floors":[5,5,20,29],"current_hp_per_floor":[68,68,67,67,67,29,53,53,53,77,77,77,77,65,65,25,82,72,72,89,84,67,94,59,55,55,83,51,51,51,51,79,0],"gold":0,"neow_bonus":"TEN_PERCENT_HP_BONUS","is_prod":false,"is_daily":false,"chose_seed":false,"campfire_upgraded":2,"win_rate":0,"timestamp":1547276313,"path_taken":["M","?","M","?","$","E","R","M","T","R","M","M","R","?","R","BOSS","M","?","$","M","?","R","E","M","T","R","E","$","?","?","R","BOSS"],"build_version":"2019-01-10","purchased_purges":0,"victory":false,"max_hp_per_floor":[82,82,82,82,82,82,82,82,82,82,82,82,82,82,82,82,82,82,82,89,89,94,94,94,94,94,94,94,94,94,94,94,94],"card_choices":[{"not_picked":["Blizzard","Go for the Eyes"],"picked":"Cold Snap","floor":1},{"not_picked":["Stack","Blizzard"],"picked":"Redo","floor":3},{"not_picked":["Steam Power","Go for the Eyes"],"picked":"Electrodynamics","floor":6},{"not_picked":["Sweeping Beam","Streamline"],"picked":"Fusion","floor":8},{"not_picked":["Gash","Beam Cell"],"picked":"Hologram","floor":11},{"not_picked":["Gash","Coolheaded","Beam Cell"],"picked":"SKIP","floor":12},{"not_picked":["Streamline","Conserve Battery"],"picked":"Genetic Algorithm","floor":14},{"not_picked":["Echo Form","Creative AI"],"picked":"All For One","floor":16},{"not_picked":["Heatsinks","Stack+1"],"picked":"Genetic Algorithm","floor":18},{"not_picked":["Go for the Eyes","Storm","Redo"],"picked":"SKIP","floor":21},{"not_picked":["Steam","Compile Driver"],"picked":"Ball Lightning","floor":24},{"not_picked":["Fusion+1","Stack"],"picked":"Reinforced Body+1","floor":25},{"not_picked":["Go for the Eyes+1","Sweeping Beam"],"picked":"Beam Cell+1","floor":28}],"player_experience":331508,"relics_obtained":[{"floor":6,"key":"Mummified Hand"},{"floor":9,"key":"Symbiotic Virus"},{"floor":24,"key":"Sundial"},{"floor":28,"key":"Smiling Mask"},{"floor":30,"key":"Darkstone Periapt"}],"event_choices":[{"damage_healed":0,"gold_gain":0,"player_choice":"Ignored","damage_taken":0,"max_hp_gain":0,"max_hp_loss":0,"event_name":"Golden Idol","floor":2,"gold_loss":0},{"damage_healed":0,"gold_gain":0,"player_choice":"Grow","damage_taken":0,"max_hp_gain":0,"max_hp_loss":0,"event_name":"Living Wall","floor":4,"gold_loss":0,"cards_upgraded":["Zap"]},{"damage_healed":0,"gold_gain":0,"player_choice":"Read","damage_taken":0,"max_hp_gain":0,"max_hp_loss":0,"event_name":"The Library","floor":19,"gold_loss":0,"cards_obtained":["Defragment"]},{"damage_healed":0,"gold_gain":0,"player_choice":"Shed Blood","damage_taken":22,"max_hp_gain":5,"max_hp_loss":0,"event_name":"Forgotten Altar","floor":22,"gold_loss":0},{"damage_healed":0,"gold_gain":0,"player_choice":"Paid Fearfully","damage_taken":0,"max_hp_gain":0,"max_hp_loss":0,"event_name":"Masked Bandits","floor":31,"gold_loss":46}],"is_beta":false,"boss_relics":[{"not_picked":["Calling Bell","Fusion Hammer"],"picked":"Nuclear Battery"}],"items_purged_floors":[],"is_endless":false,"potions_floor_spawned":[11,12,14,24,25],"killed_by":"Collector","ascension_level":1}