{"gold_per_floor":[118,134,11,11,29,54,54,54,54,54,82,82,113,78,78,175,225,237,7,19,0,16,16,16,32,32,32],"floor_reached":27,"playtime":3210,"items_purged":["Shame"],"score":254,"play_id":"f2cae4c6-491b-461e-9298-590c55eb1a89","local_time":"20190321134155","is_ascension_mode":true,"campfire_choices":[{"data":"Dodge and Roll","floor":7.0,"key":"SMITH"},{"data":"Tools of the Trade","floor":12.0,"key":"SMITH"},{"data":"Adrenaline","floor":15.0,"key":"SMITH"},{"data":"Footwork","floor":23,"key":"SMITH"}],"neow_cost":"NONE","seed_source_timestamp":0,"circlet_count":0,"master_deck":["Defend_G","Defend_G","Defend_G","Defend_G","Defend_G","Strike_G","Strike_G","Strike_G","Strike_G","Strike_G","Survivor","Neutralize","Impatience","Infinite Blades","Dodge and Roll+1","Well Laid Plans+1","Poisoned Stab","Crippling Poison","Tools of the Trade+1","Cloak And Dagger","Poisoned Stab","Skewer","Adrenaline+1","Burst","Backflip","Footwork+1","Dagger Spray","Accuracy+1"],"special_seed":0,"relics":["Ring of the Snake","Ninja Scroll","Dream Catcher","Matryoshka","Pen Nib","Tiny House","Oddly Smooth Stone","Toxic Egg 2","Ornamental Fan"],"potions_floor_usage":[24],"damage_taken":[{"damage":2.0,"enemies":"Cultist","floor":1.0,"turns":4.0},{"damage":3.0,"enemies":"Jaw Worm","floor":2.0,"turns":5.0},{"damage":3.0,"enemies":"2 Louse","floor":5.0,"turns":4.0},{"damage":10.0,"enemies":"3 Sentries","floor":6.0,"turns":9.0},{"damage":19.0,"enemies":"Gremlin Nob","floor":11.0,"turns":4.0},{"damage":13.0,"enemies":"Lagavulin","floor":13.0,"turns":8.0},{"damage":13.0,"enemies":"The Guardian","floor":16.0,"turns":11.0},{"damage":10.0,"enemies":"Shell Parasite","floor":18.0,"turns":5.0},{"damage":4.0,"enemies":"Chosen","floor":20.0,"turns":4.0},{"damage":5.0,"enemies":"Snake Plant","floor":22.0,"turns":6.0},{"damage":24,"enemies":"Chosen and Byrds","floor":24,"turns":6},{"damage":0,"enemies":"Centurion and Healer","floor":25,"turns":5},{"damage":38,"enemies":"3 Cultists","floor":27,"turns":5}],"seed_played":"1863578582248168313","potions_obtained":[{"floor":1.0,"key":"AttackPotion"},{"floor":2.0,"key":"AttackPotion"},{"floor":5.0,"key":"SmokeBomb"},{"floor":17.0,"key":"Regen Potion"},{"floor":22.0,"key":"GhostInAJar"}],"is_trial":false,"path_per_floor":["M","M","$","?","M","E","R","$","T","?","E","R","E","?","R","B",null,"M","$","M","?","M","R","M","M","T","M"],"character_chosen":"THE_SILENT","items_purchased":["Well Laid Plans","Poisoned Stab","Oddly Smooth Stone"],"campfire_rested":0,"item_purchase_floors":[3,3,19],"current_hp_per_floor":[68,65,65,65,62,52,52,52,52,70,51,51,38,55,55,42,75,70,70,66,66,61,61,37,37,37,0],"gold":32,"neow_bonus":"RANDOM_COLORLESS","is_prod":false,"is_daily":false,"chose_seed":false,"campfire_upgraded":4,"win_rate":0,"timestamp":1553172115,"path_taken":["M","M","?","?","?","E","R","$","T","?","E","R","E","?","R","BOSS","M","$","M","?","M","R","M","M","T","M"],"build_version":"2019-01-23","purchased_purges":1,"victory":false,"max_hp_per_floor":[70,70,70,70,70,70,70,70,70,70,70,70,70,70,70,70,75,75,75,75,75,75,75,75,75,75,75],"card_choices":[{"not_picked":["Masterful Stab","Cloak And Dagger"],"picked":"Infinite Blades","floor":1.0},{"not_picked":["Prepared","Skewer"],"picked":"Dodge and Roll","floor":2.0},{"not_picked":["Acrobatics","Slice"],"picked":"Cloak And Dagger","floor":5.0},{"not_picked":["Dash","Deflect"],"picked":"Poisoned Stab","floor":6.0},{"not_picked":["Quick Slash","Eviscerate"],"picked":"Skewer","floor":11.0},{"not_picked":["Caltrops","Dodge and Roll"],"picked":"Adrenaline","floor":13.0},{"not_picked":["A Thousand Cuts","Venomology"],"picked":"Burst","floor":16.0},{"not_picked":["Concentrate","Finisher"],"picked":"Backflip","floor":17.0},{"not_picked":["Quick Slash","Choke"],"picked":"Footwork","floor":18.0},{"not_picked":["Infinite Blades","Flechettes+1"],"picked":"Dagger Spray","floor":20.0},{"not_picked":["PiercingWail","Cloak And Dagger"],"picked":"Accuracy+1","floor":22.0},{"not_picked":["Heel Hook","Dodge and Roll","Outmaneuver"],"picked":"SKIP","floor":25}],"player_experience":172051,"relics_obtained":[{"floor":6.0,"key":"Ninja Scroll"},{"floor":9.0,"key":"Dream Catcher"},{"floor":11.0,"key":"Matryoshka"},{"floor":13.0,"key":"Pen Nib"},{"floor":26,"key":"Toxic Egg 2"},{"floor":26,"key":"Ornamental Fan"}],"event_choices":[{"damage_healed":0.0,"max_hp_gain":0.0,"max_hp_loss":0.0,"gold_gain":0.0,"event_name":"Match and Keep!","player_choice":"3 cards matched","floor":4.0,"gold_loss":0.0,"damage_taken":0.0,"cards_obtained":["Shame","Crippling Poison","Tools of the Trade"]},{"damage_healed":23.0,"max_hp_gain":0.0,"max_hp_loss":0.0,"gold_gain":0.0,"event_name":"Big Fish","player_choice":"Banana","floor":10.0,"gold_loss":0.0,"damage_taken":0.0},{"damage_healed":17.0,"max_hp_gain":0.0,"max_hp_loss":0.0,"gold_gain":0.0,"event_name":"The Cleric","player_choice":"Healed","floor":14.0,"gold_loss":35.0,"damage_taken":0.0},{"damage_healed":0.0,"max_hp_gain":0.0,"max_hp_loss":0.0,"gold_gain":0.0,"event_name":"Masked Bandits","player_choice":"Paid Fearfully","floor":21.0,"gold_loss":19.0,"damage_taken":0.0}],"is_beta":false,"boss_relics":[{"not_picked":["Snecko Eye","Calling Bell"],"picked":"Tiny House"}],"items_purged_floors":[19],"is_endless":false,"potions_floor_spawned":[1,2,5,22,24],"killed_by":"3 Cultists","ascension_level":2}