{"gold_per_floor":[114,131,131,131,24,62,95,139,139,139,172,191,116,134,134,230,230,245,245,29,29,29,29,59,59,131,146,163,183,183,198,198,273,273,286,304,324,46,0,0,32,45,45,77,77,90,102,49,49,49],"floor_reached":51,"playtime":2075,"items_purged":["Strike_R","Strike_R"],"score":1728,"play_id":"3725b19e-1d04-4c9b-9b97-e43444afd1b1","local_time":"20190426161017","is_ascension_mode":true,"campfire_choices":[{"data":"Good Instincts","floor":10.0,"key":"SMITH"},{"data":"Immolate","floor":15.0,"key":"SMITH"},{"data":"Barricade","floor":23.0,"key":"SMITH"},{"data":"Body Slam","floor":25.0,"key":"SMITH"},{"data":"Shrug It Off","floor":30.0,"key":"SMITH"},{"data":"Shrug It Off","floor":32.0,"key":"SMITH"},{"data":"Entrench","floor":40.0,"key":"SMITH"},{"data":"True Grit","floor":45,"key":"SMITH"},{"data":"Double Tap","floor":49,"key":"SMITH"}],"neow_cost":"NONE","seed_source_timestamp":2914573827499854,"circlet_count":0,"master_deck":["AscendersBane","Strike_R","Strike_R","Defend_R","Defend_R+1","Defend_R","Defend_R","Bash","Headbutt","Good Instincts+1","Feed","Shrug It Off+1","Pommel Strike","Immolate+1","Thunderclap","Barricade+1","Iron Wave","Shrug It Off+1","Ghostly","Ghostly","Ghostly","Body Slam+1","Shrug It Off","Shrug It Off+1","Impervious","Entrench+1","Shrug It Off","Parasite","Double Tap+1","Entrench","Good Instincts","Disarm","Clumsy","True Grit+1"],"special_seed":0,"relics":["Burning Blood","NeowsBlessing","Bloody Idol","Mercury Hourglass","Odd Mushroom","Regal Pillow","Bottled Lightning","Ornamental Fan","Coffee Dripper","War Paint","Enchiridion","Matryoshka","Art of War","Blue Candle","Cursed Key","Red Mask","Mummified Hand","Omamori","Sundial","Orichalcum"],"potions_floor_usage":[50],"damage_taken":[{"damage":0.0,"enemies":"Cultist","floor":1.0,"turns":1.0},{"damage":0.0,"enemies":"2 Louse","floor":2.0,"turns":1.0},{"damage":0.0,"enemies":"Lagavulin","floor":6.0,"turns":1.0},{"damage":10.0,"enemies":"The Mushroom Lair","floor":7.0,"turns":4.0},{"damage":27.0,"enemies":"3 Sentries","floor":8.0,"turns":9.0},{"damage":28.0,"enemies":"Gremlin Nob","floor":11.0,"turns":4.0},{"damage":0.0,"enemies":"Jaw Worm","floor":12.0,"turns":3.0},{"damage":3.0,"enemies":"Blue Slaver","floor":14.0,"turns":3.0},{"damage":48.0,"enemies":"Slime Boss","floor":16.0,"turns":8.0},{"damage":5.0,"enemies":"2 Thieves","floor":18.0,"turns":3.0},{"damage":11.0,"enemies":"Slavers","floor":24.0,"turns":5.0},{"damage":0.0,"enemies":"3 Byrds","floor":27.0,"turns":2.0},{"damage":0.0,"enemies":"3 Cultists","floor":28.0,"turns":3.0},{"damage":0.0,"enemies":"Sentry and Sphere","floor":29.0,"turns":5.0},{"damage":7.0,"enemies":"Shelled Parasite and Fungi","floor":31.0,"turns":5.0},{"damage":0.0,"enemies":"Collector","floor":33.0,"turns":6.0},{"damage":0.0,"enemies":"3 Shapes","floor":35.0,"turns":4.0},{"damage":12.0,"enemies":"Orb Walker","floor":36.0,"turns":5.0},{"damage":0.0,"enemies":"Writhing Mass","floor":37.0,"turns":7.0},{"damage":7.0,"enemies":"Reptomancer","floor":41.0,"turns":9.0},{"damage":13.0,"enemies":"Sphere and 2 Shapes","floor":42.0,"turns":6.0},{"damage":1,"enemies":"Giant Head","floor":44,"turns":9},{"damage":0,"enemies":"3 Darklings","floor":46,"turns":4},{"damage":1,"enemies":"Jaw Worm Horde","floor":47,"turns":4},{"damage":1,"enemies":"Awakened One","floor":50,"turns":10}],"seed_played":"6106069205052500808","potions_obtained":[{"floor":2.0,"key":"BloodPotion"},{"floor":7.0,"key":"PowerPotion"},{"floor":16.0,"key":"Explosive Potion"},{"floor":27.0,"key":"Regen Potion"},{"floor":33.0,"key":"BloodPotion"},{"floor":36.0,"key":"Block Potion"}],"is_trial":false,"path_per_floor":["M","M","?","?","$","E","?","E","T","R","E","M","$","M","R","B",null,"M","?","$","?","?","R","E","R","T","M","M","M","R","M","R","B",null,"M","M","M","$","?","R","E","M","T","E","R","M","M","$","R","B",null],"character_chosen":"IRONCLAD","items_purchased":["Good Instincts","Shrug It Off","War Paint","Entrench","Good Instincts","Dexterity Potion"],"campfire_rested":0,"item_purchase_floors":[5,20,20,38,38,48],"current_hp_per_floor":[74,75,68,68,68,68,67,56,56,56,34,43,43,49,49,7,62,63,63,63,40,19,19,19,19,24,38,43,43,43,43,43,43,43,46,45,46,46,46,46,46,44,44,46,46,46,46,46,46,46],"gold":49,"neow_bonus":"THREE_ENEMY_KILL","is_prod":false,"is_daily":false,"chose_seed":false,"campfire_upgraded":9,"win_rate":0,"timestamp":1556291417,"path_taken":["M","M","?","?","$","E","?","E","T","R","E","M","$","?","R","BOSS","M","?","$","?","?","R","E","R","T","M","M","M","R","?","R","BOSS","M","?","M","$","?","R","E","M","T","E","R","M","M","$","R","BOSS"],"build_version":"2019-01-23","purchased_purges":2,"victory":true,"max_hp_per_floor":[75,75,75,68,68,68,71,74,74,74,74,77,77,80,80,80,80,80,80,80,40,40,40,40,40,40,43,43,43,43,43,43,43,43,46,46,46,46,46,46,46,46,46,46,46,46,46,46,46,46],"card_choices":[{"not_picked":["Havoc","Heavy Blade","Body Slam"],"picked":"SKIP","floor":1.0},{"not_picked":["Pommel Strike","Heavy Blade"],"picked":"Headbutt","floor":2.0},{"not_picked":["Power Through","Headbutt"],"picked":"Feed","floor":6.0},{"not_picked":["Perfected Strike","True Grit"],"picked":"Shrug It Off","floor":7.0},{"not_picked":["Blood for Blood","Body Slam"],"picked":"Pommel Strike","floor":8.0},{"not_picked":["Havoc","Sentinel"],"picked":"Immolate","floor":11.0},{"not_picked":["Armaments","Second Wind"],"picked":"Thunderclap","floor":12.0},{"not_picked":["Ghostly Armor","Cleave","Sentinel"],"picked":"SKIP","floor":14.0},{"not_picked":["Impervious","Immolate"],"picked":"Barricade","floor":16.0},{"not_picked":["Cleave","Spot Weakness"],"picked":"Iron Wave","floor":18.0},{"not_picked":["Metallicize","Havoc"],"picked":"Body Slam","floor":24.0},{"not_picked":["Perfected Strike","Flex","Armaments"],"picked":"SKIP","floor":27.0},{"not_picked":["Havoc","Berserk"],"picked":"Shrug It Off","floor":28.0},{"not_picked":["Corruption","Seeing Red"],"picked":"Shrug It Off","floor":29.0},{"not_picked":["Clothesline","Havoc","Cleave"],"picked":"SKIP","floor":31.0},{"not_picked":["Fiend Fire","Feed"],"picked":"Impervious","floor":33.0},{"not_picked":["Wild Strike+1","Thunderclap"],"picked":"Entrench","floor":35.0},{"not_picked":["Fire Breathing","Clothesline"],"picked":"Shrug It Off","floor":36.0},{"not_picked":["Headbutt","Clash"],"picked":"Double Tap","floor":37.0},{"not_picked":["Rampage","Anger","Thunderclap"],"picked":"SKIP","floor":41.0},{"not_picked":["Sword Boomerang","Inflame"],"picked":"Disarm","floor":42.0},{"not_picked":["Wild Strike+1","Searing Blow+1"],"picked":"True Grit","floor":44},{"not_picked":["Rage","Perfected Strike+1","Warcry"],"picked":"SKIP","floor":46},{"not_picked":["Wild Strike","Anger+1","Reckless Charge"],"picked":"SKIP","floor":47}],"player_experience":211342,"relics_obtained":[{"floor":6.0,"key":"Mercury Hourglass"},{"floor":7.0,"key":"Odd Mushroom"},{"floor":8.0,"key":"Regal Pillow"},{"floor":9.0,"key":"Bottled Lightning"},{"floor":11.0,"key":"Ornamental Fan"},{"floor":22.0,"key":"Enchiridion"},{"floor":24.0,"key":"Matryoshka"},{"floor":26.0,"key":"Art of War"},{"floor":26.0,"key":"Blue Candle"},{"floor":41.0,"key":"Mummified Hand"},{"floor":43,"key":"Omamori"},{"floor":43,"key":"Sundial"},{"floor":44,"key":"Orichalcum"}],"event_choices":[{"cards_removed":["Strike_R"],"damage_healed":0.0,"max_hp_gain":0.0,"max_hp_loss":0.0,"gold_gain":0.0,"event_name":"Golden Wing","player_choice":"Card Removal","floor":3.0,"gold_loss":0.0,"damage_taken":7.0},{"damage_healed":0.0,"max_hp_gain":0.0,"max_hp_loss":7.0,"gold_gain":0.0,"event_name":"Golden Idol","player_choice":"Lose Max HP","floor":4.0,"gold_loss":0.0,"damage_taken":0.0,"relics_obtained":["Golden Idol"]},{"damage_healed":0.0,"max_hp_gain":0.0,"max_hp_loss":0.0,"gold_gain":0.0,"event_name":"Mushrooms","player_choice":"Fought Mushrooms","floor":7.0,"gold_loss":0.0,"damage_taken":0.0},{"damage_healed":0.0,"max_hp_gain":0.0,"max_hp_loss":0.0,"gold_gain":0.0,"event_name":"Forgotten Altar","player_choice":"Gave Idol","floor":19.0,"relics_lost":["Golden Idol"],"gold_loss":0.0,"damage_taken":0.0,"relics_obtained":["Bloody Idol"]},{"damage_healed":0.0,"max_hp_gain":0.0,"max_hp_loss":40.0,"gold_gain":0.0,"event_name":"Ghosts","player_choice":"Became a Ghost","floor":21.0,"gold_loss":0.0,"damage_taken":0.0,"cards_obtained":["Ghostly","Ghostly","Ghostly"]},{"damage_healed":0.0,"max_hp_gain":0.0,"max_hp_loss":0.0,"gold_gain":0.0,"event_name":"Cursed Tome","player_choice":"Obtained Book","floor":22.0,"gold_loss":0.0,"damage_taken":21.0},{"damage_healed":0.0,"max_hp_gain":0.0,"max_hp_loss":0.0,"gold_gain":0.0,"event_name":"Tomb of Lord Red Mask","player_choice":"Paid","floor":39.0,"gold_loss":46.0,"damage_taken":0.0,"relics_obtained":["Red Mask"]}],"is_beta":false,"boss_relics":[{"not_picked":["Tiny House","Pandora\u0027s Box"],"picked":"Coffee Dripper"},{"not_picked":["Calling Bell","Empty Cage"],"picked":"Cursed Key"}],"items_purged_floors":[13,38],"is_endless":false,"potions_floor_spawned":[2,7,16,27,28,29,33,36,37,44],"ascension_level":18}