{"gold_per_floor":[110,128,53,53,68,68,100,118,118,18,18,28,28,47,47,146,146,132,7,22,33,44,44,78,89,137,137,162,262,361,372,372,467,467,485,94,94,94,104,135,154,154,180,199,199,199,199,217,217,217],"floor_reached":51,"playtime":3016,"items_purged":["Pain","Strike_R","Strike_R","Defend_R"],"score":769,"play_id":"fc2db6ec-a707-4b93-a1a1-34f4ac2fce0a","local_time":"20180907185100","is_ascension_mode":false,"campfire_choices":[{"data":"Rampage","floor":6,"key":"SMITH"},{"data":"Bash","floor":11,"key":"SMITH"},{"data":"Iron Wave","floor":13,"key":"SMITH"},{"data":"Rage","floor":15,"key":"SMITH"},{"data":"Defend_R","floor":23,"key":"SMITH"},{"data":"Shrug It Off","floor":27,"key":"SMITH"},{"floor":32,"key":"REST"},{"floor":45,"key":"REST"},{"data":"1","floor":47,"key":"LIFT"},{"data":"2","floor":49,"key":"LIFT"}],"neow_cost":"CURSE","seed_source_timestamp":423815505588552,"circlet_count":0,"master_deck":["Strike_R","Strike_R","Defend_R","Defend_R+1","Defend_R","Bash+1","Rampage+1","Rage+1","Iron Wave+1","Headbutt","Clash+1","Shrug It Off+1","True Grit+1","Shrug It Off+1"],"relics":["Burning Blood","Mango","Kunai","Paper Frog","Busted Crown","Meat on the Bone","Potion Belt","Regal Pillow","WingedGreaves","Molten Egg 2","Fusion Hammer","Shuriken","Dream Catcher","Centennial Puzzle","Girya"],"potions_floor_usage":[7,16,24,28,33,46,50,50,50,50],"damage_taken":[{"damage":9,"enemies":"Jaw Worm","floor":1,"turns":4},{"damage":9,"enemies":"Cultist","floor":2,"turns":4},{"damage":0,"enemies":"2 Louse","floor":5,"turns":3},{"damage":18,"enemies":"Lagavulin","floor":7,"turns":8},{"damage":21,"enemies":"Exordium Thugs","floor":8,"turns":6},{"damage":5,"enemies":"Looter","floor":12,"turns":3},{"damage":1,"enemies":"Blue Slaver","floor":14,"turns":3},{"damage":3,"enemies":"The Guardian","floor":16,"turns":11},{"damage":18,"enemies":"2 Thieves","floor":18,"turns":4},{"damage":5,"enemies":"3 Byrds","floor":20,"turns":6},{"damage":0,"enemies":"Centurion and Healer","floor":21,"turns":4},{"damage":17,"enemies":"Snake Plant","floor":22,"turns":4},{"damage":19,"enemies":"Slavers","floor":24,"turns":7},{"damage":0,"enemies":"Snecko","floor":25,"turns":5},{"damage":25,"enemies":"Gremlin Leader","floor":28,"turns":9},{"damage":2,"enemies":"Colosseum Slavers","floor":29,"turns":5},{"damage":28,"enemies":"Colosseum Nobs","floor":29,"turns":5},{"damage":12,"enemies":"Centurion and Healer","floor":31,"turns":5},{"damage":53,"enemies":"Collector","floor":33,"turns":15},{"damage":7,"enemies":"Orb Walker","floor":35,"turns":5},{"damage":21,"enemies":"3 Darklings","floor":39,"turns":9},{"damage":59,"enemies":"Giant Head","floor":40,"turns":8},{"damage":15,"enemies":"Maw","floor":41,"turns":7},{"damage":11,"enemies":"Sphere and 2 Shapes","floor":44,"turns":7},{"damage":20,"enemies":"Mind Bloom Boss Battle","floor":46,"turns":6},{"damage":12,"enemies":"4 Shapes","floor":48,"turns":9},{"damage":64,"enemies":"Time Eater","floor":50,"turns":13}],"seed_played":"-285277570454265629","potions_obtained":[{"floor":1,"key":"PowerPotion"},{"floor":2,"key":"PowerPotion"},{"floor":7,"key":"Dexterity Potion"},{"floor":8,"key":"SpeedPotion"},{"floor":18,"key":"Strength Potion"},{"floor":24,"key":"Strength Potion"},{"floor":33,"key":"Dexterity Potion"},{"floor":35,"key":"EssenceOfSteel"},{"floor":39,"key":"SmokeBomb"},{"floor":44,"key":"PowerPotion"},{"floor":46,"key":"BloodPotion"}],"is_trial":false,"path_per_floor":["M","M","$","?","M","R","E","M","T","$","R","M","R","M","R","B",null,"M","$","M","M","M","R","E","M","T","R","E","?","?","M","R","B",null,"M","$","?","?","M","E","M","?","T","M","R","?","R","M","R","B"],"character_chosen":"IRONCLAD","items_purchased":["Shuriken"],"campfire_rested":2,"item_purchase_floors":[36],"current_hp_per_floor":[91,88,88,88,94,94,82,67,67,67,67,68,68,73,73,76,94,82,82,83,89,78,78,65,71,71,71,64,58,58,64,94,59,94,93,93,93,93,78,37,40,40,40,47,90,76,76,70,70,33],"gold":217,"neow_bonus":"ONE_RARE_RELIC","is_prod":false,"is_daily":false,"chose_seed":false,"campfire_upgraded":6,"win_rate":0,"timestamp":1536371460,"path_taken":["M","M","$","?","M","R","E","M","T","$","R","M","R","M","R","BOSS","M","$","M","M","M","R","E","M","T","R","E","?","?","M","R","BOSS","M","$","?","?","M","E","M","?","T","?","R","?","R","M","R","BOSS"],"build_version":"2018-09-06","purchased_purges":4,"victory":true,"max_hp_per_floor":[94,94,94,94,94,94,94,94,94,94,94,94,94,94,94,94,94,94,94,94,94,94,94,94,94,94,94,94,94,94,94,94,94,94,94,94,94,94,94,94,94,94,94,94,94,94,94,94,94,94],"card_choices":[{"not_picked":["Headbutt","Burning Pact","Body Slam"],"picked":"SKIP","floor":1},{"not_picked":["Reckless Charge","Perfected Strike"],"picked":"Rampage","floor":2},{"not_picked":["Clothesline","Warcry","Wild Strike"],"picked":"SKIP","floor":5},{"not_picked":["Rupture","Carnage","Anger"],"picked":"SKIP","floor":7},{"not_picked":["Carnage","Inflame"],"picked":"Iron Wave","floor":8},{"not_picked":["Reckless Charge","Perfected Strike","Sever Soul"],"picked":"SKIP","floor":12},{"not_picked":["Shrug It Off","Entrench"],"picked":"Headbutt","floor":14},{"not_picked":["Wild Strike"],"picked":"SKIP","floor":18},{"not_picked":["Headbutt"],"picked":"SKIP","floor":20},{"not_picked":["Iron Wave+1"],"picked":"SKIP","floor":21},{"not_picked":[],"picked":"Clash+1","floor":22},{"not_picked":[],"picked":"Shrug It Off","floor":24},{"not_picked":["Sword Boomerang"],"picked":"SKIP","floor":25},{"not_picked":["Fire Breathing"],"picked":"SKIP","floor":28},{"not_picked":[],"picked":"True Grit+1","floor":29},{"not_picked":["Juggernaut"],"picked":"SKIP","floor":31},{"not_picked":["Wild Strike+1"],"picked":"SKIP","floor":35},{"not_picked":["Clothesline+1"],"picked":"SKIP","floor":39},{"not_picked":["Pummel+1"],"picked":"SKIP","floor":40},{"not_picked":["Twin Strike+1"],"picked":"SKIP","floor":41},{"not_picked":["Twin Strike+1"],"picked":"SKIP","floor":44},{"not_picked":["Warcry+1"],"picked":"SKIP","floor":48}],"player_experience":188129,"relics_obtained":[{"floor":7,"key":"Kunai"},{"floor":9,"key":"Paper Frog"},{"floor":24,"key":"Meat on the Bone"},{"floor":26,"key":"Potion Belt"},{"floor":28,"key":"Regal Pillow"},{"floor":29,"key":"WingedGreaves"},{"floor":29,"key":"Molten Egg 2"},{"floor":40,"key":"Dream Catcher"},{"floor":43,"key":"Centennial Puzzle"},{"floor":46,"key":"Girya"}],"event_choices":[{"event_name":"Transmorgrifier","player_choice":"Transform","floor":4,"damage_taken":0},{"event_name":"Colosseum","player_choice":"Fight","floor":29,"damage_taken":0},{"event_name":"Colosseum","player_choice":"Fought Nobs","floor":29,"damage_taken":0},{"event_name":"Nest","player_choice":"Stole From Cult","floor":30,"damage_taken":0},{"event_name":"SecretPortal","player_choice":"Rejected Portal.","floor":37,"damage_taken":0},{"event_name":"Duplicator","player_choice":"One dupe","floor":38,"damage_taken":0},{"event_name":"Match and Keep!","player_choice":"0 cards matched","floor":42,"damage_taken":0},{"event_name":"MindBloom","player_choice":"Fight","floor":46,"damage_taken":0}],"is_beta":false,"boss_relics":[{"not_picked":["Orrery","Pandora\u0027s Box"],"picked":"Busted Crown"},{"not_picked":["Black Blood","Coffee Dripper"],"picked":"Fusion Hammer"}],"items_purged_floors":[3,10,19,36],"is_endless":false,"potions_floor_spawned":[1,2,7,8,18,24,25,29,33,35,39,44,46],"ascension_level":0}