{"gold_per_floor":[14,32,32,44,44,79,79,110,110,123,152,152,152,195,195,324,324,345,369,468,48,71,71,71,71,71,71,91,91,91,39,39,139,139,150,170,185,203,255,255,290,309,309,321,333,333,344,360,360,360],"floor_reached":50,"playtime":4776,"items_purged":[],"score":898,"play_id":"c2488e98-97f8-4f17-adc1-560592f0cd32","local_time":"20190402010627","is_ascension_mode":true,"campfire_choices":[{"data":"Armaments","floor":7,"key":"SMITH"},{"data":"Bash","floor":15,"key":"SMITH"},{"floor":23,"key":"REST"},{"floor":25,"key":"REST"},{"data":"Shrug It Off","floor":30,"key":"SMITH"},{"floor":32,"key":"REST"},{"floor":40,"key":"REST"},{"floor":46,"key":"REST"},{"floor":49,"key":"REST"}],"neow_cost":"NO_GOLD","seed_source_timestamp":55195600340828,"circlet_count":0,"master_deck":["Strike_R","Strike_R","Strike_R","Strike_R","Strike_R","Defend_R","Defend_R","Defend_R+1","Bash+1","Immolate","Perfected Strike+1","Armaments+1","Shockwave","Perfected Strike","Iron Wave","Double Tap","Injury","Demon Form","Perfected Strike","Reaper","Perfected Strike","Shrug It Off+1","Impervious","Apotheosis","Metallicize+1","Writhe","Shrug It Off","Impervious","Parasite","Injury","Regret","Shrug It Off+1","Body Slam+1","Pommel Strike","Headbutt+1","Pommel Strike+1"],"relics":["Burning Blood","Pen Nib","Du-Vu Doll","Kunai","StoneCalendar","Bloody Idol","Bottled Flame","Orrery","Oddly Smooth Stone","Self Forming Clay","Orichalcum","Calling Bell","Smiling Mask","Letter Opener","Pocketwatch","Girya","Magic Flower","Prayer Wheel"],"potions_floor_usage":[18,22,22,39,42,44,45,48,50,50],"damage_taken":[{"damage":12,"enemies":"Small Slimes","floor":1,"turns":2},{"damage":1,"enemies":"Cultist","floor":2,"turns":3},{"damage":0,"enemies":"2 Louse","floor":4,"turns":1},{"damage":16,"enemies":"Gremlin Nob","floor":6,"turns":3},{"damage":15,"enemies":"3 Sentries","floor":8,"turns":4},{"damage":0,"enemies":"2 Fungi Beasts","floor":10,"turns":2},{"damage":0,"enemies":"Gremlin Nob","floor":11,"turns":2},{"damage":5,"enemies":"Lagavulin","floor":14,"turns":5},{"damage":32,"enemies":"Slime Boss","floor":16,"turns":7},{"damage":42,"enemies":"Shell Parasite","floor":18,"turns":6},{"damage":44,"enemies":"3 Byrds","floor":19,"turns":6},{"damage":30,"enemies":"Centurion and Healer","floor":22,"turns":7},{"damage":12,"enemies":"Colosseum Slavers","floor":24,"turns":3},{"damage":14,"enemies":"Cultist and Chosen","floor":28,"turns":6},{"damage":66,"enemies":"Champ","floor":33,"turns":12},{"damage":19,"enemies":"Orb Walker","floor":35,"turns":4},{"damage":53,"enemies":"3 Darklings","floor":36,"turns":7},{"damage":32,"enemies":"Sphere and 2 Shapes","floor":37,"turns":7},{"damage":16,"enemies":"4 Shapes","floor":38,"turns":7},{"damage":38,"enemies":"2 Orb Walkers","floor":39,"turns":5},{"damage":41,"enemies":"Nemesis","floor":41,"turns":7},{"damage":48,"enemies":"Maw","floor":42,"turns":8},{"damage":51,"enemies":"Writhing Mass","floor":44,"turns":7},{"damage":26,"enemies":"Sphere and 2 Shapes","floor":45,"turns":7},{"damage":29,"enemies":"Maw","floor":47,"turns":8},{"damage":27,"enemies":"Transient","floor":48,"turns":5},{"damage":123,"enemies":"Awakened One","floor":50,"turns":12}],"seed_played":"-6686237214054237535","potions_obtained":[{"floor":8,"key":"Weak Potion"},{"floor":11,"key":"LiquidBronze"},{"floor":14,"key":"Fruit Juice"},{"floor":16,"key":"Swift Potion"},{"floor":18,"key":"GamblersBrew"},{"floor":36,"key":"FearPotion"},{"floor":37,"key":"AttackPotion"},{"floor":41,"key":"EssenceOfSteel"},{"floor":42,"key":"LiquidBronze"},{"floor":44,"key":"SkillPotion"},{"floor":45,"key":"Weak Potion"}],"is_trial":false,"path_per_floor":["?","M","?","?","?","?","?","?","?","?"],"character_chosen":"IRONCLAD","items_purchased":["Impervious","Apotheosis","Oddly Smooth Stone","Shrug It Off"],"campfire_rested":6,"item_purchase_floors":[21,21,21,31],"current_hp_per_floor":[66,71,71,77,61,51,51,42,42,48,54,54,59,60,60,34,72,45,11,11,11,7,34,28,55,55,55,47,47,47,47,74,43,78,88,78,65,60,33,60,39,34,34,33,21,48,42,29,56,0],"gold":360,"neow_bonus":"THREE_RARE_CARDS","is_prod":false,"is_daily":false,"chose_seed":false,"campfire_upgraded":3,"win_rate":0,"timestamp":1554188787,"path_taken":["M","M","?","?","?","E","R","E","T","M","E","?","?","E","R","BOSS","M","M","?","$","M","R","?","R","T","?","M","?","R","$","R","BOSS","M","M","M","M","?","R","E","M","T","M","M","R","M","M","R","BOSS"],"build_version":"2019-01-23","purchased_purges":0,"victory":false,"max_hp_per_floor":[80,80,80,80,80,80,80,80,80,80,80,80,85,85,85,85,85,90,90,90,90,90,90,90,90,90,90,90,90,90,90,90,90,90,90,90,90,90,90,90,90,90,90,90,90,90,90,90,90,90],"card_choices":[{"not_picked":["Berserk","Bludgeon"],"picked":"Immolate","floor":0},{"not_picked":["Thunderclap","Bloodletting"],"picked":"Perfected Strike","floor":1},{"not_picked":["Body Slam","Fire Breathing"],"picked":"Armaments","floor":2},{"not_picked":["Pummel","Headbutt"],"picked":"Perfected Strike","floor":4},{"not_picked":["Bludgeon","Cleave"],"picked":"Iron Wave","floor":6},{"not_picked":["Flex","Wild Strike"],"picked":"Double Tap","floor":8},{"not_picked":["Clash","Intimidate","Heavy Blade"],"picked":"SKIP","floor":10},{"not_picked":["Body Slam","Cleave","Flex"],"picked":"SKIP","floor":11},{"not_picked":["Combust","Body Slam","Second Wind"],"picked":"SKIP","floor":14},{"not_picked":["Limit Break","Brutality"],"picked":"Demon Form","floor":16},{"not_picked":["Clothesline","True Grit"],"picked":"Perfected Strike","floor":17},{"not_picked":["Body Slam","True Grit"],"picked":"Reaper","floor":17},{"not_picked":["Twin Strike","Searing Blow"],"picked":"Perfected Strike","floor":17},{"not_picked":["Anger+1","Body Slam","Heavy Blade"],"picked":"SKIP","floor":18},{"not_picked":["Wild Strike","Blood for Blood"],"picked":"Shrug It Off","floor":19},{"not_picked":["Wild Strike","Spot Weakness+1"],"picked":"Metallicize+1","floor":22},{"not_picked":["Heavy Blade+1","Thunderclap","Cleave"],"picked":"SKIP","floor":28},{"not_picked":["Feed","Juggernaut"],"picked":"Impervious","floor":33},{"not_picked":["Clothesline","Thunderclap+1","Anger+1"],"picked":"SKIP","floor":35},{"not_picked":["Berserk","Clothesline+1"],"picked":"Shrug It Off+1","floor":36},{"not_picked":["Twin Strike","Armaments+1"],"picked":"Body Slam+1","floor":37},{"not_picked":["Sword Boomerang+1","Wild Strike","Twin Strike+1"],"picked":"SKIP","floor":38},{"not_picked":["Thunderclap+1","Feel No Pain"],"picked":"Pommel Strike","floor":41},{"not_picked":["Anger","Flex+1","Hemokinesis"],"picked":"SKIP","floor":42},{"not_picked":["Rage+1","Warcry+1"],"picked":"Headbutt+1","floor":44},{"not_picked":["Sword Boomerang+1","Shockwave"],"picked":"Pommel Strike+1","floor":44},{"not_picked":["Anger","Heavy Blade+1","Whirlwind"],"picked":"SKIP","floor":45},{"not_picked":["Twin Strike","Infernal Blade+1","Flex+1"],"picked":"SKIP","floor":45},{"not_picked":["Perfected Strike+1","Clothesline+1","Heavy Blade+1"],"picked":"SKIP","floor":47},{"not_picked":["Clash","Hemokinesis","Iron Wave"],"picked":"SKIP","floor":47},{"not_picked":["Feed","Pummel","Anger"],"picked":"SKIP","floor":48},{"not_picked":["Wild Strike","Power Through","Iron Wave"],"picked":"SKIP","floor":48}],"player_experience":420394,"relics_obtained":[{"floor":6,"key":"Pen Nib"},{"floor":8,"key":"Du-Vu Doll"},{"floor":9,"key":"Kunai"},{"floor":11,"key":"StoneCalendar"},{"floor":14,"key":"Bottled Flame"},{"floor":26,"key":"Self Forming Clay"},{"floor":34,"key":"Smiling Mask"},{"floor":34,"key":"Letter Opener"},{"floor":34,"key":"Pocketwatch"},{"floor":39,"key":"Girya"},{"floor":41,"key":"Magic Flower"},{"floor":43,"key":"Prayer Wheel"}],"event_choices":[{"damage_healed":0,"gold_gain":0,"cards_transformed":["Defend_R"],"player_choice":"Transformed","damage_taken":0,"max_hp_gain":0,"max_hp_loss":0,"event_name":"Transmorgrifier","floor":3,"gold_loss":0,"cards_obtained":["Shockwave"]},{"damage_healed":0,"gold_gain":0,"player_choice":"Entered Light","damage_taken":16,"max_hp_gain":0,"max_hp_loss":0,"event_name":"Shining Light","floor":5,"gold_loss":0,"cards_upgraded":["Perfected Strike","Defend_R"]},{"damage_healed":0,"gold_gain":0,"player_choice":"Take Wound","damage_taken":0,"relics_obtained":["Golden Idol"],"max_hp_gain":0,"max_hp_loss":0,"event_name":"Golden Idol","floor":12,"gold_loss":0,"cards_obtained":["Injury"]},{"damage_healed":0,"gold_gain":0,"player_choice":"Donut","damage_taken":0,"max_hp_gain":5,"max_hp_loss":0,"event_name":"Big Fish","floor":13,"gold_loss":0},{"damage_healed":0,"gold_gain":99,"player_choice":"Stole From Cult","damage_taken":0,"max_hp_gain":0,"max_hp_loss":0,"event_name":"Nest","floor":20,"gold_loss":0},{"damage_healed":0,"gold_gain":0,"player_choice":"Fight","damage_taken":0,"max_hp_gain":0,"max_hp_loss":0,"event_name":"Colosseum","floor":24,"gold_loss":0},{"damage_healed":0,"gold_gain":0,"player_choice":"Fled From Nobs","damage_taken":0,"max_hp_gain":0,"max_hp_loss":0,"event_name":"Colosseum","floor":24,"gold_loss":0},{"damage_healed":0,"gold_gain":0,"player_choice":"Opened","damage_taken":0,"relics_obtained":["Orichalcum"],"max_hp_gain":0,"max_hp_loss":0,"event_name":"The Mausoleum","floor":27,"gold_loss":0,"cards_obtained":["Writhe"]},{"damage_healed":0,"gold_gain":0,"player_choice":"Gave Idol","damage_taken":0,"relics_obtained":["Bloody Idol"],"max_hp_gain":0,"max_hp_loss":0,"event_name":"Forgotten Altar","floor":29,"relics_lost":["Golden Idol"],"gold_loss":0},{"damage_healed":0,"gold_gain":0,"player_choice":"Fight","damage_taken":0,"max_hp_gain":0,"max_hp_loss":0,"event_name":"Mysterious Sphere","floor":39,"gold_loss":0}],"is_beta":false,"boss_relics":[{"not_picked":["Runic Dome","White Beast Statue"],"picked":"Orrery"},{"not_picked":["Coffee Dripper","Empty Cage"],"picked":"Calling Bell"}],"items_purged_floors":[],"is_endless":false,"potions_floor_spawned":[8,11,14,16,18,19,36,37,41,42,44,45],"killed_by":"Awakened One","ascension_level":7}