{"gold_per_floor":[116,66,16,16,27,27,41,72,72,98,98,128,128,147,147,251,251,262,276,287,287,3,36,36,71,97,22,22,41,41,75,75,173,173,183,183,183,87,99,99],"floor_reached":40,"playtime":2751,"items_purged":["Writhe"],"score":483,"play_id":"bde30fb4-7603-41a2-bd2f-13ba861dd6ad","local_time":"20190429205857","is_ascension_mode":true,"campfire_choices":[{"data":"Dualcast","floor":6,"key":"SMITH"},{"data":"Capacitor","floor":15,"key":"SMITH"},{"data":"Biased Cognition","floor":28,"key":"SMITH"},{"floor":30,"key":"REST"},{"floor":32,"key":"REST"}],"neow_cost":"NONE","seed_source_timestamp":1286005759199871,"circlet_count":0,"master_deck":["Strike_B","Strike_B+1","Strike_B","Defend_B","Defend_B","Defend_B","Defend_B","Zap+1","Dualcast+1","Capacitor+1","Cold Snap","Ball Lightning","Reinforced Body+1","Redo+1","Steam+1","Redo+1","Biased Cognition+1","Hologram+1","Ball Lightning","Barrage","Defragment","Panache","Core Surge","Fusion+1","BootSequence+1","Electrodynamics","Sweeping Beam","Magnetism","Coolheaded+1","Beam Cell"],"relics":["Cracked Core","Art of War","Meat on the Bone","Toxic Egg 2","Strawberry","Potion Belt","Sozu","Lantern","Question Card","MutagenicStrength","Ancient Tea Set","Anchor","Boot","Black Star"],"potions_floor_usage":[8,8,16,18,20,25],"damage_taken":[{"damage":0,"enemies":"2 Louse","floor":1,"turns":3},{"damage":0,"enemies":"Small Slimes","floor":5,"turns":2},{"damage":0,"enemies":"Cultist","floor":7,"turns":4},{"damage":2,"enemies":"3 Sentries","floor":8,"turns":4},{"damage":24,"enemies":"Gremlin Nob","floor":10,"turns":4},{"damage":11,"enemies":"3 Sentries","floor":12,"turns":7},{"damage":9,"enemies":"Exordium Thugs","floor":14,"turns":4},{"damage":18,"enemies":"Hexaghost","floor":16,"turns":9},{"damage":0,"enemies":"Spheric Guardian","floor":18,"turns":3},{"damage":9,"enemies":"Shell Parasite","floor":19,"turns":6},{"damage":0,"enemies":"Cultist and Chosen","floor":20,"turns":7},{"damage":27,"enemies":"Gremlin Leader","floor":23,"turns":6},{"damage":24,"enemies":"Slavers","floor":25,"turns":5},{"damage":11,"enemies":"Snecko","floor":29,"turns":5},{"damage":30,"enemies":"Book of Stabbing","floor":31,"turns":6},{"damage":69,"enemies":"Automaton","floor":33,"turns":10},{"damage":0,"enemies":"Orb Walker","floor":35,"turns":3},{"damage":2,"enemies":"3 Shapes","floor":39,"turns":4},{"damage":93,"enemies":"Giant Head","floor":40,"turns":9}],"seed_played":"-6040471876759482521","potions_obtained":[{"floor":1,"key":"Fire Potion"},{"floor":5,"key":"SkillPotion"},{"floor":13,"key":"FairyPotion"},{"floor":13,"key":"Regen Potion"},{"floor":13,"key":"Explosive Potion"},{"floor":14,"key":"FearPotion"},{"floor":16,"key":"Weak Potion"}],"is_trial":false,"path_per_floor":["M","?","$","?","M","R","M","E","T","E","?","E","?","M","R","B",null,"M","M","M","?","$","E","?","E","T","$","R","M","R","E","R","B",null,"M","?","?","$","M","E"],"character_chosen":"DEFECT","items_purchased":["Cold Snap","Defragment","Panache","Fusion+1","Coolheaded+1","Beam Cell"],"campfire_rested":2,"item_purchase_floors":[3,22,22,27,38,38],"current_hp_per_floor":[75,75,75,75,75,75,75,73,73,56,40,41,41,44,44,53,82,82,73,73,73,73,46,46,34,34,34,34,35,59,41,65,20,82,82,82,82,82,80,0],"gold":99,"neow_bonus":"RANDOM_COMMON_RELIC","is_prod":false,"is_daily":false,"chose_seed":false,"campfire_upgraded":3,"win_rate":0,"timestamp":1556567937,"path_taken":["M","?","$","?","M","R","M","E","T","E","?","E","?","M","R","BOSS","M","?","M","?","$","E","?","E","T","?","R","M","R","E","R","BOSS","M","?","?","$","M","E"],"build_version":"2019-01-23","purchased_purges":1,"victory":false,"max_hp_per_floor":[75,75,75,75,75,75,75,75,75,82,82,82,82,82,82,82,82,82,82,82,82,82,82,82,82,82,82,82,82,82,82,82,82,82,82,82,82,82,82,82],"card_choices":[{"not_picked":["Double Energy","Redo"],"picked":"Capacitor","floor":1},{"not_picked":["Conserve Battery","Leap","Turbo"],"picked":"SKIP","floor":5},{"not_picked":["Skim","Rip and Tear"],"picked":"Ball Lightning","floor":7},{"not_picked":["Recycle","Rip and Tear"],"picked":"Reinforced Body","floor":8},{"not_picked":["Hologram+1","Leap+1"],"picked":"Redo+1","floor":10},{"not_picked":["Conserve Battery+1","Barrage"],"picked":"Steam+1","floor":12},{"not_picked":["Barrage","Beam Cell"],"picked":"Redo+1","floor":14},{"not_picked":["Buffer","Hyperbeam"],"picked":"Biased Cognition","floor":16},{"not_picked":["Conserve Battery+1","Compile Driver+1"],"picked":"Hologram+1","floor":18},{"not_picked":["Streamline+1","Sunder"],"picked":"Ball Lightning","floor":19},{"not_picked":["Steam Power+1","Rebound"],"picked":"Barrage","floor":20},{"not_picked":["Force Field+1","Sweeping Beam+1","Streamline"],"picked":"SKIP","floor":23},{"not_picked":["Aggregate+1","Barrage","Rip and Tear"],"picked":"Core Surge","floor":25},{"not_picked":["Beam Cell","Aggregate+1","Heatsinks","Gash"],"picked":"SKIP","floor":29},{"not_picked":["Streamline","Conserve Battery+1","Steam+1"],"picked":"BootSequence+1","floor":31},{"not_picked":["Thunder Strike","Creative AI","Hyperbeam"],"picked":"Electrodynamics","floor":33},{"not_picked":["Compile Driver","Steam+1","Cold Snap","Sweeping Beam"],"picked":"SKIP","floor":35},{"not_picked":["Compile Driver","Steam+1","Cold Snap"],"picked":"Sweeping Beam","floor":35},{"not_picked":["Finesse+1","Dramatic Entrance","Forethought+1"],"picked":"Magnetism","floor":36},{"not_picked":["Steam+1","Hello World","Conserve Battery+1","Coolheaded+1"],"picked":"SKIP","floor":39}],"player_experience":1874183,"relics_obtained":[{"floor":8,"key":"Meat on the Bone"},{"floor":9,"key":"Toxic Egg 2"},{"floor":10,"key":"Strawberry"},{"floor":12,"key":"Potion Belt"},{"floor":23,"key":"Question Card"},{"floor":25,"key":"Ancient Tea Set"},{"floor":26,"key":"Anchor"},{"floor":31,"key":"Boot"}],"event_choices":[{"cards_removed":["Strike_B"],"damage_healed":0,"gold_gain":0,"player_choice":"Card Removal","damage_taken":0,"max_hp_gain":0,"max_hp_loss":0,"event_name":"The Cleric","floor":2,"gold_loss":50},{"damage_healed":0,"gold_gain":0,"player_choice":"Grow","damage_taken":0,"max_hp_gain":0,"max_hp_loss":0,"event_name":"Living Wall","floor":4,"gold_loss":0,"cards_upgraded":["Zap"]},{"damage_healed":0,"gold_gain":0,"player_choice":"Entered Light","damage_taken":16,"max_hp_gain":0,"max_hp_loss":0,"event_name":"Shining Light","floor":11,"gold_loss":0,"cards_upgraded":["Strike_B","Reinforced Body"]},{"damage_healed":0,"gold_gain":0,"player_choice":"Got Potions","damage_taken":0,"max_hp_gain":0,"max_hp_loss":0,"event_name":"Lab","floor":13,"gold_loss":0},{"damage_healed":0,"gold_gain":0,"player_choice":"Opened","damage_taken":0,"relics_obtained":["Lantern"],"max_hp_gain":0,"max_hp_loss":0,"event_name":"The Mausoleum","floor":21,"gold_loss":0,"cards_obtained":["Writhe"]},{"damage_healed":0,"gold_gain":0,"player_choice":"Inject Mutagens","damage_taken":0,"relics_obtained":["MutagenicStrength"],"max_hp_gain":0,"max_hp_loss":0,"event_name":"Drug Dealer","floor":24,"gold_loss":0},{"damage_healed":0,"gold_gain":0,"player_choice":"Memory 1","damage_taken":0,"max_hp_gain":0,"max_hp_loss":0,"event_name":"SensoryStone","floor":36,"gold_loss":0},{"damage_healed":0,"gold_gain":0,"player_choice":"Ignored","damage_taken":0,"max_hp_gain":0,"max_hp_loss":0,"event_name":"Tomb of Lord Red Mask","floor":37,"gold_loss":0}],"is_beta":false,"boss_relics":[{"not_picked":["Astrolabe","Inserter"],"picked":"Sozu"},{"not_picked":["Runic Pyramid","Pandora\u0027s Box"],"picked":"Black Star"}],"items_purged_floors":[22],"is_endless":false,"potions_floor_spawned":[1,5,14,16,19,23,29,39],"killed_by":"Giant Head","ascension_level":1}