{"gold_per_floor":[112,129,144,160,15,43,43,60,140,140,167,242,254,271,271,368,368,378,394,404,419,438,438,470,470,497,512,541,541,541,541,541,541],"floor_reached":33,"playtime":2349,"items_purged":[],"score":406,"play_id":"da2009df-8966-4a4d-8126-5439312bc71f","local_time":"20190410214506","is_ascension_mode":true,"campfire_choices":[{"data":"Bash","floor":7,"key":"SMITH"},{"data":"True Grit","floor":10,"key":"SMITH"},{"floor":15,"key":"REST"},{"data":"Fiend Fire","floor":23,"key":"SMITH"},{"floor":25,"key":"REST"},{"floor":30,"key":"REST"},{"data":"Infernal Blade","floor":32,"key":"SMITH"}],"neow_cost":"NONE","seed_source_timestamp":359504278163519,"circlet_count":0,"master_deck":["Strike_R","Strike_R","Strike_R+1","Strike_R","Defend_R","Defend_R","Defend_R","Defend_R","Bash+1","Sword Boomerang","Perfected Strike","Spot Weakness","Wild Strike","Twin Strike","True Grit+1","Offering","Feel No Pain","Headbutt","Fiend Fire+1","Pummel+1","Rampage+1","Armaments+1","Pommel Strike+1","Infernal Blade+1","RitualDagger"],"special_seed":0,"relics":["Burning Blood","Vajra","Letter Opener","Pear","Dead Branch","Whetstone","Red Skull","Thread and Needle"],"potions_floor_usage":[6,21,24,27,28,33,33],"damage_taken":[{"damage":3.0,"enemies":"Jaw Worm","floor":1.0,"turns":4.0},{"damage":7.0,"enemies":"Small Slimes","floor":2.0,"turns":3.0},{"damage":6.0,"enemies":"Cultist","floor":3.0,"turns":3.0},{"damage":0.0,"enemies":"3 Louse","floor":4.0,"turns":3.0},{"damage":20,"enemies":"Lagavulin","floor":6,"turns":3},{"damage":3,"enemies":"Blue Slaver","floor":8,"turns":2},{"damage":36,"enemies":"3 Sentries","floor":11,"turns":6},{"damage":17,"enemies":"Lots of Slimes","floor":13,"turns":3},{"damage":8,"enemies":"Exordium Wildlife","floor":14,"turns":2},{"damage":27,"enemies":"Slime Boss","floor":16,"turns":6},{"damage":9,"enemies":"3 Byrds","floor":18,"turns":3},{"damage":7,"enemies":"2 Thieves","floor":19,"turns":4},{"damage":31,"enemies":"Sentry and Sphere","floor":20,"turns":4},{"damage":11,"enemies":"Snecko","floor":21,"turns":3},{"damage":6,"enemies":"Chosen and Byrds","floor":22,"turns":5},{"damage":26,"enemies":"Book of Stabbing","floor":24,"turns":3},{"damage":9,"enemies":"Centurion and Healer","floor":27,"turns":4},{"damage":47,"enemies":"Gremlin Leader","floor":28,"turns":6},{"damage":49,"enemies":"Collector","floor":33,"turns":5}],"seed_played":"3952290986811816484","potions_obtained":[{"floor":3.0,"key":"Swift Potion"},{"floor":6,"key":"BloodPotion"},{"floor":8,"key":"Ancient Potion"},{"floor":16,"key":"Regen Potion"},{"floor":21,"key":"SteroidPotion"},{"floor":24,"key":"Fire Potion"},{"floor":28,"key":"FearPotion"}],"is_trial":false,"path_per_floor":["M","M","M","M","$","E","R","M","T","R","E","?","M","M","R","B",null,"M","M","M","M","M","R","E","R","T","M","E","?","R","?","R","B"],"character_chosen":"IRONCLAD","items_purchased":["Vajra"],"campfire_rested":3,"item_purchase_floors":[5],"current_hp_per_floor":[75,74,74,80,80,66,66,69,79,79,49,38,27,25,52,31,75,72,71,46,50,50,50,30,57,57,54,22,22,49,43,43,0],"gold":541,"neow_bonus":"TRANSFORM_CARD","is_prod":false,"is_daily":false,"chose_seed":false,"campfire_upgraded":4,"win_rate":0,"timestamp":1554900306,"path_taken":["M","M","M","M","$","E","R","M","T","R","E","?","M","M","R","BOSS","M","M","M","M","M","R","E","R","T","M","E","?","R","?","R","BOSS"],"build_version":"2019-01-23","purchased_purges":0,"victory":false,"max_hp_per_floor":[80,80,80,80,80,80,80,80,90,90,90,90,90,90,90,90,90,90,90,90,90,90,90,90,90,90,90,90,90,90,90,90,90],"card_choices":[{"not_picked":["Infernal Blade","Shrug It Off"],"picked":"Perfected Strike","floor":1.0},{"not_picked":["Disarm","Battle Trance"],"picked":"Spot Weakness","floor":2.0},{"not_picked":["Clash","Thunderclap"],"picked":"Wild Strike","floor":3.0},{"not_picked":["Heavy Blade","Headbutt"],"picked":"Twin Strike","floor":4.0},{"not_picked":["Reckless Charge","Anger","Havoc"],"picked":"SKIP","floor":6},{"not_picked":["Heavy Blade","Wild Strike"],"picked":"True Grit","floor":8},{"not_picked":["Burning Pact","Armaments"],"picked":"Offering","floor":11},{"not_picked":["Pummel","Intimidate"],"picked":"Feel No Pain","floor":13},{"not_picked":["Dropkick","Anger"],"picked":"Headbutt","floor":14},{"not_picked":["Double Tap","Demon Form"],"picked":"Fiend Fire","floor":16},{"not_picked":["Rupture","Shrug It Off"],"picked":"Pummel","floor":18},{"not_picked":["Headbutt+1","Entrench"],"picked":"Rampage+1","floor":19},{"not_picked":["Armaments","Sentinel","Entrench"],"picked":"SKIP","floor":20},{"not_picked":["Heavy Blade","Thunderclap","Brutality"],"picked":"SKIP","floor":21},{"not_picked":["Clothesline","Anger","Clash"],"picked":"SKIP","floor":22},{"not_picked":["Intimidate","Warcry"],"picked":"Armaments+1","floor":24},{"not_picked":["Sword Boomerang","Perfected Strike"],"picked":"Pommel Strike+1","floor":27},{"not_picked":["Iron Wave","Immolate"],"picked":"Infernal Blade","floor":28}],"player_experience":304544,"relics_obtained":[{"floor":6,"key":"Letter Opener"},{"floor":9,"key":"Pear"},{"floor":11,"key":"Dead Branch"},{"floor":24,"key":"Whetstone"},{"floor":26,"key":"Red Skull"},{"floor":28,"key":"Thread and Needle"}],"event_choices":[{"damage_healed":0,"gold_gain":75,"player_choice":"Gather Gold","damage_taken":11,"max_hp_gain":0,"max_hp_loss":0,"event_name":"World of Goop","floor":12,"gold_loss":0},{"damage_healed":0,"gold_gain":0,"player_choice":"Ignored","damage_taken":0,"max_hp_gain":0,"max_hp_loss":0,"event_name":"Vampires","floor":29,"gold_loss":0},{"damage_healed":0,"gold_gain":0,"player_choice":"Joined the Cult","damage_taken":6,"max_hp_gain":0,"max_hp_loss":0,"event_name":"Nest","floor":31,"gold_loss":0,"cards_obtained":["RitualDagger"]}],"is_beta":false,"boss_relics":[{"not_picked":["Snecko Eye","Pandora\u0027s Box","Runic Dome"]}],"items_purged_floors":[],"is_endless":false,"potions_floor_spawned":[3,6,8,16,21,24,28],"killed_by":"Collector","ascension_level":7}