{"gold_per_floor":[117,136,148,148,148,148,162,162,186,186,199,220,259,279,279,407,407,421,361,402,227,227,227,227,286,586,605,623,623,623,237,237,340,340,352,352,366,366,381,413,413,429,502,514,514,240,240],"floor_reached":47,"playtime":3314,"items_purged":["Strike_B","Defend_B","Defend_B"],"score":595,"play_id":"b9568761-edc2-4bd2-a17b-fd5d42ed17cb","local_time":"20190330212321","is_ascension_mode":true,"campfire_choices":[{"data":"Consume","floor":6,"key":"SMITH"},{"data":"Zap","floor":8,"key":"SMITH"},{"floor":10,"key":"REST"},{"floor":15,"key":"REST"},{"floor":23,"key":"REST"},{"data":"Defragment","floor":30,"key":"SMITH"},{"floor":32,"key":"REST"},{"floor":41,"key":"REST"},{"floor":45,"key":"REST"}],"neow_cost":"NONE","seed_source_timestamp":1383642753293637,"circlet_count":0,"master_deck":["Strike_B","Strike_B","Defend_B","Defend_B","Zap+1","Dualcast","Cold Snap+1","Consume+1","Sweeping Beam+1","Redo","Compile Driver","Redo","Self Repair","Creative AI+1","BootSequence","Storm+1","Steam+1","Coolheaded","Defragment+1","Conserve Battery","Reboot","Chaos","Finesse","Hologram+1","Coolheaded+1","Madness","Madness","Defragment+1","Ball Lightning+1"],"relics":["Cracked Core","Bloody Idol","Bronze Scales","DataDisk","Runic Pyramid","Red Mask","Tiny Chest","Old Coin","Juzu Bracelet","Lantern","Philosopher\u0027s Stone","Sundial","Whetstone"],"potions_floor_usage":[7,12,13,25,33,39,40,40,40,47],"damage_taken":[{"damage":5,"enemies":"Jaw Worm","floor":1,"turns":3},{"damage":0,"enemies":"Small Slimes","floor":2,"turns":3},{"damage":0,"enemies":"2 Louse","floor":3,"turns":2},{"damage":17,"enemies":"Exordium Thugs","floor":7,"turns":3},{"damage":4,"enemies":"Blue Slaver","floor":11,"turns":3},{"damage":18,"enemies":"Gremlin Gang","floor":12,"turns":3},{"damage":24,"enemies":"Gremlin Nob","floor":13,"turns":4},{"damage":34,"enemies":"Large Slime","floor":14,"turns":5},{"damage":20,"enemies":"The Guardian","floor":16,"turns":11},{"damage":5,"enemies":"Chosen","floor":18,"turns":5},{"damage":31,"enemies":"2 Thieves","floor":19,"turns":4},{"damage":55,"enemies":"Masked Bandits","floor":20,"turns":5},{"damage":22,"enemies":"Gremlin Leader","floor":25,"turns":7},{"damage":2,"enemies":"Centurion and Healer","floor":27,"turns":7},{"damage":5,"enemies":"Shelled Parasite and Fungi","floor":28,"turns":6},{"damage":30,"enemies":"Champ","floor":33,"turns":10},{"damage":2,"enemies":"Orb Walker","floor":35,"turns":2},{"damage":4,"enemies":"3 Shapes","floor":37,"turns":4},{"damage":25,"enemies":"Transient","floor":39,"turns":5},{"damage":57,"enemies":"Reptomancer","floor":40,"turns":8},{"damage":40,"enemies":"Jaw Worm Horde","floor":42,"turns":4},{"damage":15,"enemies":"Spire Growth","floor":44,"turns":5},{"damage":57,"enemies":"2 Orb Walkers","floor":47,"turns":3}],"seed_played":"-170850578746564450","potions_obtained":[{"floor":2,"key":"Explosive Potion"},{"floor":3,"key":"Strength Potion"},{"floor":11,"key":"GamblersBrew"},{"floor":13,"key":"FairyPotion"},{"floor":20,"key":"Fire Potion"},{"floor":28,"key":"Regen Potion"},{"floor":33,"key":"EssenceOfSteel"},{"floor":37,"key":"Explosive Potion"},{"floor":40,"key":"Fruit Juice"},{"floor":42,"key":"Explosive Potion"}],"is_trial":false,"path_per_floor":["M","M","M","?","?","R","M","R","T","R","M","M","E","M","R","B",null,"M","M","?","$","?","R","?","E","T","M","M","T","R","$","R","B",null,"M","?","M","?","M","E","R","M","T","M","R","$","?"],"character_chosen":"DEFECT","items_purchased":["Defragment","Conserve Battery","Lantern","Finesse","Weak Potion","Whetstone"],"campfire_rested":6,"item_purchase_floors":[21,21,31,31,31,46],"current_hp_per_floor":[70,70,70,52,57,57,40,40,40,64,60,42,25,10,34,21,80,80,56,8,8,8,32,32,27,32,42,49,49,49,49,73,55,80,80,80,80,70,57,32,57,29,34,31,56,56,0],"gold":240,"neow_bonus":"THREE_CARDS","is_prod":false,"is_daily":false,"chose_seed":false,"campfire_upgraded":3,"win_rate":0,"timestamp":1553948601,"path_taken":["M","M","M","?","?","R","M","R","T","R","M","M","E","M","R","BOSS","M","M","?","$","?","R","?","E","T","M","?","?","R","$","R","BOSS","M","?","M","?","M","E","R","M","T","M","R","$","?"],"build_version":"2019-01-23","purchased_purges":3,"victory":false,"max_hp_per_floor":[75,75,75,75,80,80,80,80,80,80,80,80,80,80,80,80,80,80,80,80,80,80,80,80,80,80,80,80,80,80,80,80,80,80,80,80,80,80,80,85,85,85,85,85,85,85,85],"card_choices":[{"not_picked":["Force Field","Sweeping Beam"],"picked":"Cold Snap","floor":0},{"not_picked":["Steam","Self Repair"],"picked":"Consume","floor":1},{"not_picked":["Go for the Eyes","Barrage"],"picked":"Sweeping Beam","floor":2},{"not_picked":["Leap","Skim"],"picked":"Redo","floor":3},{"not_picked":["Aggregate","Skim"],"picked":"Compile Driver","floor":7},{"not_picked":["Rip and Tear","Compile Driver"],"picked":"Redo","floor":11},{"not_picked":["Sweeping Beam","Barrage"],"picked":"Self Repair","floor":12},{"not_picked":["Machine Learning","Hello World"],"picked":"Creative AI","floor":13},{"not_picked":["Hello World","Stack"],"picked":"BootSequence","floor":14},{"not_picked":["Steam Power+1","Go for the Eyes"],"picked":"Storm+1","floor":18},{"not_picked":["Go for the Eyes","Conserve Battery"],"picked":"Steam+1","floor":19},{"not_picked":["Doom and Gloom+1","Sweeping Beam+1"],"picked":"Coolheaded","floor":20},{"not_picked":["Rebound","Gash","Barrage"],"picked":"SKIP","floor":25},{"not_picked":["Coolheaded","Steam"],"picked":"Reboot","floor":27},{"not_picked":["Darkness","Rip and Tear"],"picked":"Chaos","floor":28},{"not_picked":["Cold Snap","Lockon"],"picked":"Hologram+1","floor":35},{"not_picked":["Barrage+1","Stack+1"],"picked":"Coolheaded+1","floor":37},{"not_picked":["Steam","Redo","Steam Power+1"],"picked":"SKIP","floor":39},{"not_picked":["Sunder+1","Cold Snap+1"],"picked":"Defragment+1","floor":40},{"not_picked":["Streamline+1","Compile Driver+1"],"picked":"Ball Lightning+1","floor":42},{"not_picked":["Turbo","Blizzard","Compile Driver+1"],"picked":"SKIP","floor":44}],"player_experience":200370,"relics_obtained":[{"floor":9,"key":"Bronze Scales"},{"floor":13,"key":"DataDisk"},{"floor":20,"key":"Red Mask"},{"floor":25,"key":"Tiny Chest"},{"floor":26,"key":"Old Coin"},{"floor":29,"key":"Juzu Bracelet"},{"floor":40,"key":"Sundial"}],"event_choices":[{"damage_healed":0,"gold_gain":0,"player_choice":"Take Damage","damage_taken":18,"relics_obtained":["Golden Idol"],"max_hp_gain":0,"max_hp_loss":0,"event_name":"Golden Idol","floor":4,"gold_loss":0},{"damage_healed":0,"gold_gain":0,"player_choice":"Donut","damage_taken":0,"max_hp_gain":5,"max_hp_loss":0,"event_name":"Big Fish","floor":5,"gold_loss":0},{"damage_healed":0,"gold_gain":0,"player_choice":"Fought Bandits","damage_taken":0,"max_hp_gain":0,"max_hp_loss":0,"event_name":"Masked Bandits","floor":20,"gold_loss":0},{"damage_healed":0,"gold_gain":0,"player_choice":"Gave Idol","damage_taken":0,"relics_obtained":["Bloody Idol"],"max_hp_gain":0,"max_hp_loss":0,"event_name":"Forgotten Altar","floor":22,"relics_lost":["Golden Idol"],"gold_loss":0},{"cards_removed":["Strike_B"],"damage_healed":0,"gold_gain":0,"player_choice":"Purged","damage_taken":0,"max_hp_gain":0,"max_hp_loss":0,"event_name":"Purifier","floor":24,"gold_loss":0},{"damage_healed":0,"gold_gain":0,"player_choice":"Forge","damage_taken":0,"max_hp_gain":0,"max_hp_loss":0,"event_name":"Accursed Blacksmith","floor":36,"gold_loss":0,"cards_upgraded":["Creative AI"]},{"damage_healed":0,"gold_gain":0,"player_choice":"Embrace Madness","damage_taken":10,"max_hp_gain":0,"max_hp_loss":0,"event_name":"Winding Halls","floor":38,"gold_loss":0,"cards_obtained":["Madness","Madness"]},{"damage_healed":0,"gold_gain":0,"player_choice":"Fight","damage_taken":0,"max_hp_gain":0,"max_hp_loss":0,"event_name":"Mysterious Sphere","floor":47,"gold_loss":0}],"is_beta":false,"boss_relics":[{"not_picked":["Snecko Eye","Fusion Hammer"],"picked":"Runic Pyramid"},{"not_picked":["Orrery","Velvet Choker"],"picked":"Philosopher\u0027s Stone"}],"items_purged_floors":[21,31,46],"is_endless":false,"potions_floor_spawned":[2,3,11,13,20,28,33,37,40,42],"killed_by":"2 Orb Walkers","ascension_level":4}