{"gold_per_floor":[111,111,111,111,126,158,158,187,187,216,16,32,32,45,45,145,195,205,225,225,140,140,140,140],"floor_reached":24,"playtime":1628,"items_purged":[],"score":346,"play_id":"cde8dee1-07ab-4106-8b76-20044b27c736","local_time":"20190323202948","is_ascension_mode":true,"campfire_choices":[{"data":"Dagger Spray","floor":7,"key":"SMITH"},{"floor":13,"key":"REST"},{"floor":15,"key":"REST"},{"data":"Malaise","floor":23,"key":"SMITH"}],"neow_cost":"NONE","seed_source_timestamp":1043496905110304,"circlet_count":0,"master_deck":["AscendersBane","Defend_G","Defend_G","Defend_G","Defend_G","Strike_G","Strike_G+1","Strike_G","Strike_G","Strike_G","Survivor","Neutralize+1","Dagger Spray+1","Sucker Punch","Backflip","Dagger Spray","Quick Slash","Sucker Punch","Expertise","Malaise+1","Slice","Skewer"],"relics":["Ring of the Snake","Ice Cream","Pear","Gremlin Horn","Orichalcum","Vajra","Tiny House","Dead Branch"],"potions_floor_usage":[6,16,16,20],"damage_taken":[{"damage":0,"enemies":"2 Louse","floor":1,"turns":3},{"damage":0,"enemies":"Small Slimes","floor":5,"turns":3},{"damage":20,"enemies":"3 Sentries","floor":6,"turns":10},{"damage":27,"enemies":"Gremlin Nob","floor":8,"turns":5},{"damage":16,"enemies":"3 Sentries","floor":10,"turns":5},{"damage":0,"enemies":"Cultist","floor":12,"turns":3},{"damage":11,"enemies":"Exordium Thugs","floor":14,"turns":3},{"damage":39,"enemies":"Hexaghost","floor":16,"turns":14},{"damage":0,"enemies":"3 Byrds","floor":18,"turns":4},{"damage":8,"enemies":"Shell Parasite","floor":19,"turns":7},{"damage":5,"enemies":"Shelled Parasite and Fungi","floor":20,"turns":3},{"damage":28,"enemies":"Centurion and Healer","floor":24,"turns":10}],"seed_played":"5998397206958420234","potions_obtained":[{"floor":1,"key":"SkillPotion"},{"floor":5,"key":"SmokeBomb"},{"floor":10,"key":"Explosive Potion"},{"floor":12,"key":"Poison Potion"},{"floor":17,"key":"Ancient Potion"}],"is_trial":false,"path_per_floor":["M","?","?","?","M","E","R","E","T","E","$","M","R","M","R","B",null,"M","M","M","?","?","R","M"],"character_chosen":"THE_SILENT","items_purchased":["Vajra","Sucker Punch"],"campfire_rested":2,"item_purchase_floors":[11,11],"current_hp_per_floor":[70,70,70,70,70,50,50,33,33,17,17,17,43,32,58,19,75,75,67,62,62,62,62,34],"gold":140,"neow_bonus":"TEN_PERCENT_HP_BONUS","is_prod":false,"is_daily":false,"chose_seed":false,"campfire_upgraded":2,"win_rate":0,"timestamp":1553372988,"path_taken":["M","?","?","?","M","E","R","E","T","E","$","?","R","M","R","BOSS","M","M","M","?","?","R","M"],"build_version":"2019-01-23","purchased_purges":0,"victory":false,"max_hp_per_floor":[77,77,77,77,77,77,77,87,87,87,87,87,87,87,87,87,92,92,92,92,92,92,92,92],"card_choices":[{"not_picked":["Masterful Stab","Accuracy"],"picked":"Dagger Spray","floor":1},{"not_picked":["Blur","Backflip"],"picked":"Sucker Punch","floor":5},{"not_picked":["Cloak And Dagger","Blur"],"picked":"Backflip","floor":6},{"not_picked":["Underhanded Strike","Outmaneuver"],"picked":"Dagger Spray","floor":8},{"not_picked":["Deadly Poison","Riddle With Holes"],"picked":"Quick Slash","floor":10},{"not_picked":["Phantasmal Killer","Accuracy","All Out Attack"],"picked":"SKIP","floor":12},{"not_picked":["Heel Hook","Blade Dance"],"picked":"Expertise","floor":14},{"not_picked":["Tools of the Trade","Glass Knife"],"picked":"Malaise","floor":16},{"not_picked":["Infinite Blades","Prepared"],"picked":"Slice","floor":18},{"not_picked":["Deadly Poison","Flying Knee"],"picked":"Skewer","floor":19}],"player_experience":1615644,"relics_obtained":[{"floor":6,"key":"Ice Cream"},{"floor":8,"key":"Pear"},{"floor":9,"key":"Gremlin Horn"},{"floor":10,"key":"Orichalcum"}],"event_choices":[{"damage_healed":0,"gold_gain":0,"player_choice":"Grow","damage_taken":0,"max_hp_gain":0,"max_hp_loss":0,"event_name":"Living Wall","floor":2,"gold_loss":0,"cards_upgraded":["Neutralize"]},{"damage_healed":0,"gold_gain":0,"player_choice":"Ignored","damage_taken":0,"max_hp_gain":0,"max_hp_loss":0,"event_name":"Shining Light","floor":3,"gold_loss":0},{"cards_removed":["Defend_G"],"damage_healed":0,"gold_gain":0,"player_choice":"Offered Basic","damage_taken":0,"max_hp_gain":0,"max_hp_loss":0,"event_name":"Bonfire Elementals","floor":4,"gold_loss":0},{"damage_healed":0,"gold_gain":0,"player_choice":"Obtained Relic","damage_taken":0,"relics_obtained":["Dead Branch"],"max_hp_gain":0,"max_hp_loss":0,"event_name":"Addict","floor":21,"gold_loss":85},{"damage_healed":0,"gold_gain":0,"player_choice":"Ignored","damage_taken":0,"max_hp_gain":0,"max_hp_loss":0,"event_name":"Vampires","floor":22,"gold_loss":0}],"is_beta":false,"boss_relics":[{"not_picked":["White Beast Statue","Orrery"],"picked":"Tiny House"}],"items_purged_floors":[],"is_endless":false,"potions_floor_spawned":[1,5,10,12,20],"killed_by":"Centurion and Healer","ascension_level":10}