{"path_per_floor":["M","M","M","?","M","R","M","$","T","M","R","M","R","M","R","B",null,"M","$","M","?","?","R","M","$","T","R","?","R","?","M","R"],"character_chosen":"THE_SILENT","items_purchased":["After Image","Bronze Scales","Adrenaline"],"gold_per_floor":[109,124,137,312,328,328,342,43,43,61,61,72,72,83,83,186,186,203,67,87,87,12,12,32,32,32,32,32,32,32,43,43],"floor_reached":33,"campfire_rested":2,"playtime":2478,"current_hp_per_floor":[66,66,66,66,54,54,54,54,54,52,52,52,52,50,50,49,70,59,59,43,43,43,64,52,52,52,52,52,52,52,39,60],"items_purged":["Doubt"],"gold":43,"play_id":"aa373d75-7930-4571-82df-da8cb85c7e93","is_prod":false,"is_daily":false,"is_ascension_mode":false,"campfire_upgraded":4,"path_taken":["M","M","?","?","M","R","M","$","T","M","R","?","R","M","R","BOSS","M","$","M","?","?","R","M","?","T","R","?","R","?","M","R","BOSS"],"build_version":"2018-02-01-PROD3","purchased_purges":1,"victory":false,"master_deck":["Defend_G","Defend_G","Defend_G","Defend_G","Defend_G","Strike_G","Strike_G","Strike_G","Strike_G","Survivor+1","Neutralize+1","Quick Slash","Slice","Bouncing Flask","Dagger Throw","Sucker Punch","Deadly Poison","After Image+1","Bane","Bane","Endless Agony","A Thousand Cuts+1","Adrenaline","Dodge and Roll+1","Neutralize","Sucker Punch","Bane","Infinite Blades","Poisoned Stab"],"max_hp_per_floor":[70,70,70,70,70,70,70,70,70,70,70,70,70,70,70,70,70,70,70,70,70,70,70,70,70,70,70,70,70,70,70,70],"relics":["Ring of the Snake","Bronze Scales","Girya","Black Star","Anchor"],"card_choices":[{"not_picked":["Slice","Dagger Spray"],"picked":"Quick Slash"},{"not_picked":["Dash","Acrobatics"],"picked":"Slice"},{"not_picked":["Skewer","Poisoned Stab"],"picked":"Bouncing Flask"},{"not_picked":["Dagger Spray","Slice"],"picked":"Dagger Throw"},{"not_picked":["Flying Knee","Eviscerate"],"picked":"Sucker Punch"},{"not_picked":["Flying Knee","Eviscerate"],"picked":"Deadly Poison"},{"not_picked":["Night Terror","Quick Slash"],"picked":"Bane"},{"not_picked":["Underhanded Strike","Poisoned Stab"],"picked":"Bane"},{"not_picked":["Malaise","Deflect"],"picked":"Endless Agony"},{"not_picked":["Phantasmal Killer","Wraith Form"],"picked":"A Thousand Cuts"},{"not_picked":["Backflip","Prepared"],"picked":"Dodge and Roll"},{"not_picked":["Underhanded Strike","Glass Knife"],"picked":"Bane"},{"not_picked":["Deadly Poison","Flechettes"],"picked":"Poisoned Stab"}],"player_experience":39824,"potions_floor_usage":[31,31,33],"damage_taken":[{"damage":4.0,"enemies":"Blue Slaver","floor":1.0,"turns":5.0},{"damage":0.0,"enemies":"Small Slimes","floor":2.0,"turns":2.0},{"damage":0.0,"enemies":"Jaw Worm","floor":3.0,"turns":4.0},{"damage":12.0,"enemies":"Large Slime","floor":5.0,"turns":6.0},{"damage":0.0,"enemies":"Red Slaver","floor":7.0,"turns":4.0},{"damage":2.0,"enemies":"Looter","floor":10.0,"turns":3.0},{"damage":0.0,"enemies":"3 Louse","floor":12.0,"turns":1.0},{"damage":2.0,"enemies":"2 Fungi Beasts","floor":14.0,"turns":2.0},{"damage":1.0,"enemies":"Slime Boss","floor":16.0,"turns":7.0},{"damage":11,"enemies":"Chosen","floor":18,"turns":5},{"damage":16,"enemies":"2 Thieves","floor":20,"turns":4},{"damage":12,"enemies":"Centurion and Healer","floor":24,"turns":6},{"damage":13,"enemies":"Slaver and Parasite","floor":31,"turns":4},{"damage":60,"enemies":"Collector","floor":33,"turns":6}],"event_choices":[{"event_name":"Liars Game","player_choice":"agreed","floor":4.0,"damage_taken":0.0},{"event_name":"Match and Keep!","player_choice":"2 cards matched","floor":21,"damage_taken":0},{"event_name":"Beggar","player_choice":"Gave Gold","floor":22,"damage_taken":0},{"event_name":"The Library","player_choice":"Read","floor":28,"damage_taken":0},{"event_name":"Addict","player_choice":"Ignored","floor":30,"damage_taken":0}],"boss_relics":[{"not_picked":["Eternal Feather","Sozu"],"picked":"Black Star"}],"potions_floor_spawned":[3,10,12,16,18,20],"seed_played":"-4524181005096573001","killed_by":"Collector","ascension_level":0,"is_trial":false}