{"gold_per_floor":[109,14,24,24,24,55,71,90,90,103,103,103,115,149,149,246,246,256,101,121,121,138,138,165,165,165,165,190,190],"floor_reached":29,"playtime":1116,"items_purged":["Pain"],"score":477,"play_id":"7ed5f80c-06e3-4551-9295-15e303162eb4","local_time":"20190419204138","is_ascension_mode":true,"campfire_choices":[{"data":"True Grit","floor":12,"key":"SMITH"},{"data":"Bash","floor":15,"key":"SMITH"},{"floor":23,"key":"REST"},{"floor":25,"key":"REST"},{"data":"Bloodletting","floor":27,"key":"SMITH"}],"neow_cost":"NONE","seed_source_timestamp":551826911215047,"circlet_count":0,"master_deck":["AscendersBane","Strike_R","Strike_R","Strike_R","Strike_R","Strike_R","Defend_R","Defend_R","Defend_R","Defend_R","Bash+1","Power Through","Metallicize","Anger+1","Inflame","True Grit+1","Thunderclap","Wild Strike","Clothesline","Demon Form","Bloodletting+1","Evolve","Rupture"],"relics":["Burning Blood","NeowsBlessing","WarpedTongs","Happy Flower","Lantern","Dodecahedron","WingedGreaves","Runic Cube","Pear","Matryoshka","Paper Frog"],"potions_floor_usage":[16,16,20,22,24,24],"damage_taken":[{"damage":0,"enemies":"Small Slimes","floor":1,"turns":1},{"damage":0,"enemies":"Cultist","floor":3,"turns":1},{"damage":0,"enemies":"3 Sentries","floor":6,"turns":2},{"damage":3,"enemies":"2 Louse","floor":7,"turns":5},{"damage":17,"enemies":"Red Slaver","floor":8,"turns":4},{"damage":9,"enemies":"Exordium Wildlife","floor":10,"turns":4},{"damage":9,"enemies":"Blue Slaver","floor":13,"turns":2},{"damage":9,"enemies":"Lagavulin","floor":14,"turns":6},{"damage":18,"enemies":"Hexaghost","floor":16,"turns":10},{"damage":6,"enemies":"Shell Parasite","floor":18,"turns":6},{"damage":22,"enemies":"2 Thieves","floor":20,"turns":5},{"damage":24,"enemies":"Centurion and Healer","floor":22,"turns":7},{"damage":56,"enemies":"Book of Stabbing","floor":24,"turns":7},{"damage":46,"enemies":"Gremlin Leader","floor":28,"turns":7},{"damage":11,"enemies":"Shelled Parasite and Fungi","floor":29,"turns":3}],"seed_played":"-2408370279632826153","potions_obtained":[{"floor":6,"key":"Ancient Potion"},{"floor":10,"key":"AttackPotion"},{"floor":13,"key":"Block Potion"},{"floor":16,"key":"SkillPotion"},{"floor":21,"key":"BloodPotion"},{"floor":21,"key":"Explosive Potion"},{"floor":22,"key":"Poison Potion"}],"is_trial":false,"path_per_floor":["M","$","M","?","?","E","M","M","T","M","?","R","M","E","R","B",null,"M","$","M","?","M","R","E","R","T","R","E","M"],"character_chosen":"IRONCLAD","items_purchased":["Metallicize","Anger","Evolve"],"campfire_rested":2,"item_purchase_floors":[2,2,19],"current_hp_per_floor":[78,78,80,80,80,80,80,69,69,66,41,41,38,35,35,23,66,66,66,50,50,32,56,24,51,51,51,11,0],"gold":190,"neow_bonus":"THREE_ENEMY_KILL","is_prod":false,"is_daily":false,"chose_seed":false,"campfire_upgraded":3,"win_rate":0,"timestamp":1555731698,"path_taken":["M","$","M","?","?","E","?","M","T","M","?","R","M","E","R","BOSS","M","$","M","?","M","R","E","R","T","R","E","?"],"build_version":"2019-01-23","purchased_purges":1,"victory":false,"max_hp_per_floor":[80,80,80,80,80,80,80,80,80,80,80,80,80,80,80,80,80,80,80,80,80,80,80,90,90,90,90,90,90],"card_choices":[{"not_picked":["Flex","Fire Breathing"],"picked":"Power Through","floor":1},{"not_picked":["Perfected Strike","Clash"],"picked":"Inflame","floor":3},{"not_picked":["Body Slam","Iron Wave"],"picked":"True Grit","floor":6},{"not_picked":["Warcry","Hemokinesis","Corruption"],"picked":"SKIP","floor":7},{"not_picked":["Headbutt","Seeing Red"],"picked":"Thunderclap","floor":8},{"not_picked":["Warcry","Combust"],"picked":"Wild Strike","floor":10},{"not_picked":["Anger","Warcry"],"picked":"Clothesline","floor":13},{"not_picked":["Anger","Ghostly Armor","Thunderclap"],"picked":"SKIP","floor":14},{"not_picked":["Dark Embrace","Brutality"],"picked":"Demon Form","floor":16},{"not_picked":["Pommel Strike","Burning Pact+1"],"picked":"Bloodletting","floor":18},{"not_picked":["Flex","Ghostly Armor+1"],"picked":"Rupture","floor":20},{"not_picked":["Searing Blow","Sword Boomerang","Anger"],"picked":"SKIP","floor":22},{"not_picked":["Clothesline","Berserk","Perfected Strike"],"picked":"SKIP","floor":24},{"not_picked":["Infernal Blade","Reckless Charge","Demon Form"],"picked":"SKIP","floor":28}],"player_experience":278500,"relics_obtained":[{"floor":6,"key":"Happy Flower"},{"floor":9,"key":"Lantern"},{"floor":14,"key":"WingedGreaves"},{"floor":24,"key":"Pear"},{"floor":26,"key":"Matryoshka"},{"floor":28,"key":"Paper Frog"}],"event_choices":[{"damage_healed":0,"gold_gain":0,"player_choice":"Grow","damage_taken":0,"max_hp_gain":0,"max_hp_loss":0,"event_name":"Living Wall","floor":4,"gold_loss":0,"cards_upgraded":["Anger"]},{"damage_healed":0,"gold_gain":0,"player_choice":"Rummage","damage_taken":0,"relics_obtained":["WarpedTongs"],"max_hp_gain":0,"max_hp_loss":0,"event_name":"Accursed Blacksmith","floor":5,"gold_loss":0,"cards_obtained":["Pain"]},{"damage_healed":0,"gold_gain":0,"player_choice":"Success","damage_taken":25,"relics_obtained":["Dodecahedron"],"max_hp_gain":0,"max_hp_loss":0,"event_name":"Scrap Ooze","floor":11,"gold_loss":0},{"damage_healed":0,"gold_gain":0,"player_choice":"Got Potions","damage_taken":0,"max_hp_gain":0,"max_hp_loss":0,"event_name":"Lab","floor":21,"gold_loss":0}],"is_beta":false,"boss_relics":[{"not_picked":["Lizard Tail","Orrery"],"picked":"Runic Cube"}],"items_purged_floors":[19],"is_endless":false,"potions_floor_spawned":[6,10,13,16,22],"killed_by":"Shelled Parasite and Fungi","ascension_level":12}