{"gold_per_floor":[113,16,16,31,51,51,85,85,156,173,173,173,203,239,239,363,363,377,205,205,223,0,71,71,71],"floor_reached":25,"playtime":2542,"items_purged":["Regret","Strike_R","Pain"],"score":300,"play_id":"f5ee6d34-6bf5-4bf4-8c0c-375bfef60df4","local_time":"20190305195842","is_ascension_mode":true,"campfire_choices":[{"data":"Uppercut","floor":6,"key":"SMITH"},{"data":"Barricade","floor":8,"key":"SMITH"},{"data":"Bash","floor":15,"key":"SMITH"},{"floor":24,"key":"REST"}],"neow_cost":"CURSE","seed_source_timestamp":300858840519629,"circlet_count":0,"master_deck":["Strike_R","Strike_R","Strike_R","Strike_R","Defend_R+1","Defend_R+1","Defend_R","Defend_R","Bash+1","Headbutt","Uppercut+1","Barricade+1","Flame Barrier","Iron Wave","Injury","Feed","Reaper","Corruption+1","Inflame+1","Body Slam","Armaments","Metallicize+1","Entrench","Evolve+1","Blind"],"relics":["Burning Blood","Strawberry","War Paint","Frozen Egg 2","Golden Idol","Bag of Preparation","Orrery","WarpedTongs","Tiny Chest"],"potions_floor_usage":[16,16,25],"damage_taken":[{"damage":12,"enemies":"Jaw Worm","floor":1,"turns":4},{"damage":1,"enemies":"Cultist","floor":4,"turns":3},{"damage":8,"enemies":"Small Slimes","floor":5,"turns":3},{"damage":60,"enemies":"3 Sentries","floor":7,"turns":11},{"damage":2,"enemies":"2 Fungi Beasts","floor":10,"turns":4},{"damage":13,"enemies":"Gremlin Nob","floor":14,"turns":5},{"damage":17,"enemies":"The Guardian","floor":16,"turns":18},{"damage":23,"enemies":"Chosen","floor":18,"turns":7},{"damage":6,"enemies":"3 Byrds","floor":21,"turns":5},{"damage":92,"enemies":"Book of Stabbing","floor":23,"turns":11},{"damage":64,"enemies":"Slavers","floor":25,"turns":3}],"seed_played":"1825498835129387314","potions_obtained":[{"floor":7,"key":"Dexterity Potion"},{"floor":10,"key":"SpeedPotion"},{"floor":21,"key":"Energy Potion"},{"floor":23,"key":"Dexterity Potion"}],"is_trial":false,"path_per_floor":["?","M","?","?","?","?"],"character_chosen":"IRONCLAD","items_purchased":["Headbutt","Entrench","Blind"],"campfire_rested":1,"item_purchase_floors":[2,19,22],"current_hp_per_floor":[90,90,97,102,100,100,46,46,46,50,55,55,55,48,48,40,111,105,105,105,112,112,26,60,0],"gold":71,"neow_bonus":"TWENTY_PERCENT_HP_BONUS","is_prod":false,"is_daily":false,"chose_seed":false,"campfire_upgraded":3,"win_rate":0,"timestamp":1551841122,"path_taken":["M","$","?","?","M","R","E","R","T","M","?","?","?","E","R","BOSS","M","$","?","M","$","E","R","E"],"build_version":"2019-01-23","purchased_purges":3,"victory":false,"max_hp_per_floor":[96,96,103,103,103,103,103,103,103,103,108,108,108,108,108,111,111,111,111,111,114,114,114,114,114],"card_choices":[{"not_picked":["Twin Strike","Clash"],"picked":"True Grit","floor":1},{"not_picked":["Pommel Strike","Twin Strike"],"picked":"Uppercut","floor":4},{"not_picked":["Thunderclap","Cleave"],"picked":"Barricade","floor":5},{"not_picked":["Cleave","Perfected Strike"],"picked":"Flame Barrier","floor":7},{"not_picked":["Warcry","Wild Strike"],"picked":"Iron Wave","floor":10},{"not_picked":["Havoc","Second Wind"],"picked":"Feed","floor":14},{"not_picked":["Barricade+1","Berserk+1"],"picked":"Reaper","floor":16},{"not_picked":["Intimidate","Rage"],"picked":"Corruption+1","floor":17},{"not_picked":["Cleave","Body Slam"],"picked":"Inflame+1","floor":17},{"not_picked":["Pummel","Cleave"],"picked":"Body Slam","floor":17},{"not_picked":["Clothesline","Headbutt"],"picked":"Armaments","floor":17},{"not_picked":["Sever Soul","Cleave"],"picked":"Metallicize+1","floor":18},{"not_picked":["Pommel Strike+1","Armaments+1"],"picked":"Evolve+1","floor":21},{"not_picked":["Feed","Sword Boomerang","Perfected Strike+1"],"picked":"SKIP","floor":23}],"player_experience":116011,"relics_obtained":[{"floor":7,"key":"War Paint"},{"floor":9,"key":"Frozen Egg 2"},{"floor":14,"key":"Bag of Preparation"},{"floor":23,"key":"Tiny Chest"}],"event_choices":[{"cards_removed":["True Grit"],"damage_healed":0,"gold_gain":0,"player_choice":"Gave Card","damage_taken":0,"relics_obtained":["Strawberry"],"max_hp_gain":0,"max_hp_loss":0,"event_name":"WeMeetAgain","floor":3,"gold_loss":0},{"damage_healed":0,"gold_gain":0,"player_choice":"Donut","damage_taken":0,"max_hp_gain":5,"max_hp_loss":0,"event_name":"Big Fish","floor":11,"gold_loss":0},{"damage_healed":0,"gold_gain":0,"player_choice":"Take Wound","damage_taken":0,"relics_obtained":["Golden Idol"],"max_hp_gain":0,"max_hp_loss":0,"event_name":"Golden Idol","floor":12,"gold_loss":0,"cards_obtained":["Injury"]},{"damage_healed":0,"gold_gain":30,"player_choice":"Searched \u00271\u0027 times","damage_taken":0,"max_hp_gain":0,"max_hp_loss":0,"event_name":"Dead Adventurer","floor":13,"gold_loss":0},{"damage_healed":0,"gold_gain":0,"player_choice":"Rummage","damage_taken":0,"relics_obtained":["WarpedTongs"],"max_hp_gain":0,"max_hp_loss":0,"event_name":"Accursed Blacksmith","floor":20,"gold_loss":0,"cards_obtained":["Pain"]}],"is_beta":false,"boss_relics":[{"not_picked":["Empty Cage","Tiny House"],"picked":"Orrery"}],"items_purged_floors":[2,19,22],"is_endless":false,"potions_floor_spawned":[7,10,21,23],"killed_by":"Slavers","ascension_level":2}