{"gold_per_floor":[110,126,144,155,175,200,200,200,200,7,7,20,20,20,20,125,125,136,147,163,174,174],"floor_reached":22,"playtime":1427,"items_purged":[],"score":209,"play_id":"551a15a5-8675-4903-a0ed-e8e4a5bb344d","local_time":"20190413224954","is_ascension_mode":true,"campfire_choices":[{"data":"Poisoned Stab","floor":8,"key":"SMITH"},{"data":"Noxious Fumes","floor":11,"key":"SMITH"},{"floor":13,"key":"REST"},{"floor":15,"key":"REST"}],"neow_cost":"TEN_PERCENT_HP_LOSS","seed_source_timestamp":346249605410900,"circlet_count":0,"master_deck":["Defend_G","Defend_G","Defend_G","Defend_G","Defend_G","Strike_G","Strike_G","Survivor","Neutralize","Panache","Thinking Ahead","Poisoned Stab+1","Flechettes","Noxious Fumes+1","Poisoned Stab","Poisoned Stab","Doppelganger","Leg Sweep+1","Doppelganger+1","Tools of the Trade+1","Noxious Fumes","Prepared"],"relics":["Ring of the Snake","Bottled Flame","Gremlin Horn","Membership Card","Astrolabe"],"potions_floor_usage":[3,12,12,21,21],"damage_taken":[{"damage":0,"enemies":"Cultist","floor":1,"turns":5},{"damage":0,"enemies":"Small Slimes","floor":2,"turns":4},{"damage":0,"enemies":"Jaw Worm","floor":3,"turns":3},{"damage":3,"enemies":"Exordium Wildlife","floor":4,"turns":5},{"damage":27,"enemies":"Lots of Slimes","floor":5,"turns":5},{"damage":8,"enemies":"Lagavulin","floor":6,"turns":6},{"damage":12,"enemies":"Exordium Thugs","floor":12,"turns":4},{"damage":16,"enemies":"The Guardian","floor":16,"turns":8},{"damage":26,"enemies":"Shell Parasite","floor":18,"turns":7},{"damage":10,"enemies":"Spheric Guardian","floor":19,"turns":5},{"damage":21,"enemies":"Snake Plant","floor":20,"turns":5},{"damage":0,"enemies":"Snecko","floor":21,"turns":5},{"damage":0,"enemies":"Centurion and Healer","floor":22,"turns":1}],"seed_played":"8739243148205618245","potions_obtained":[{"floor":2,"key":"Block Potion"},{"floor":6,"key":"Swift Potion"},{"floor":7,"key":"AttackPotion"},{"floor":7,"key":"Fire Potion"},{"floor":18,"key":"Ancient Potion"},{"floor":20,"key":"Fire Potion"}],"is_trial":false,"path_per_floor":["M","M","M","M","M","E","?","R","T","$","R","M","R","$","R","B",null,"M","M","M","M","M"],"character_chosen":"THE_SILENT","items_purchased":["Membership Card"],"campfire_rested":2,"item_purchase_floors":[10],"current_hp_per_floor":[63,63,63,60,33,25,25,25,25,25,25,13,31,31,49,33,63,37,27,6,6,6],"gold":174,"neow_bonus":"RANDOM_COLORLESS_2","is_prod":false,"is_daily":false,"chose_seed":false,"campfire_upgraded":2,"win_rate":0,"timestamp":1555188594,"path_taken":["M","M","M","M","?","E","?","R","T","?","R","M","R","$","R","BOSS","M","M","M","M","M"],"build_version":"2019-01-23","purchased_purges":0,"victory":false,"max_hp_per_floor":[63,63,63,63,63,63,63,63,63,63,63,63,63,63,63,63,63,63,63,63,63,63],"card_choices":[{"not_picked":["Bane","Dagger Spray"],"picked":"Poisoned Stab","floor":1},{"not_picked":["Underhanded Strike","Terror"],"picked":"Flechettes","floor":2},{"not_picked":["Calculated Gamble","Choke"],"picked":"Noxious Fumes","floor":3},{"not_picked":["Quick Slash","Riddle With Holes","Phantasmal Killer"],"picked":"SKIP","floor":4},{"not_picked":["Well Laid Plans","Slice"],"picked":"Poisoned Stab","floor":5},{"not_picked":["Endless Agony","Eviscerate","All Out Attack"],"picked":"SKIP","floor":6},{"not_picked":["Sucker Punch","Heel Hook"],"picked":"Poisoned Stab","floor":12},{"not_picked":["Bullet Time","Malaise"],"picked":"Doppelganger","floor":16},{"not_picked":["Underhanded Strike","Bane+1"],"picked":"Noxious Fumes","floor":18},{"not_picked":["Slice","Flying Knee"],"picked":"Prepared","floor":19},{"not_picked":["Acrobatics","Cloak And Dagger","Deadly Poison"],"picked":"SKIP","floor":20},{"not_picked":["Flying Knee+1","Outmaneuver","Doppelganger"],"picked":"SKIP","floor":21}],"player_experience":423835,"relics_obtained":[{"floor":6,"key":"Bottled Flame"},{"floor":9,"key":"Gremlin Horn"}],"event_choices":[{"damage_healed":0,"gold_gain":0,"player_choice":"Got Potions","damage_taken":0,"max_hp_gain":0,"max_hp_loss":0,"event_name":"Lab","floor":7,"gold_loss":0}],"is_beta":false,"boss_relics":[{"not_picked":["Ectoplasm","HoveringKite"],"picked":"Astrolabe"}],"items_purged_floors":[],"is_endless":false,"potions_floor_spawned":[2,6,18,20],"killed_by":"Centurion and Healer","ascension_level":2}