{"gold_per_floor":[111,386,16,34,54,74,138,157,181,216,216,226,243,258,258,357,357,376,392,12,28,0,0,0,0,0,17,36,36,53,67,67,67],"floor_reached":33,"playtime":3193,"items_purged":["Regret","Strike_G"],"score":398,"play_id":"41ce91a3-1dea-4e0d-a168-e8db8558018f","local_time":"20190307210359","is_ascension_mode":true,"campfire_choices":[{"floor":11,"key":"REST"},{"floor":15,"key":"REST"},{"data":"Tools of the Trade","floor":23,"key":"SMITH"},{"data":"Noxious Fumes","floor":25,"key":"SMITH"},{"floor":32,"key":"REST"}],"neow_cost":"NONE","seed_source_timestamp":1127172690439100,"circlet_count":0,"master_deck":["AscendersBane","Defend_G","Defend_G","Defend_G","Defend_G","Defend_G","Strike_G","Survivor","Neutralize","Quick Slash","Skewer","Terror","Sucker Punch","Leg Sweep","Backflip","Tools of the Trade+1","Bouncing Flask","Predator","Dash","Escape Plan+1","Tactician+1","Escape Plan+1","Dagger Spray","Noxious Fumes+1","Underhanded Strike+1","Underhanded Strike"],"relics":["Ring of the Snake","Lantern","Tiny Chest","Juzu Bracelet","Blood Vial","Astrolabe","TwistedFunnel","Sundial"],"potions_floor_usage":[16,21,27,31,31,31],"damage_taken":[{"damage":3,"enemies":"Jaw Worm","floor":1,"turns":5},{"damage":0,"enemies":"Cultist","floor":4,"turns":2},{"damage":0,"enemies":"2 Louse","floor":5,"turns":2},{"damage":11,"enemies":"Looter","floor":6,"turns":3},{"damage":28,"enemies":"3 Sentries","floor":7,"turns":10},{"damage":0,"enemies":"2 Fungi Beasts","floor":8,"turns":4},{"damage":11,"enemies":"Gremlin Nob","floor":10,"turns":4},{"damage":0,"enemies":"Large Slime","floor":12,"turns":6},{"damage":6,"enemies":"Lots of Slimes","floor":13,"turns":7},{"damage":2,"enemies":"Exordium Thugs","floor":14,"turns":5},{"damage":18,"enemies":"Hexaghost","floor":16,"turns":15},{"damage":4,"enemies":"Shell Parasite","floor":18,"turns":7},{"damage":16,"enemies":"Spheric Guardian","floor":19,"turns":4},{"damage":13,"enemies":"Centurion and Healer","floor":21,"turns":7},{"damage":20,"enemies":"Snake Plant","floor":27,"turns":6},{"damage":5,"enemies":"Chosen and Byrds","floor":28,"turns":6},{"damage":11,"enemies":"Colosseum Slavers","floor":29,"turns":5},{"damage":1,"enemies":"Snecko","floor":30,"turns":4},{"damage":9,"enemies":"Snake Plant","floor":31,"turns":4},{"damage":60,"enemies":"Automaton","floor":33,"turns":6}],"seed_played":"-3853496165138941744","potions_obtained":[{"floor":4,"key":"Weak Potion"},{"floor":6,"key":"SteroidPotion"},{"floor":12,"key":"SpeedPotion"},{"floor":13,"key":"Energy Potion"},{"floor":16,"key":"SkillPotion"},{"floor":21,"key":"Poison Potion"},{"floor":28,"key":"Energy Potion"},{"floor":30,"key":"PowerPotion"},{"floor":31,"key":"SteroidPotion"}],"is_trial":false,"path_per_floor":["M","?","$","M","M","M","E","M","T","E","R","M","M","M","R","B",null,"M","M","$","M","?","R","?","R","T","M","M","?","M","M","R","B"],"character_chosen":"THE_SILENT","items_purchased":["Lantern","Skewer","Terror","Noxious Fumes","TwistedFunnel"],"campfire_rested":3,"item_purchase_floors":[3,3,3,20,20],"current_hp_per_floor":[67,67,67,67,67,56,28,28,28,17,40,42,38,38,61,45,69,67,53,53,42,42,42,42,42,42,24,21,12,13,6,29,0],"gold":67,"neow_bonus":"TEN_PERCENT_HP_BONUS","is_prod":false,"is_daily":false,"chose_seed":false,"campfire_upgraded":2,"win_rate":0,"timestamp":1551992639,"path_taken":["M","?","$","M","?","M","E","M","T","E","R","M","M","M","R","BOSS","M","M","$","M","?","R","?","R","T","M","M","?","M","M","R","BOSS"],"build_version":"2019-01-23","purchased_purges":2,"victory":false,"max_hp_per_floor":[77,77,77,77,77,77,77,77,77,77,77,77,77,77,77,77,77,77,77,77,77,77,77,77,77,77,77,77,77,77,77,77,77],"card_choices":[{"not_picked":["Flying Knee","Blade Dance"],"picked":"Quick Slash","floor":1},{"not_picked":["Flying Knee","Poisoned Stab"],"picked":"Sucker Punch","floor":4},{"not_picked":["Escape Plan","Predator"],"picked":"Leg Sweep","floor":5},{"not_picked":["Tactician","Dodge and Roll"],"picked":"Backflip","floor":6},{"not_picked":["Caltrops","Underhanded Strike"],"picked":"Tools of the Trade","floor":7},{"not_picked":["Blur","Backflip"],"picked":"Bouncing Flask","floor":8},{"not_picked":["Flying Knee","Sucker Punch"],"picked":"Predator","floor":10},{"not_picked":["Deadly Poison","Deflect","Wraith Form v2"],"picked":"SKIP","floor":12},{"not_picked":["Catalyst","Slice","Underhanded Strike"],"picked":"SKIP","floor":13},{"not_picked":["Dodge and Roll","Sucker Punch"],"picked":"Dash","floor":14},{"not_picked":["Venomology","Tools of the Trade"],"picked":"Bullet Time","floor":16},{"not_picked":["All Out Attack","Acrobatics"],"picked":"Dagger Spray","floor":18},{"not_picked":["PiercingWail","Deadly Poison","Predator+1"],"picked":"SKIP","floor":19},{"not_picked":["Flying Knee","Caltrops","Dash+1"],"picked":"SKIP","floor":21},{"not_picked":["Crippling Poison","Bane","Dodge and Roll"],"picked":"SKIP","floor":27},{"not_picked":["Quick Slash","Terror","Acrobatics"],"picked":"SKIP","floor":28},{"not_picked":["Dodge and Roll+1","Crippling Poison"],"picked":"Underhanded Strike+1","floor":30},{"not_picked":["Noxious Fumes","Expertise+1"],"picked":"Underhanded Strike","floor":31}],"player_experience":1529373,"relics_obtained":[{"floor":7,"key":"Tiny Chest"},{"floor":9,"key":"Juzu Bracelet"},{"floor":10,"key":"Blood Vial"},{"floor":26,"key":"Sundial"}],"event_choices":[{"damage_healed":0,"gold_gain":275,"player_choice":"Desecrate","damage_taken":0,"max_hp_gain":0,"max_hp_loss":0,"event_name":"Golden Shrine","floor":2,"gold_loss":0,"cards_obtained":["Regret"]},{"damage_healed":0,"gold_gain":0,"player_choice":"Paid Fearfully","damage_taken":0,"max_hp_gain":0,"max_hp_loss":0,"event_name":"Masked Bandits","floor":22,"gold_loss":28},{"cards_removed":["Strike_G"],"damage_healed":0,"gold_gain":0,"player_choice":"Elegance","damage_taken":0,"max_hp_gain":0,"max_hp_loss":0,"event_name":"Back to Basics","floor":24,"gold_loss":0},{"damage_healed":0,"gold_gain":0,"player_choice":"Fight","damage_taken":0,"max_hp_gain":0,"max_hp_loss":0,"event_name":"Colosseum","floor":29,"gold_loss":0},{"damage_healed":0,"gold_gain":0,"player_choice":"Fled From Nobs","damage_taken":0,"max_hp_gain":0,"max_hp_loss":0,"event_name":"Colosseum","floor":29,"gold_loss":0}],"is_beta":false,"boss_relics":[{"not_picked":["Eternal Feather","Fusion Hammer"],"picked":"Astrolabe"}],"items_purged_floors":[3,20],"is_endless":false,"potions_floor_spawned":[4,6,12,13,16,21,28,30,31],"killed_by":"Automaton","ascension_level":10}