{"gold_per_floor":[118,118,43,43,62,96,109,143,143,143],"floor_reached":10,"playtime":477,"items_purged":["Regret"],"score":103,"play_id":"7281b027-f132-43ab-86d9-ab05dc54c7c7","local_time":"20190428143711","is_ascension_mode":true,"campfire_choices":[],"neow_cost":"TEN_PERCENT_HP_LOSS","seed_source_timestamp":1613635359259100,"circlet_count":0,"master_deck":["Strike_R","Strike_R","Strike_R","Strike_R","Defend_R","Defend_R","Defend_R","Defend_R","Bash","Reaper","Cleave","Heavy Blade","Spot Weakness"],"relics":["Burning Blood","Happy Flower","Darkstone Periapt","Art of War","Omamori"],"potions_floor_usage":[6,10],"damage_taken":[{"damage":12,"enemies":"Jaw Worm","floor":1,"turns":2},{"damage":10,"enemies":"Small Slimes","floor":5,"turns":4},{"damage":51,"enemies":"Lagavulin","floor":6,"turns":8},{"damage":1,"enemies":"Cultist","floor":7,"turns":4},{"damage":30,"enemies":"3 Sentries","floor":8,"turns":6},{"damage":30,"enemies":"Lagavulin","floor":10,"turns":6}],"seed_played":"-2969901411775447994","potions_obtained":[{"floor":1,"key":"Ancient Potion"},{"floor":5,"key":"LiquidBronze"},{"floor":8,"key":"PowerPotion"}],"is_trial":false,"path_per_floor":["M","?","$","?","M","E","M","E","T","E"],"character_chosen":"IRONCLAD","items_purchased":[],"campfire_rested":0,"item_purchase_floors":[],"current_hp_per_floor":[66,66,66,66,68,26,35,23,23,0],"gold":143,"neow_bonus":"THREE_RARE_CARDS","is_prod":false,"is_daily":false,"chose_seed":false,"campfire_upgraded":0,"win_rate":0,"timestamp":1556455031,"path_taken":["M","?","$","?","M","E","?","E","T","E"],"build_version":"2019-01-23","purchased_purges":1,"victory":false,"max_hp_per_floor":[72,72,72,72,72,72,72,72,72,72],"card_choices":[{"not_picked":["Fiend Fire","Berserk"],"picked":"Reaper","floor":0},{"not_picked":["Sever Soul","Searing Blow","Sword Boomerang"],"picked":"SKIP","floor":1},{"not_picked":["Thunderclap","Headbutt"],"picked":"Cleave","floor":5},{"not_picked":["Combust","Blood for Blood","Bloodletting"],"picked":"SKIP","floor":6},{"not_picked":["Infernal Blade","Twin Strike"],"picked":"Heavy Blade","floor":7},{"not_picked":["Pommel Strike","Rage"],"picked":"Spot Weakness","floor":8}],"player_experience":822082,"relics_obtained":[{"floor":6,"key":"Darkstone Periapt"},{"floor":8,"key":"Art of War"},{"floor":9,"key":"Omamori"}],"event_choices":[{"damage_healed":0,"gold_gain":0,"player_choice":"Box","damage_taken":0,"relics_obtained":["Happy Flower"],"max_hp_gain":0,"max_hp_loss":0,"event_name":"Big Fish","floor":2,"gold_loss":0,"cards_obtained":["Regret"]},{"cards_removed":["Strike_R"],"damage_healed":0,"gold_gain":0,"player_choice":"Purged","damage_taken":0,"max_hp_gain":0,"max_hp_loss":0,"event_name":"Purifier","floor":4,"gold_loss":0}],"is_beta":false,"boss_relics":[],"items_purged_floors":[3],"is_endless":false,"potions_floor_spawned":[1,5,8],"killed_by":"Lagavulin","ascension_level":7}