{"gold_per_floor":[362,40,58,58,71,106,119,139,139,14,29,29],"floor_reached":12,"playtime":380,"items_purged":["Defend_B"],"score":90,"play_id":"c249a824-1f06-4af5-be1b-fad889b605ce","local_time":"20190405090027","is_ascension_mode":true,"campfire_choices":[],"neow_cost":"CURSE","seed_source_timestamp":1507145505853900,"circlet_count":0,"master_deck":["Strike_B","Strike_B","Strike_B","Strike_B","Defend_B","Defend_B","Defend_B","Zap","Dualcast","Loop","Sunder","Coolheaded","Rip and Tear","Consume","Conserve Battery","Loop","Double Energy"],"relics":["Cracked Core","Emotion Chip","Lantern","Bottled Flame"],"potions_floor_usage":[8,11,11,11],"damage_taken":[{"damage":1,"enemies":"Cultist","floor":1,"turns":3},{"damage":14,"enemies":"Jaw Worm","floor":3,"turns":3},{"damage":11,"enemies":"2 Louse","floor":5,"turns":2},{"damage":34,"enemies":"Gremlin Nob","floor":6,"turns":5},{"damage":3,"enemies":"Exordium Wildlife","floor":7,"turns":4},{"damage":9,"enemies":"Looter","floor":8,"turns":2},{"damage":0,"enemies":"Red Slaver","floor":11,"turns":1},{"damage":7,"enemies":"Exordium Wildlife","floor":12,"turns":1}],"seed_played":"-4652325003259433091","potions_obtained":[{"floor":5,"key":"GamblersBrew"},{"floor":6,"key":"SpeedPotion"},{"floor":7,"key":"Strength Potion"},{"floor":8,"key":"AttackPotion"}],"is_trial":false,"path_per_floor":["M","$","M","?","M","E","M","M","T","$","M","M"],"character_chosen":"DEFECT","items_purchased":["Emotion Chip","Sunder","AttackPotion"],"campfire_rested":0,"item_purchase_floors":[2,2,10],"current_hp_per_floor":[74,74,60,60,49,15,12,3,3,3,3,0],"gold":29,"neow_bonus":"TWO_FIFTY_GOLD","is_prod":false,"is_daily":false,"chose_seed":false,"campfire_upgraded":0,"win_rate":0,"timestamp":1554480027,"path_taken":["M","$","?","?","M","E","M","M","T","$","M","M"],"build_version":"2019-01-23","purchased_purges":1,"victory":false,"max_hp_per_floor":[75,75,75,75,75,75,75,75,75,75,75,75],"card_choices":[{"not_picked":["Tempest","Rebound"],"picked":"Loop","floor":1},{"not_picked":["Heatsinks","Hello World"],"picked":"Coolheaded","floor":3},{"not_picked":["Hello World","Beam Cell"],"picked":"Rip and Tear","floor":5},{"not_picked":["Redo","Stack"],"picked":"Consume","floor":6},{"not_picked":["Glacier","Stack"],"picked":"Conserve Battery","floor":7},{"not_picked":["Go for the Eyes","FTL"],"picked":"Loop","floor":8},{"not_picked":["Biased Cognition","Hologram"],"picked":"Double Energy","floor":11}],"player_experience":400374,"relics_obtained":[{"floor":6,"key":"Lantern"},{"floor":9,"key":"Bottled Flame"}],"event_choices":[{"cards_removed":["Doubt"],"damage_healed":0,"gold_gain":0,"player_choice":"Forget","damage_taken":0,"max_hp_gain":0,"max_hp_loss":0,"event_name":"Living Wall","floor":4,"gold_loss":0}],"is_beta":false,"boss_relics":[],"items_purged_floors":[10],"is_endless":false,"potions_floor_spawned":[5,6,7,8],"killed_by":"Exordium Wildlife","ascension_level":2}