{"gold_per_floor":[117,117,117,131,56,81,81,113,190,205,205,221,221,247,247,343,343,355,373,321,321],"floor_reached":21,"playtime":7132,"items_purged":["Strike_R"],"score":355,"play_id":"4f4e7ff8-d6a8-41dc-8ac4-c4db532410ad","local_time":"20190502140118","is_ascension_mode":true,"campfire_choices":[{"data":"Searing Blow","floor":7,"key":"SMITH"},{"data":"Searing Blow+1","floor":11,"key":"SMITH"},{"data":"Searing Blow+2","floor":13,"key":"SMITH"},{"data":"Searing Blow+3","floor":15,"key":"SMITH"}],"neow_cost":"NONE","seed_source_timestamp":216959243790800,"circlet_count":0,"master_deck":["AscendersBane","Strike_R","Strike_R","Strike_R","Strike_R","Defend_R","Defend_R","Defend_R","Bash","Flame Barrier","Searing Blow+4","Dual Wield","Impervious","Barricade","Shrug It Off"],"relics":["Burning Blood","NeowsBlessing","Vajra","Art of War","Pantograph","Strawberry","Black Star"],"potions_floor_usage":[8,16,16,19,21],"damage_taken":[{"damage":0,"enemies":"Jaw Worm","floor":1,"turns":1},{"damage":0,"enemies":"Cultist","floor":4,"turns":1},{"damage":0,"enemies":"Lagavulin","floor":6,"turns":1},{"damage":16,"enemies":"Gremlin Nob","floor":8,"turns":3},{"damage":1,"enemies":"2 Louse","floor":10,"turns":2},{"damage":9,"enemies":"Large Slime","floor":12,"turns":5},{"damage":40,"enemies":"Lagavulin","floor":14,"turns":5},{"damage":47,"enemies":"The Guardian","floor":16,"turns":8},{"damage":19,"enemies":"Chosen","floor":18,"turns":4},{"damage":31,"enemies":"Spheric Guardian","floor":19,"turns":10},{"damage":36,"enemies":"Centurion and Healer","floor":21,"turns":5}],"seed_played":"4022992402496141756","potions_obtained":[{"floor":1,"key":"Explosive Potion"},{"floor":8,"key":"Strength Potion"},{"floor":10,"key":"SkillPotion"},{"floor":18,"key":"SkillPotion"}],"is_trial":false,"path_per_floor":["M","$","?","M","$","E","R","E","T","M","R","M","R","E","R","B",null,"M","M","$","M"],"character_chosen":"IRONCLAD","items_purchased":["AttackPotion"],"campfire_rested":0,"item_purchase_floors":[20],"current_hp_per_floor":[78,78,78,80,80,80,80,70,70,75,75,72,72,45,45,29,73,60,35,35,0],"gold":321,"neow_bonus":"THREE_ENEMY_KILL","is_prod":false,"is_daily":false,"chose_seed":false,"campfire_upgraded":4,"win_rate":0,"timestamp":1556798478,"path_taken":["M","$","?","?","?","E","R","E","T","M","R","M","R","E","R","BOSS","M","M","$","M"],"build_version":"2019-01-23","purchased_purges":1,"victory":false,"max_hp_per_floor":[80,80,80,80,80,80,80,80,80,80,80,80,80,87,87,87,87,87,87,87,87],"card_choices":[{"not_picked":["Clash","Body Slam"],"picked":"Flame Barrier","floor":1},{"not_picked":["Carnage","Headbutt"],"picked":"Searing Blow","floor":4},{"not_picked":["Heavy Blade","Thunderclap","Sword Boomerang"],"picked":"SKIP","floor":6},{"not_picked":["Berserk","Twin Strike","Warcry"],"picked":"SKIP","floor":8},{"not_picked":["Sword Boomerang","Anger","Perfected Strike"],"picked":"SKIP","floor":10},{"not_picked":["Whirlwind","Iron Wave"],"picked":"Dual Wield","floor":12},{"not_picked":["Thunderclap","Heavy Blade"],"picked":"Impervious","floor":14},{"not_picked":["Immolate","Reaper"],"picked":"Barricade","floor":16},{"not_picked":["Sword Boomerang","Iron Wave"],"picked":"Shrug It Off","floor":18},{"not_picked":["Clash","Sword Boomerang","Rampage"],"picked":"SKIP","floor":19}],"player_experience":990180,"relics_obtained":[{"floor":6,"key":"Vajra"},{"floor":8,"key":"Art of War"},{"floor":9,"key":"Pantograph"},{"floor":14,"key":"Strawberry"}],"event_choices":[{"cards_removed":["Defend_R"],"damage_healed":0,"gold_gain":0,"player_choice":"Offered Basic","damage_taken":0,"max_hp_gain":0,"max_hp_loss":0,"event_name":"Bonfire Elementals","floor":3,"gold_loss":0}],"is_beta":false,"boss_relics":[{"not_picked":["Fusion Hammer","Philosopher\u0027s Stone"],"picked":"Black Star"}],"items_purged_floors":[5],"is_endless":false,"potions_floor_spawned":[1,8,10,14,18],"killed_by":"Centurion and Healer","ascension_level":12}