{"gold_per_floor":[116,116,18,36,36,36,65,82,82,101,101,101,116,132,132,234,234,254,14,31,41,41,41,60,60,84,122,151,176,188,212,224,335,347,373,405,157,257,269,295,295,295,322,322,332,352,352,362,362,362],"floor_reached":51,"playtime":2505,"items_purged":["Strike_R","Shrug It Off"],"score":787,"play_id":"3015d84c-94ce-4d21-b5b1-0d390b08dcc4","local_time":"20190317235200","is_ascension_mode":true,"campfire_choices":[{"data":"Pommel Strike","floor":6,"key":"SMITH"},{"data":"Demon Form","floor":12,"key":"SMITH"},{"data":"True Grit","floor":15,"key":"SMITH"},{"data":"Barricade","floor":23,"key":"SMITH"},{"floor":25,"key":"REST"},{"data":"Impervious","floor":30,"key":"SMITH"},{"floor":32,"key":"REST"},{"data":"Exhume","floor":42,"key":"SMITH"},{"data":"Impervious","floor":44,"key":"SMITH"},{"floor":49,"key":"REST"}],"neow_cost":"TEN_PERCENT_HP_LOSS","seed_source_timestamp":363812848469536,"circlet_count":0,"master_deck":["Strike_R","Strike_R","Strike_R","Strike_R","Defend_R","Defend_R","Defend_R","Bash","Reaper","Clothesline+1","True Grit+1","Pommel Strike+1","Feel No Pain","Demon Form+1","Spot Weakness+1","Cleave","Inflame","Armaments","Heavy Blade+1","Heavy Blade","Heavy Blade+1","Thunderclap+1","Impervious+1","Pommel Strike","Impervious+1","Shockwave","Cleave+1","Armaments+1","Heavy Blade+1","Feel No Pain+1","Exhume+1","Pommel Strike"],"relics":["Burning Blood","Bronze Scales","Matryoshka","Meat on the Bone","The Courier","Philosopher\u0027s Stone","Brimstone","Smiling Mask","MawBank","Pen Nib","Sozu","Self Forming Clay","Nunchaku","Turnip","War Paint"],"potions_floor_usage":[16,27,31,33,50,50],"damage_taken":[{"damage":8,"enemies":"Jaw Worm","floor":1,"turns":7},{"damage":0,"enemies":"Cultist","floor":4,"turns":3},{"damage":48,"enemies":"3 Sentries","floor":7,"turns":11},{"damage":3,"enemies":"Small Slimes","floor":8,"turns":3},{"damage":13,"enemies":"2 Fungi Beasts","floor":10,"turns":4},{"damage":11,"enemies":"3 Louse","floor":13,"turns":3},{"damage":13,"enemies":"Red Slaver","floor":14,"turns":5},{"damage":15,"enemies":"Slime Boss","floor":16,"turns":7},{"damage":3,"enemies":"Chosen","floor":18,"turns":4},{"damage":23,"enemies":"Spheric Guardian","floor":20,"turns":5},{"damage":27,"enemies":"Snake Plant","floor":21,"turns":2},{"damage":13,"enemies":"Snecko","floor":24,"turns":3},{"damage":47,"enemies":"Slavers","floor":27,"turns":3},{"damage":34,"enemies":"Shelled Parasite and Fungi","floor":28,"turns":3},{"damage":29,"enemies":"Chosen and Byrds","floor":29,"turns":2},{"damage":10,"enemies":"3 Cultists","floor":31,"turns":3},{"damage":19,"enemies":"Champ","floor":33,"turns":7},{"damage":32,"enemies":"3 Darklings","floor":35,"turns":5},{"damage":17,"enemies":"3 Shapes","floor":36,"turns":4},{"damage":22,"enemies":"Mind Bloom Boss Battle","floor":38,"turns":4},{"damage":4,"enemies":"3 Darklings","floor":39,"turns":4},{"damage":23,"enemies":"Giant Head","floor":40,"turns":7},{"damage":20,"enemies":"Maw","floor":45,"turns":7},{"damage":13,"enemies":"4 Shapes","floor":46,"turns":4},{"damage":35,"enemies":"3 Darklings","floor":48,"turns":4},{"damage":61,"enemies":"Awakened One","floor":50,"turns":6}],"seed_played":"9021222506265128186","potions_obtained":[{"floor":4,"key":"FearPotion"},{"floor":7,"key":"SkillPotion"},{"floor":10,"key":"Strength Potion"},{"floor":18,"key":"PowerPotion"},{"floor":20,"key":"EssenceOfSteel"},{"floor":28,"key":"Dexterity Potion"},{"floor":29,"key":"EssenceOfSteel"},{"floor":31,"key":"AttackPotion"}],"is_trial":false,"path_per_floor":["M","?","$","M","T","R","E","M","T","M","?","R","M","M","R","B",null,"M","$","M","M","?","R","M","R","T","E","M","M","R","M","R","B",null,"M","M","$","?","M","E","?","R","T","R","M","M","?","M","R","B",null],"character_chosen":"IRONCLAD","items_purchased":["True Grit","Brimstone","Shrug It Off","Armaments","Self Forming Clay","Armaments"],"campfire_rested":3,"item_purchase_floors":[3,19,19,19,37,37],"current_hp_per_floor":[70,70,70,72,72,72,39,49,49,43,43,43,52,45,45,68,72,72,72,55,46,37,37,42,63,63,56,40,29,29,46,67,54,72,46,51,51,66,68,70,70,70,70,70,56,61,61,44,65,45],"gold":362,"neow_bonus":"THREE_RARE_CARDS","is_prod":false,"is_daily":false,"chose_seed":false,"campfire_upgraded":7,"win_rate":0,"timestamp":1552888320,"path_taken":["M","?","$","?","?","R","E","M","T","M","?","R","M","M","R","BOSS","M","$","M","M","?","R","M","R","T","E","M","M","R","M","R","BOSS","M","M","$","?","M","E","?","R","T","R","?","M","?","M","R","BOSS"],"build_version":"2019-01-23","purchased_purges":2,"victory":true,"max_hp_per_floor":[72,72,72,72,72,72,72,72,72,72,72,72,72,72,72,72,72,72,72,72,72,72,72,72,72,72,72,72,72,72,72,72,72,72,72,72,72,72,72,72,72,72,72,72,72,72,72,72,72,72],"card_choices":[{"not_picked":["Exhume","Bludgeon"],"picked":"Reaper","floor":0},{"not_picked":["Anger","Blood for Blood"],"picked":"Clothesline","floor":1},{"not_picked":["Clothesline","Body Slam"],"picked":"Pommel Strike","floor":4},{"not_picked":["Entrench","Havoc"],"picked":"Feel No Pain","floor":7},{"not_picked":["Fire Breathing","Wild Strike"],"picked":"Demon Form","floor":8},{"not_picked":["Cleave","Wild Strike"],"picked":"Spot Weakness","floor":10},{"not_picked":["Intimidate","Heavy Blade"],"picked":"Cleave","floor":13},{"not_picked":["Iron Wave","Double Tap","Perfected Strike"],"picked":"SKIP","floor":14},{"not_picked":["Brutality","Offering"],"picked":"Barricade","floor":16},{"not_picked":["Havoc","Flame Barrier+1"],"picked":"Inflame","floor":18},{"not_picked":["Wild Strike","Battle Trance"],"picked":"Heavy Blade+1","floor":20},{"not_picked":["Clash","Burning Pact+1"],"picked":"Heavy Blade","floor":21},{"not_picked":["Entrench+1","Headbutt"],"picked":"Heavy Blade+1","floor":24},{"not_picked":["Dropkick","Rampage+1"],"picked":"Thunderclap+1","floor":27},{"not_picked":["Armaments","Havoc+1"],"picked":"Impervious","floor":28},{"not_picked":["Hemokinesis","Combust","Rupture+1"],"picked":"SKIP","floor":29},{"not_picked":["Twin Strike","Havoc"],"picked":"Pommel Strike","floor":31},{"not_picked":["Berserk","Double Tap"],"picked":"Impervious","floor":33},{"not_picked":["Headbutt+1","Flame Barrier+1"],"picked":"Shockwave","floor":35},{"not_picked":["Body Slam+1","Evolve+1"],"picked":"Cleave+1","floor":36},{"not_picked":["Searing Blow","Fire Breathing+1"],"picked":"Heavy Blade+1","floor":38},{"not_picked":["Havoc","Burning Pact"],"picked":"Feel No Pain+1","floor":39},{"not_picked":["Infernal Blade+1","Clash"],"picked":"Exhume","floor":40},{"not_picked":["Clothesline+1","Sentinel+1"],"picked":"Pommel Strike","floor":45},{"not_picked":["Twin Strike","Perfected Strike+1","Flex"],"picked":"SKIP","floor":46},{"not_picked":["Headbutt+1","Heavy Blade","Clothesline"],"picked":"SKIP","floor":48}],"player_experience":245348,"relics_obtained":[{"floor":5,"key":"Bronze Scales"},{"floor":7,"key":"Matryoshka"},{"floor":9,"key":"Meat on the Bone"},{"floor":9,"key":"The Courier"},{"floor":26,"key":"Smiling Mask"},{"floor":26,"key":"MawBank"},{"floor":27,"key":"Pen Nib"},{"floor":38,"key":"Nunchaku"},{"floor":40,"key":"Turnip"},{"floor":43,"key":"War Paint"}],"event_choices":[{"damage_healed":0,"gold_gain":0,"player_choice":"Upgraded","damage_taken":0,"max_hp_gain":0,"max_hp_loss":0,"event_name":"Upgrade Shrine","floor":2,"gold_loss":0,"cards_upgraded":["Clothesline"]},{"cards_removed":["Defend_R"],"damage_healed":0,"gold_gain":0,"player_choice":"Forget","damage_taken":0,"max_hp_gain":0,"max_hp_loss":0,"event_name":"Living Wall","floor":11,"gold_loss":0},{"damage_healed":0,"gold_gain":0,"player_choice":"Stopped","damage_taken":9,"max_hp_gain":0,"max_hp_loss":0,"event_name":"Cursed Tome","floor":22,"gold_loss":0},{"damage_healed":0,"gold_gain":0,"player_choice":"Fight","damage_taken":0,"max_hp_gain":0,"max_hp_loss":0,"event_name":"MindBloom","floor":38,"gold_loss":0},{"damage_healed":0,"gold_gain":0,"player_choice":"Bought 0 Potions","damage_taken":0,"max_hp_gain":0,"max_hp_loss":0,"event_name":"The Woman in Blue","floor":41,"gold_loss":0},{"cards_removed":["Barricade"],"damage_healed":0,"gold_gain":0,"player_choice":"Removed Power","damage_taken":0,"max_hp_gain":0,"max_hp_loss":0,"event_name":"Falling","floor":47,"gold_loss":0}],"is_beta":false,"boss_relics":[{"not_picked":["Mark of Pain","Ectoplasm"],"picked":"Philosopher\u0027s Stone"},{"not_picked":["Cursed Key","Runic Pyramid"],"picked":"Sozu"}],"items_purged_floors":[3,37],"is_endless":false,"potions_floor_spawned":[4,7,10,18,20,28,29,31,35,36,45,46],"ascension_level":1}