{"gold_per_floor":[109,129,204,204,204,204,219,254,280,280,298,369,369,40,40,40],"floor_reached":16,"playtime":407,"items_purged":[],"score":191,"play_id":"ea084917-00c3-4aab-8373-b4a2e1c0b405","local_time":"20190429131035","is_ascension_mode":true,"campfire_choices":[{"data":"Cleave","floor":6,"key":"SMITH"},{"data":"Twin Strike","floor":10,"key":"SMITH"},{"data":"Thunderclap","floor":15,"key":"SMITH"}],"neow_cost":"NONE","seed_source_timestamp":3165564231306360,"circlet_count":0,"master_deck":["AscendersBane","Strike_R","Strike_R","Strike_R","Strike_R","Strike_R","Defend_R","Defend_R","Defend_R","Defend_R","Bash","Cleave+1","Twin Strike+1","Pommel Strike","Twin Strike","Perfected Strike","Thunderclap+1"],"relics":["Burning Blood","Omamori","Golden Idol","Anchor","Regal Pillow","Mercury Hourglass","Pear","PrismaticShard"],"potions_floor_usage":[8,11,16,16],"damage_taken":[{"damage":24,"enemies":"Jaw Worm","floor":1,"turns":5},{"damage":3,"enemies":"2 Louse","floor":2,"turns":3},{"damage":0,"enemies":"Small Slimes","floor":7,"turns":2},{"damage":8,"enemies":"Gremlin Nob","floor":8,"turns":3},{"damage":22,"enemies":"Exordium Thugs","floor":11,"turns":5},{"damage":20,"enemies":"3 Sentries","floor":12,"turns":6},{"damage":42,"enemies":"Slime Boss","floor":16,"turns":6}],"seed_played":"-7762734620861271642","potions_obtained":[{"floor":2,"key":"Weak Potion"},{"floor":7,"key":"Fire Potion"},{"floor":12,"key":"Swift Potion"}],"is_trial":false,"path_per_floor":["M","M","?","?","?","R","M","E","T","R","M","?","?","$","R","B"],"character_chosen":"IRONCLAD","items_purchased":["PrismaticShard","PowerPotion","Thunderclap"],"campfire_rested":0,"item_purchase_floors":[14,14,14],"current_hp_per_floor":[50,53,42,42,42,42,48,46,46,46,30,16,26,26,26,0],"gold":40,"neow_bonus":"RANDOM_COMMON_RELIC","is_prod":false,"is_daily":false,"chose_seed":false,"campfire_upgraded":3,"win_rate":0,"timestamp":1556539835,"path_taken":["M","M","?","?","?","R","?","E","T","R","M","?","?","$","R","BOSS"],"build_version":"2019-01-23","purchased_purges":0,"victory":false,"max_hp_per_floor":[75,75,75,75,75,75,75,75,75,75,75,75,85,85,85,85],"card_choices":[{"not_picked":["Pummel","Spot Weakness"],"picked":"Cleave","floor":1},{"not_picked":["Havoc","Flame Barrier"],"picked":"Twin Strike","floor":2},{"not_picked":["Perfected Strike","Spot Weakness"],"picked":"Pommel Strike","floor":7},{"not_picked":["Intimidate","Armaments"],"picked":"Twin Strike","floor":8},{"not_picked":["Sword Boomerang","True Grit"],"picked":"Perfected Strike","floor":11}],"player_experience":246234,"relics_obtained":[{"floor":8,"key":"Anchor"},{"floor":9,"key":"Regal Pillow"},{"floor":12,"key":"Mercury Hourglass"}],"event_choices":[{"damage_healed":0,"gold_gain":75,"player_choice":"Gather Gold","damage_taken":11,"max_hp_gain":0,"max_hp_loss":0,"event_name":"World of Goop","floor":3,"gold_loss":0},{"damage_healed":0,"gold_gain":0,"player_choice":"Take Wound","damage_taken":0,"relics_obtained":["Golden Idol"],"max_hp_gain":0,"max_hp_loss":0,"event_name":"Golden Idol","floor":4,"gold_loss":0,"cards_obtained":["Injury"]},{"damage_healed":0,"gold_gain":0,"player_choice":"Ignored","damage_taken":0,"max_hp_gain":0,"max_hp_loss":0,"event_name":"Golden Wing","floor":5,"gold_loss":0},{"damage_healed":0,"gold_gain":30,"player_choice":"Searched \u00272\u0027 times","damage_taken":0,"max_hp_gain":0,"max_hp_loss":0,"event_name":"Dead Adventurer","floor":12,"gold_loss":0},{"damage_healed":0,"gold_gain":0,"player_choice":"Box","damage_taken":0,"relics_obtained":["Pear"],"max_hp_gain":0,"max_hp_loss":0,"event_name":"Big Fish","floor":13,"gold_loss":0,"cards_obtained":["Regret"]}],"is_beta":false,"boss_relics":[],"items_purged_floors":[],"is_endless":false,"potions_floor_spawned":[2,7,12],"killed_by":"Slime Boss","ascension_level":19}