{"gold_per_floor":[113,113,127,127,52,86,86,122,122,146,146,60,80,100,100,196,196,219,219,52,73,98,98,139,139,208,80,118,118,157,157,157,157],"floor_reached":33,"playtime":1004,"items_purged":["Eviscerate+1"],"score":648,"play_id":"e62ee017-4934-4c14-bbe0-e1ee31232d07","local_time":"20190426151453","is_ascension_mode":true,"campfire_choices":[{"floor":11.0,"key":"REST"},{"floor":15.0,"key":"REST"},{"floor":23.0,"key":"REST"},{"floor":25.0,"key":"REST"},{"data":"Backflip","floor":29.0,"key":"SMITH"},{"data":"Backflip","floor":32,"key":"SMITH"}],"neow_cost":"NONE","seed_source_timestamp":2913079525288991,"circlet_count":0,"master_deck":["AscendersBane","Survivor","Neutralize","Quick Slash","Dagger Spray+1","Glass Knife+1","Deflect","Backstab+1","Quick Slash+1","Dagger Spray+1","Adrenaline","Backflip","Underhanded Strike+1","Riddle With Holes+1","Prepared","Riddle With Holes+1","Unload+1","Venomology","Dodge and Roll+1","Backflip+1","RitualDagger+1","Blade Dance","Finisher+1","Slice+1","Backflip+1"],"special_seed":0,"relics":["Ring of the Snake","NeowsBlessing","Golden Idol","Molten Egg 2","Shuriken","Prayer Wheel","War Paint","Pandora\u0027s Box","Bag of Preparation","Darkstone Periapt","Paper Crane","Orichalcum","Red Mask"],"potions_floor_usage":[33,33],"damage_taken":[{"damage":0.0,"enemies":"Small Slimes","floor":1.0,"turns":1.0},{"damage":0.0,"enemies":"Cultist","floor":3.0,"turns":1.0},{"damage":0.0,"enemies":"3 Sentries","floor":6.0,"turns":1.0},{"damage":54.0,"enemies":"Gremlin Nob","floor":8.0,"turns":5.0},{"damage":0.0,"enemies":"2 Louse","floor":10.0,"turns":2.0},{"damage":3.0,"enemies":"Large Slime","floor":13.0,"turns":4.0},{"damage":5.0,"enemies":"Exordium Thugs","floor":14.0,"turns":2.0},{"damage":14.0,"enemies":"Hexaghost","floor":16.0,"turns":9.0},{"damage":9.0,"enemies":"Chosen","floor":18.0,"turns":3.0},{"damage":0.0,"enemies":"Spheric Guardian","floor":21.0,"turns":2.0},{"damage":0.0,"enemies":"Chosen and Byrds","floor":22.0,"turns":2.0},{"damage":19.0,"enemies":"Gremlin Leader","floor":24.0,"turns":4.0},{"damage":0.0,"enemies":"Book of Stabbing","floor":28.0,"turns":3.0},{"damage":0.0,"enemies":"Masked Bandits","floor":30.0,"turns":2.0},{"damage":76,"enemies":"Collector","floor":33,"turns":8}],"seed_played":"6406470786428029227","potions_obtained":[{"floor":6.0,"key":"Ancient Potion"},{"floor":13.0,"key":"LiquidBronze"},{"floor":28.0,"key":"SpeedPotion"}],"is_trial":false,"path_per_floor":["M","?","M","?","?","E","?","E","T","M","R","$","M","M","R","B",null,"M","?","$","M","M","R","E","R","T","$","E","R","?","?","R","B"],"character_chosen":"THE_SILENT","items_purchased":["LiquidBronze","Bag of Preparation","Block Potion"],"campfire_rested":4,"item_purchase_floors":[12,20,27],"current_hp_per_floor":[59,59,59,59,59,59,59,5,5,5,23,23,20,15,33,19,50,41,35,35,35,35,53,34,52,52,52,52,52,52,52,52,0],"gold":157,"neow_bonus":"THREE_ENEMY_KILL","is_prod":false,"is_daily":false,"chose_seed":false,"campfire_upgraded":2,"win_rate":0,"timestamp":1556288093,"path_taken":["M","?","?","?","?","E","?","E","T","?","R","$","M","M","R","BOSS","M","?","$","M","M","R","E","R","T","$","E","R","?","?","R","BOSS"],"build_version":"2019-01-23","purchased_purges":1,"victory":false,"max_hp_per_floor":[66,66,66,60,60,60,60,60,60,60,60,60,60,60,60,60,60,60,60,60,60,60,60,60,60,60,60,60,60,60,60,60,60],"card_choices":[{"not_picked":["Cloak And Dagger","Setup"],"picked":"Poisoned Stab","floor":1.0},{"not_picked":["Prepared","Outmaneuver"],"picked":"Quick Slash","floor":3.0},{"not_picked":["Storm of Steel","Prepared","Setup"],"picked":"SKIP","floor":6.0},{"not_picked":["Cloak And Dagger","Leg Sweep"],"picked":"Dagger Spray+1","floor":8.0},{"not_picked":["Prepared","Flying Knee+1"],"picked":"Glass Knife+1","floor":10.0},{"not_picked":["Dodge and Roll","Outmaneuver"],"picked":"Deflect","floor":10.0},{"not_picked":["Blade Dance","Acrobatics"],"picked":"Backstab+1","floor":13.0},{"not_picked":["Poisoned Stab+1","Dagger Throw+1"],"picked":"Quick Slash+1","floor":13.0},{"not_picked":["Venomology","Acrobatics"],"picked":"Dagger Spray+1","floor":14.0},{"not_picked":["Bane+1","Poisoned Stab+1","Acrobatics"],"picked":"SKIP","floor":14.0},{"not_picked":["Tools of the Trade","Grand Finale+1"],"picked":"Adrenaline","floor":16.0},{"not_picked":["Noxious Fumes","All Out Attack+1"],"picked":"Dodge and Roll+1","floor":18.0},{"not_picked":["Masterful Stab+1","Predator+1"],"picked":"Backflip","floor":18.0},{"not_picked":["Bouncing Flask","Outmaneuver"],"picked":"Blade Dance","floor":21.0},{"not_picked":["Riddle With Holes+1","Flechettes+1","Catalyst"],"picked":"SKIP","floor":21.0},{"not_picked":["Calculated Gamble+1","Outmaneuver"],"picked":"Finisher+1","floor":22.0},{"not_picked":["Skewer+1","Sucker Punch+1"],"picked":"Slice+1","floor":22.0},{"not_picked":["Dagger Throw+1","Tools of the Trade"],"picked":"Backflip","floor":24.0},{"not_picked":["Expertise","Bane+1","Finisher+1"],"picked":"SKIP","floor":28.0}],"player_experience":210051,"relics_obtained":[{"floor":6.0,"key":"Molten Egg 2"},{"floor":8.0,"key":"Prayer Wheel"},{"floor":9.0,"key":"War Paint"},{"floor":24.0,"key":"Darkstone Periapt"},{"floor":26.0,"key":"Paper Crane"},{"floor":28.0,"key":"Orichalcum"},{"floor":30.0,"key":"Red Mask"}],"event_choices":[{"cards_removed":["Strike_G"],"damage_healed":0.0,"max_hp_gain":0.0,"max_hp_loss":0.0,"gold_gain":0.0,"event_name":"Bonfire Elementals","player_choice":"Offered Basic","floor":2.0,"gold_loss":0.0,"damage_taken":0.0},{"damage_healed":0.0,"max_hp_gain":0.0,"max_hp_loss":6.0,"gold_gain":0.0,"event_name":"Golden Idol","player_choice":"Lose Max HP","floor":4.0,"gold_loss":0.0,"damage_taken":0.0,"relics_obtained":["Golden Idol"]},{"cards_removed":["Strike_G"],"damage_healed":0.0,"max_hp_gain":0.0,"max_hp_loss":0.0,"gold_gain":0.0,"event_name":"The Cleric","player_choice":"Card Removal","floor":5.0,"gold_loss":75.0,"damage_taken":0.0},{"cards_removed":["Poisoned Stab"],"damage_healed":0.0,"max_hp_gain":0.0,"max_hp_loss":0.0,"gold_gain":0.0,"event_name":"WeMeetAgain","player_choice":"Gave Card","floor":7.0,"gold_loss":0.0,"damage_taken":0.0,"relics_obtained":["Shuriken"]},{"damage_healed":0.0,"max_hp_gain":0.0,"max_hp_loss":0.0,"gold_gain":0.0,"event_name":"Nest","player_choice":"Joined the Cult","floor":19.0,"gold_loss":0.0,"damage_taken":6.0,"cards_obtained":["RitualDagger"]},{"damage_healed":0.0,"max_hp_gain":0.0,"max_hp_loss":0.0,"gold_gain":0.0,"event_name":"Masked Bandits","player_choice":"Fought Bandits","floor":30.0,"gold_loss":0.0,"damage_taken":0.0},{"damage_healed":0,"gold_gain":0,"player_choice":"Ignored","damage_taken":0,"max_hp_gain":0,"max_hp_loss":0,"event_name":"Ghosts","floor":31,"gold_loss":0}],"is_beta":false,"boss_relics":[{"not_picked":["Runic Pyramid","HoveringKite"],"picked":"Pandora\u0027s Box"}],"items_purged_floors":[27],"is_endless":false,"potions_floor_spawned":[6,13,14,18,28,30],"killed_by":"Collector","ascension_level":18}