{"gold_per_floor":[115,40,56,76,39,67,67,102,102,102,152,152,167,179,179,257,307,318,334,384,67,67],"floor_reached":22,"playtime":923,"items_purged":["Strike_R"],"score":359,"play_id":"e93211ac-e3f0-4a6d-8e03-96090558e50d","local_time":"20190429105821","is_ascension_mode":true,"campfire_choices":[{"data":"Flame Barrier","floor":7,"key":"SMITH"},{"floor":10,"key":"RECALL"},{"floor":12,"key":"REST"},{"data":"Rampage","floor":15,"key":"SMITH"}],"neow_cost":"NONE","seed_source_timestamp":127244030761505,"circlet_count":0,"master_deck":["AscendersBane","Strike_R","Strike_R","Strike_R","Defend_R","Defend_R","Defend_R","Defend_R","Bash","Battle Trance","Rampage+1","Flame Barrier+1","Armaments","Thunderclap","Armaments","Headbutt+1","Reaper","Cleave","Metallicize"],"relics":["Burning Blood","The Courier","Letter Opener","Dodecahedron","Tiny House","Strange Spoon"],"potions_floor_usage":[6,8,16,16,17,18,22,22],"damage_taken":[{"damage":26,"enemies":"Jaw Worm","floor":1,"turns":5},{"damage":10,"enemies":"Small Slimes","floor":3,"turns":4},{"damage":1,"enemies":"Cultist","floor":4,"turns":3},{"damage":35,"enemies":"Gremlin Nob","floor":6,"turns":4},{"damage":20,"enemies":"Lagavulin","floor":8,"turns":7},{"damage":11,"enemies":"Looter","floor":13,"turns":3},{"damage":2,"enemies":"Large Slime","floor":14,"turns":7},{"damage":33,"enemies":"Slime Boss","floor":16,"turns":11},{"damage":6,"enemies":"2 Thieves","floor":18,"turns":2},{"damage":64,"enemies":"Shell Parasite","floor":19,"turns":9},{"damage":34,"enemies":"Cultist and Chosen","floor":22,"turns":4}],"seed_played":"8074688029285772725","potions_obtained":[{"floor":4,"key":"Regen Potion"},{"floor":6,"key":"FearPotion"},{"floor":8,"key":"Strength Potion"},{"floor":14,"key":"SpeedPotion"},{"floor":16,"key":"AttackPotion"},{"floor":17,"key":"Fruit Juice"},{"floor":19,"key":"Swift Potion"}],"is_trial":false,"path_per_floor":["M","?","M","M","$","E","R","E","T","R","?","R","M","M","R","B",null,"M","M","?","$","M"],"character_chosen":"IRONCLAD","items_purchased":["Flame Barrier","Metallicize","Strange Spoon","PowerPotion"],"campfire_rested":1,"item_purchase_floors":[5,21,21,21],"current_hp_per_floor":[55,55,51,56,56,39,39,25,25,25,25,49,44,48,48,21,77,77,24,24,24,0],"gold":67,"neow_bonus":"TEN_PERCENT_HP_BONUS","is_prod":false,"is_daily":false,"chose_seed":false,"campfire_upgraded":2,"win_rate":0,"timestamp":1556560701,"path_taken":["M","?","M","M","$","E","R","E","T","R","?","R","M","?","R","BOSS","M","M","?","$","M"],"build_version":"2019-01-23","purchased_purges":1,"victory":false,"max_hp_per_floor":[82,82,82,82,82,82,82,82,82,82,82,82,82,82,82,82,92,92,92,92,92,92],"card_choices":[{"not_picked":["Flex","Wild Strike"],"picked":"Battle Trance","floor":1},{"not_picked":["Thunderclap","Armaments"],"picked":"Rampage","floor":3},{"not_picked":["Pommel Strike","Warcry","Sever Soul"],"picked":"SKIP","floor":4},{"not_picked":["Anger","Thunderclap"],"picked":"Armaments","floor":6},{"not_picked":["Clash","Pommel Strike"],"picked":"Thunderclap","floor":8},{"not_picked":["Ghostly Armor","Warcry"],"picked":"Armaments","floor":13},{"not_picked":["Whirlwind","Uppercut"],"picked":"Headbutt","floor":14},{"not_picked":["Fiend Fire","Berserk"],"picked":"Reaper","floor":16},{"not_picked":["Havoc","Dropkick"],"picked":"Cleave","floor":17},{"not_picked":["Anger","Warcry","Flex"],"picked":"SKIP","floor":18},{"not_picked":["Fire Breathing","Iron Wave","Heavy Blade"],"picked":"SKIP","floor":19}],"player_experience":500263,"relics_obtained":[{"floor":6,"key":"The Courier"},{"floor":8,"key":"Letter Opener"},{"floor":9,"key":"Dodecahedron"}],"event_choices":[{"cards_removed":["Strike_R"],"damage_healed":0,"gold_gain":0,"player_choice":"Card Removal","damage_taken":0,"max_hp_gain":0,"max_hp_loss":0,"event_name":"The Cleric","floor":2,"gold_loss":75},{"damage_healed":0,"gold_gain":50,"player_choice":"Pray","damage_taken":0,"max_hp_gain":0,"max_hp_loss":0,"event_name":"Golden Shrine","floor":11,"gold_loss":0},{"damage_healed":0,"gold_gain":50,"player_choice":"Stole From Cult","damage_taken":0,"max_hp_gain":0,"max_hp_loss":0,"event_name":"Nest","floor":20,"gold_loss":0}],"is_beta":false,"boss_relics":[{"not_picked":["Eternal Feather","White Beast Statue"],"picked":"Tiny House"}],"items_purged_floors":[21],"is_endless":false,"potions_floor_spawned":[4,6,8,14,16,19],"killed_by":"Cultist and Chosen","ascension_level":17}