{"gold_per_floor":[118,193,207,63,63,63,92,92,174,186,204,219,219,235,235,332,332,344,354,368,368,467,467,36,50,76,93,93,128,142,90,90,191,191,211,76,87,103,119,119,136,136,136,136,151,151],"floor_reached":46,"playtime":6196,"items_purged":["Strike_G"],"score":683,"play_id":"8035b900-1938-482a-b019-2ca8b344925c","local_time":"20190506111028","is_ascension_mode":true,"campfire_choices":[{"data":"Noxious Fumes","floor":6,"key":"SMITH"},{"floor":8,"key":"REST"},{"floor":13,"key":"REST"},{"data":"Catalyst","floor":15,"key":"SMITH"},{"floor":23,"key":"REST"},{"floor":28,"key":"REST"},{"floor":32,"key":"REST"},{"floor":40,"key":"REST"},{"floor":42,"key":"REST"}],"neow_cost":"NONE","seed_source_timestamp":118701480543900,"circlet_count":0,"master_deck":["Defend_G","Defend_G","Defend_G","Defend_G","Defend_G","Strike_G","Strike_G","Strike_G","Strike_G","Survivor","Neutralize","Noxious Fumes+1","Catalyst+1","Backflip","Quick Slash","Footwork","Deadly Poison","Burst","Prepared+1","Burst","Blur","Eviscerate","Leg Sweep+1","Footwork","Dodge and Roll","Dagger Throw+1","Corpse Explosion","After Image","Riddle With Holes+1","Backflip","Bouncing Flask+1","Blur+1","Doubt","Blur"],"relics":["Ring of the Snake","Orichalcum","Oddly Smooth Stone","CultistMask","Darkstone Periapt","Snecko Eye","Question Card","Boot","Sundial","Lizard Tail","Ancient Tea Set"],"potions_floor_usage":[11,16,19,21,29,33,33,33,38,38,39],"damage_taken":[{"damage":1,"enemies":"2 Louse","floor":1,"turns":4},{"damage":1,"enemies":"Jaw Worm","floor":3,"turns":4},{"damage":35,"enemies":"Lagavulin","floor":7,"turns":8},{"damage":0,"enemies":"Cultist","floor":10,"turns":5},{"damage":17,"enemies":"Exordium Thugs","floor":11,"turns":6},{"damage":0,"enemies":"2 Fungi Beasts","floor":12,"turns":4},{"damage":3,"enemies":"Blue Slaver","floor":14,"turns":4},{"damage":3,"enemies":"The Guardian","floor":16,"turns":8},{"damage":8,"enemies":"Spheric Guardian","floor":18,"turns":6},{"damage":14,"enemies":"Shell Parasite","floor":19,"turns":7},{"damage":20,"enemies":"Snake Plant","floor":20,"turns":5},{"damage":8,"enemies":"Colosseum Slavers","floor":21,"turns":6},{"damage":8,"enemies":"Centurion and Healer","floor":25,"turns":7},{"damage":3,"enemies":"3 Cultists","floor":27,"turns":6},{"damage":20,"enemies":"Book of Stabbing","floor":29,"turns":6},{"damage":0,"enemies":"Snake Plant","floor":30,"turns":5},{"damage":28,"enemies":"Collector","floor":33,"turns":11},{"damage":4,"enemies":"3 Shapes","floor":35,"turns":4},{"damage":26,"enemies":"3 Darklings","floor":37,"turns":4},{"damage":23,"enemies":"Writhing Mass","floor":38,"turns":9},{"damage":16,"enemies":"Spire Growth","floor":39,"turns":3},{"damage":29,"enemies":"Sphere and 2 Shapes","floor":41,"turns":5},{"damage":34,"enemies":"Writhing Mass","floor":45,"turns":6},{"damage":47,"enemies":"Jaw Worm Horde","floor":46,"turns":3}],"seed_played":"8252073410396637911","potions_obtained":[{"floor":3,"key":"Swift Potion"},{"floor":7,"key":"Fire Potion"},{"floor":14,"key":"Weak Potion"},{"floor":16,"key":"SteroidPotion"},{"floor":18,"key":"LiquidBronze"},{"floor":20,"key":"PowerPotion"},{"floor":29,"key":"Explosive Potion"},{"floor":33,"key":"PowerPotion"},{"floor":35,"key":"Ancient Potion"},{"floor":37,"key":"LiquidBronze"}],"is_trial":false,"path_per_floor":["?","?","M","?","?","?"],"character_chosen":"THE_SILENT","items_purchased":["Oddly Smooth Stone","Eviscerate","Question Card","Block Potion","SkillPotion","After Image"],"campfire_rested":7,"item_purchase_floors":[4,24,24,24,31,36],"current_hp_per_floor":[62,51,50,50,50,50,15,36,36,36,19,19,40,37,37,34,61,53,39,19,11,11,32,32,24,24,21,42,22,22,22,43,15,56,52,52,26,3,31,52,23,44,44,76,42,0],"gold":151,"neow_bonus":"RANDOM_COMMON_RELIC","is_prod":false,"is_daily":false,"chose_seed":false,"campfire_upgraded":2,"win_rate":0,"timestamp":1557162628,"path_taken":["M","?","M","$","?","R","E","R","T","M","M","M","R","M","R","BOSS","M","?","M","?","?","R","$","M","T","M","R","E","M","$","R","BOSS","M","$","M","M","M","R","M","R","T","?","M","M"],"build_version":"2019-01-23","purchased_purges":1,"victory":false,"max_hp_per_floor":[70,70,70,70,70,70,70,70,70,70,70,70,70,70,70,70,70,70,70,70,70,70,70,70,70,70,70,70,70,70,70,70,70,70,70,70,70,70,70,70,70,70,70,76,76,76],"card_choices":[{"not_picked":["Dagger Spray","Deadly Poison"],"picked":"Noxious Fumes","floor":1},{"not_picked":["Bouncing Flask","Well Laid Plans"],"picked":"Catalyst","floor":3},{"not_picked":["Blade Dance","Escape Plan"],"picked":"Backflip","floor":7},{"not_picked":["Expertise","Slice"],"picked":"Quick Slash","floor":10},{"not_picked":["Finisher","Concentrate"],"picked":"Footwork","floor":11},{"not_picked":["Backstab","Finisher"],"picked":"Deadly Poison","floor":12},{"not_picked":["Backstab","Slice","Tactician"],"picked":"SKIP","floor":14},{"not_picked":["Unload","Grand Finale"],"picked":"Burst","floor":16},{"not_picked":["Blade Dance","Flying Knee+1"],"picked":"Prepared+1","floor":18},{"not_picked":["Terror","Slice"],"picked":"Burst","floor":19},{"not_picked":["Prepared","Flechettes+1"],"picked":"Blur","floor":20},{"not_picked":["Cloak And Dagger","Poisoned Stab+1","Flying Knee"],"picked":"Leg Sweep+1","floor":25},{"not_picked":["Terror","Infinite Blades","Escape Plan"],"picked":"Footwork","floor":27},{"not_picked":["Cloak And Dagger","Quick Slash","Endless Agony+1"],"picked":"Dodge and Roll","floor":29},{"not_picked":["Flechettes","Flying Knee+1","Deadly Poison"],"picked":"Dagger Throw+1","floor":30},{"not_picked":["Unload","Wraith Form v2","Adrenaline"],"picked":"Corpse Explosion","floor":33},{"not_picked":["Deflect","Dagger Spray","Prepared","Slice+1"],"picked":"SKIP","floor":35},{"not_picked":["Sucker Punch+1","Dagger Spray+1","Outmaneuver+1"],"picked":"Riddle With Holes+1","floor":37},{"not_picked":["Reflex+1","Terror+1","Finisher+1"],"picked":"Backflip","floor":38},{"not_picked":["Backflip+1","Envenom","Sucker Punch"],"picked":"Bouncing Flask+1","floor":39},{"not_picked":["Outmaneuver","Sucker Punch","Bouncing Flask"],"picked":"Blur+1","floor":41},{"not_picked":["Endless Agony+1","Setup","Dagger Spray"],"picked":"Blur","floor":45}],"player_experience":672544,"relics_obtained":[{"floor":7,"key":"Darkstone Periapt"},{"floor":26,"key":"Boot"},{"floor":29,"key":"Sundial"},{"floor":43,"key":"Ancient Tea Set"}],"event_choices":[{"damage_healed":0,"gold_gain":75,"player_choice":"Gather Gold","damage_taken":11,"max_hp_gain":0,"max_hp_loss":0,"event_name":"World of Goop","floor":2,"gold_loss":0},{"damage_healed":0,"gold_gain":0,"player_choice":"Trade","damage_taken":0,"relics_obtained":["CultistMask"],"max_hp_gain":0,"max_hp_loss":0,"event_name":"FaceTrader","floor":5,"gold_loss":0},{"damage_healed":0,"gold_gain":0,"player_choice":"Fight","damage_taken":0,"max_hp_gain":0,"max_hp_loss":0,"event_name":"Colosseum","floor":21,"gold_loss":0},{"damage_healed":0,"gold_gain":0,"player_choice":"Fled From Nobs","damage_taken":0,"max_hp_gain":0,"max_hp_loss":0,"event_name":"Colosseum","floor":21,"gold_loss":0},{"damage_healed":0,"gold_gain":99,"player_choice":"Stole From Cult","damage_taken":0,"max_hp_gain":0,"max_hp_loss":0,"event_name":"Nest","floor":22,"gold_loss":0},{"damage_healed":26,"gold_gain":0,"player_choice":"Heal","damage_taken":0,"max_hp_gain":0,"max_hp_loss":0,"event_name":"MindBloom","floor":44,"gold_loss":0,"cards_obtained":["Doubt"]}],"is_beta":false,"boss_relics":[{"not_picked":["Tiny House","Ectoplasm"],"picked":"Snecko Eye"},{"not_picked":["Calling Bell","Orrery"],"picked":"Lizard Tail"}],"items_purged_floors":[24],"is_endless":false,"potions_floor_spawned":[3,7,14,16,18,20,21,29,30,33,35,37],"killed_by":"Jaw Worm Horde","ascension_level":9}