{"gold_per_floor":[112,127,127,138,154,184,184,184,184,219,11,41,57,57,57,153,153,164,179,179,34,34,59,59,75,75,75,100,117,148,148,148,245,245,265,284,384,400,132,157,169,180,229,264,264,0,0,12,12,12],"floor_reached":51,"playtime":11877,"items_purged":["Regret"],"score":785,"play_id":"e5619723-dadd-4987-bd10-f796114dd704","local_time":"20190405112533","is_ascension_mode":false,"campfire_choices":[{"data":"Hologram","floor":7.0,"key":"SMITH"},{"data":"Electrodynamics","floor":15.0,"key":"SMITH"},{"floor":24.0,"key":"REST"},{"floor":27.0,"key":"REST"},{"floor":32,"key":"REST"},{"data":"Hologram","floor":47,"key":"SMITH"},{"data":"Hologram","floor":49,"key":"SMITH"}],"neow_cost":"NONE","seed_source_timestamp":1175084008701600,"circlet_count":0,"master_deck":["Strike_B","Strike_B+1","Strike_B","Defend_B","Defend_B","Defend_B+1","Defend_B","Zap","Turbo+1","Recycle","Hello World+1","Conserve Battery","Consume","Hologram+1","Electrodynamics+1","Chaos","Hologram+1","Machine Learning","Sunder","Doom and Gloom","Necronomicurse","Rebound","Skim","Rebound","Chaos+1","Fusion","Streamline","Lockon","Glacier","Electrodynamics","Reprogram+1","Sweeping Beam+1","Leap+1","Streamline+1","Mayhem","Meteor Strike","Hologram+1","Leap+1","Streamline+1","Leap+1"],"special_seed":0,"relics":["Cracked Core","Letter Opener","Pear","Kunai","War Paint","Lee\u0027s Waffle","Bird Faced Urn","Snecko Eye","Dream Catcher","Necronomicon","Gremlin Horn","Matryoshka","Bronze Scales","Bag of Preparation","Inserter","Nunchaku","WingedGreaves","Happy Flower","Strawberry","Sundial","Red Mask"],"potions_floor_usage":[33,33,38,40,44],"damage_taken":[{"damage":9.0,"enemies":"Jaw Worm","floor":1.0,"turns":4.0},{"damage":1.0,"enemies":"Small Slimes","floor":2.0,"turns":3.0},{"damage":6.0,"enemies":"2 Louse","floor":4.0,"turns":3.0},{"damage":10.0,"enemies":"Looter","floor":5.0,"turns":4.0},{"damage":14.0,"enemies":"Lagavulin","floor":6.0,"turns":7.0},{"damage":21.0,"enemies":"Gremlin Nob","floor":10.0,"turns":4.0},{"damage":13.0,"enemies":"3 Sentries","floor":12.0,"turns":4.0},{"damage":12.0,"enemies":"Blue Slaver","floor":13.0,"turns":3.0},{"damage":43.0,"enemies":"The Guardian","floor":16.0,"turns":10.0},{"damage":3.0,"enemies":"Chosen","floor":18.0,"turns":3.0},{"damage":8.0,"enemies":"Spheric Guardian","floor":19.0,"turns":3.0},{"damage":41.0,"enemies":"Slavers","floor":23.0,"turns":5.0},{"damage":18.0,"enemies":"Snake Plant","floor":25.0,"turns":3.0},{"damage":24.0,"enemies":"Gremlin Leader","floor":28.0,"turns":4.0},{"damage":2,"enemies":"Snecko","floor":29,"turns":3},{"damage":19,"enemies":"Slavers","floor":30,"turns":2},{"damage":26,"enemies":"Collector","floor":33,"turns":12},{"damage":11,"enemies":"3 Shapes","floor":35,"turns":3},{"damage":17,"enemies":"Orb Walker","floor":36,"turns":4},{"damage":29,"enemies":"Mind Bloom Boss Battle","floor":37,"turns":6},{"damage":0,"enemies":"Jaw Worm Horde","floor":38,"turns":2},{"damage":17,"enemies":"Giant Head","floor":40,"turns":8},{"damage":0,"enemies":"Sphere and 2 Shapes","floor":41,"turns":2},{"damage":10,"enemies":"Maw","floor":42,"turns":5},{"damage":10,"enemies":"Nemesis","floor":44,"turns":5},{"damage":0,"enemies":"Spire Growth","floor":48,"turns":2},{"damage":20,"enemies":"Donu and Deca","floor":50,"turns":6}],"seed_played":"3700389469844724312","potions_obtained":[{"floor":1.0,"key":"Block Potion"},{"floor":5.0,"key":"GamblersBrew"},{"floor":12.0,"key":"Dexterity Potion"},{"floor":13.0,"key":"FearPotion"},{"floor":19.0,"key":"Fire Potion"},{"floor":29,"key":"PowerPotion"},{"floor":30,"key":"Dexterity Potion"},{"floor":35,"key":"FocusPotion"},{"floor":37,"key":"FearPotion"},{"floor":41,"key":"Strength Potion"},{"floor":42,"key":"Weak Potion"},{"floor":48,"key":"Ancient Potion"}],"is_trial":false,"path_per_floor":["M","M","?","M","M","E","R","?","T","E","$","E","M","?","R","B",null,"M","M","?","$","?","E","R","M","T","R","E","M","E","?","R","B",null,"M","M","?","M","$","E","M","M","T","E","?","?","R","M","R","B",null],"character_chosen":"DEFECT","items_purchased":["Lee\u0027s Waffle","Dream Catcher","Mayhem"],"campfire_rested":3,"item_purchase_floors":[11,21,39],"current_hp_per_floor":[66,65,58,52,42,28,28,38,38,17,92,79,71,53,53,14,92,91,86,68,68,52,17,46,30,30,59,41,45,30,30,59,53,97,86,73,50,52,52,43,51,47,54,52,91,91,91,91,91,79],"gold":12,"neow_bonus":"TRANSFORM_CARD","is_prod":false,"is_daily":false,"chose_seed":false,"campfire_upgraded":4,"win_rate":0.0,"timestamp":1554456333,"path_taken":["M","M","?","M","M","E","R","?","T","E","?","E","M","?","R","BOSS","M","M","?","$","?","E","R","M","T","R","E","M","E","?","R","BOSS","M","M","?","M","$","E","M","M","T","E","?","?","R","M","R","BOSS"],"build_version":"2019-01-23","purchased_purges":1,"victory":true,"max_hp_per_floor":[75,75,75,75,75,75,75,85,85,85,92,92,92,92,92,92,92,92,92,97,97,97,97,97,97,97,97,97,97,97,97,97,97,97,97,97,97,97,97,97,97,97,104,104,91,91,91,91,91,91],"card_choices":[{"not_picked":["Static Discharge","Heatsinks"],"picked":"Recycle","floor":1.0},{"not_picked":["Ball Lightning","Redo"],"picked":"Hello World","floor":2.0},{"not_picked":["Tempest","Streamline"],"picked":"Conserve Battery","floor":4.0},{"not_picked":["Melter","Storm"],"picked":"Consume","floor":5.0},{"not_picked":["Go for the Eyes","Rebound"],"picked":"Hologram","floor":6.0},{"not_picked":["Consume","Cold Snap"],"picked":"Electrodynamics","floor":10.0},{"not_picked":["Tempest","Compile Driver"],"picked":"Chaos","floor":12.0},{"not_picked":["Leap","Stack"],"picked":"Hologram","floor":13.0},{"not_picked":["Core Surge","Fission"],"picked":"Machine Learning","floor":16.0},{"not_picked":["Redo","Streamline"],"picked":"Sunder","floor":18.0},{"not_picked":["Barrage","Coolheaded+1"],"picked":"Doom and Gloom","floor":19.0},{"not_picked":["Beam Cell+1","Leap+1"],"picked":"Rebound","floor":23.0},{"not_picked":["Cold Snap","Darkness"],"picked":"Skim","floor":24.0},{"not_picked":["Steam","Multi-Cast"],"picked":"Rebound","floor":25.0},{"not_picked":["Turbo+1","Steam"],"picked":"Chaos+1","floor":27.0},{"not_picked":["FTL","Defragment"],"picked":"Fusion","floor":28},{"not_picked":["Go for the Eyes","Rebound"],"picked":"Streamline","floor":29},{"not_picked":["Coolheaded+1","Go for the Eyes"],"picked":"Lockon","floor":30},{"not_picked":["Beam Cell","Barrage"],"picked":"Glacier","floor":32},{"not_picked":["Reboot","Multi-Cast"],"picked":"Electrodynamics","floor":33},{"not_picked":["BootSequence","Coolheaded+1"],"picked":"Reprogram+1","floor":35},{"not_picked":["Turbo","Hologram"],"picked":"Sweeping Beam+1","floor":36},{"not_picked":["Scrape+1","Sweeping Beam+1"],"picked":"Leap+1","floor":37},{"not_picked":["Hyperbeam","Hologram"],"picked":"Streamline+1","floor":38},{"not_picked":["Redo","Hello World"],"picked":"Meteor Strike","floor":40},{"not_picked":["Leap+1","Redo+1"],"picked":"Hologram","floor":41},{"not_picked":["Redo+1","Barrage+1"],"picked":"Leap+1","floor":42},{"not_picked":["Turbo+1","Consume"],"picked":"Streamline+1","floor":44},{"not_picked":["Gash+1","FTL+1"],"picked":"Leap+1","floor":48}],"player_experience":70078,"relics_obtained":[{"floor":6.0,"key":"Letter Opener"},{"floor":9.0,"key":"Kunai"},{"floor":10.0,"key":"War Paint"},{"floor":12.0,"key":"Bird Faced Urn"},{"floor":22.0,"key":"Necronomicon"},{"floor":23.0,"key":"Gremlin Horn"},{"floor":26.0,"key":"Matryoshka"},{"floor":28,"key":"Bronze Scales"},{"floor":30,"key":"Bag of Preparation"},{"floor":37,"key":"Nunchaku"},{"floor":40,"key":"WingedGreaves"},{"floor":43,"key":"Happy Flower"},{"floor":43,"key":"Strawberry"},{"floor":44,"key":"Sundial"}],"event_choices":[{"cards_removed":["Dualcast"],"damage_healed":0.0,"max_hp_gain":0.0,"max_hp_loss":0.0,"gold_gain":0.0,"event_name":"Golden Wing","player_choice":"Card Removal","floor":3.0,"gold_loss":0.0,"damage_taken":7.0},{"damage_healed":0.0,"max_hp_gain":0.0,"max_hp_loss":0.0,"gold_gain":0.0,"event_name":"Big Fish","player_choice":"Box","floor":8.0,"gold_loss":0.0,"damage_taken":0.0,"relics_obtained":["Pear"],"cards_obtained":["Regret"]},{"damage_healed":0.0,"max_hp_gain":0.0,"max_hp_loss":0.0,"gold_gain":0.0,"event_name":"Shining Light","player_choice":"Entered Light","floor":14.0,"gold_loss":0.0,"damage_taken":18.0,"cards_upgraded":["Strike_B","Hello World"]},{"damage_healed":0.0,"max_hp_gain":5.0,"max_hp_loss":0.0,"gold_gain":0.0,"event_name":"Forgotten Altar","player_choice":"Shed Blood","floor":20.0,"gold_loss":0.0,"damage_taken":23.0},{"damage_healed":0.0,"max_hp_gain":0.0,"max_hp_loss":0.0,"gold_gain":0.0,"event_name":"Cursed Tome","player_choice":"Obtained Book","floor":22.0,"gold_loss":0.0,"damage_taken":16.0},{"damage_healed":0,"gold_gain":0,"player_choice":"Ignored","damage_taken":0,"max_hp_gain":0,"max_hp_loss":0,"event_name":"Ghosts","floor":31,"gold_loss":0},{"damage_healed":0,"gold_gain":0,"player_choice":"Fight","damage_taken":0,"max_hp_gain":0,"max_hp_loss":0,"event_name":"MindBloom","floor":37,"gold_loss":0},{"damage_healed":91,"gold_gain":0,"player_choice":"Heal","damage_taken":0,"max_hp_gain":0,"max_hp_loss":13,"event_name":"The Moai Head","floor":45,"gold_loss":0},{"damage_healed":0,"gold_gain":0,"player_choice":"Paid","damage_taken":0,"relics_obtained":["Red Mask"],"max_hp_gain":0,"max_hp_loss":0,"event_name":"Tomb of Lord Red Mask","floor":46,"gold_loss":264}],"is_beta":false,"boss_relics":[{"not_picked":["FrozenCore","Runic Dome"],"picked":"Snecko Eye"},{"not_picked":["Cursed Key","Astrolabe"],"picked":"Inserter"}],"items_purged_floors":[39],"is_endless":false,"potions_floor_spawned":[1,5,12,13,19,28,29,30,35,37,41,42,48],"ascension_level":0}