{"gold_per_floor":[110,110,125,125,150,181,201,231,278,292,292,40,40,115,115,211,211,230,243,243,255,127,146,146,146,146,180,180,7,19,48,60,175,187,212,224,236,264,151,151,185,230,230,246,246,246,264,264,264,264],"floor_reached":51,"playtime":3136,"items_purged":["Strike_R","Strike_R","Strike_R"],"score":771,"play_id":"1a1c8bd6-e65f-4f58-8461-4c2adc66abfe","local_time":"20181020131033","is_ascension_mode":false,"campfire_choices":[{"data":"Spot Weakness","floor":11.0,"key":"SMITH"},{"data":"Iron Wave","floor":13.0,"key":"SMITH"},{"data":"Iron Wave","floor":15.0,"key":"SMITH"},{"data":"Dark Embrace","floor":25.0,"key":"SMITH"},{"data":"Feel No Pain","floor":32.0,"key":"SMITH"},{"data":"Defend_R","floor":40,"key":"PURGE"},{"data":"Evolve","floor":45,"key":"SMITH"},{"floor":49,"key":"REST"}],"neow_cost":"NONE","seed_source_timestamp":0,"circlet_count":0,"master_deck":["Defend_R","Defend_R","Defend_R","Bash+1","Spot Weakness+1","Iron Wave+1","Iron Wave+1","Sentinel+1","Dark Embrace+1","Iron Wave+1","Disarm+1","Offering+1","True Grit+1","Feel No Pain+1","Disarm+1","Impervious+1","Madness+1","Madness+1","Evolve+1","Entrench+1","Limit Break+1","Disarm+1","True Grit+1"],"special_seed":0,"relics":["Burning Blood","Bag of Preparation","Orichalcum","Vajra","Dead Branch","Blood Vial","Toxic Egg 2","Sozu","Bottled Lightning","Question Card","MawBank","Snecko Eye","Peace Pipe","Unceasing Top","Pocketwatch","Bottled Flame"],"potions_floor_usage":[],"damage_taken":[{"damage":1.0,"enemies":"Cultist","floor":1.0,"turns":3.0},{"damage":6.0,"enemies":"2 Louse","floor":3.0,"turns":3.0},{"damage":24.0,"enemies":"Lagavulin","floor":6.0,"turns":6.0},{"damage":1.0,"enemies":"Jaw Worm","floor":7.0,"turns":4.0},{"damage":14.0,"enemies":"3 Sentries","floor":8.0,"turns":9.0},{"damage":4.0,"enemies":"Blue Slaver","floor":10.0,"turns":3.0},{"damage":31.0,"enemies":"Slime Boss","floor":16.0,"turns":11.0},{"damage":0.0,"enemies":"Chosen","floor":18.0,"turns":3.0},{"damage":7.0,"enemies":"3 Byrds","floor":19.0,"turns":6.0},{"damage":7.0,"enemies":"Snecko","floor":21.0,"turns":6.0},{"damage":17.0,"enemies":"3 Cultists","floor":23.0,"turns":7.0},{"damage":15.0,"enemies":"Slavers","floor":27.0,"turns":6.0},{"damage":6.0,"enemies":"Centurion and Healer","floor":30.0,"turns":6.0},{"damage":0.0,"enemies":"Book of Stabbing","floor":31.0,"turns":6.0},{"damage":67.0,"enemies":"Automaton","floor":33.0,"turns":12.0},{"damage":0.0,"enemies":"3 Shapes","floor":35.0,"turns":5.0},{"damage":6.0,"enemies":"Mind Bloom Boss Battle","floor":37.0,"turns":9.0},{"damage":1,"enemies":"3 Darklings","floor":38,"turns":9},{"damage":6,"enemies":"Nemesis","floor":41,"turns":7},{"damage":48,"enemies":"2 Orb Walkers","floor":42,"turns":6},{"damage":0,"enemies":"Sphere and 2 Shapes","floor":44,"turns":9},{"damage":0,"enemies":"Maw","floor":47,"turns":5},{"damage":31,"enemies":"Time Eater","floor":50,"turns":10}],"seed_played":"-5466107368967957382","potions_obtained":[{"floor":1.0,"key":"Dexterity Potion"},{"floor":3.0,"key":"Dexterity Potion"},{"floor":10.0,"key":"BloodPotion"}],"is_trial":false,"path_per_floor":["M","?","M","?","T","E","M","E","T","M","R","$","R","?","R","B",null,"M","M","?","M","$","M","?","R","T","E","?","$","M","E","R","B",null,"M","?","?","M","$","R","E","?","T","M","R","?","M","?","R","B"],"character_chosen":"IRONCLAD","items_purchased":["Toxic Egg 2","True Grit+1","Disarm+1"],"campfire_rested":1,"item_purchase_floors":[12,22,29],"current_hp_per_floor":[80,80,80,73,73,55,60,52,52,56,56,56,56,48,48,25,80,80,79,79,79,79,69,69,69,69,62,62,62,64,72,72,21,80,80,70,72,79,79,79,80,38,38,46,46,46,54,54,78,55],"gold":264,"neow_bonus":"UPGRADE_CARD","is_prod":false,"is_daily":false,"chose_seed":false,"campfire_upgraded":6,"win_rate":0,"timestamp":1540066233,"path_taken":["M","?","M","?","?","E","M","E","T","?","R","$","R","?","R","BOSS","M","M","?","M","$","M","?","R","T","E","?","$","?","E","R","BOSS","M","?","?","M","$","R","E","?","T","M","R","?","M","?","R","BOSS"],"build_version":"2018-10-18","purchased_purges":3,"victory":true,"max_hp_per_floor":[80,80,80,80,80,80,80,80,80,80,80,80,80,80,80,80,80,80,80,80,80,80,80,80,80,80,80,80,80,80,80,80,80,80,80,80,80,80,80,80,80,80,80,80,80,80,80,80,80,80],"card_choices":[{"not_picked":["Burning Pact","Perfected Strike"],"picked":"Thunderclap","floor":1.0},{"not_picked":["Feel No Pain","Flex"],"picked":"Spot Weakness","floor":3.0},{"not_picked":["Inflame","Clothesline"],"picked":"Iron Wave","floor":6.0},{"not_picked":["Ghostly Armor","Shockwave"],"picked":"Iron Wave","floor":7.0},{"not_picked":["Hemokinesis","Perfected Strike"],"picked":"Sentinel","floor":8.0},{"not_picked":["Carnage","Whirlwind","Thunderclap"],"picked":"SKIP","floor":10.0},{"not_picked":["Juggernaut","Brutality"],"picked":"Dark Embrace","floor":16.0},{"not_picked":["Havoc+1","Flex+1"],"picked":"Iron Wave+1","floor":18.0},{"not_picked":["Dual Wield+1","Perfected Strike"],"picked":"Disarm+1","floor":19.0},{"not_picked":["Pommel Strike","Anger","Twin Strike"],"picked":"SKIP","floor":21.0},{"not_picked":["Armaments+1","Sword Boomerang","Cleave"],"picked":"SKIP","floor":23.0},{"not_picked":["Second Wind+1","Sword Boomerang"],"picked":"Feel No Pain","floor":27.0},{"not_picked":["Rage+1","Headbutt","Clash","Clothesline"],"picked":"SKIP","floor":30.0},{"not_picked":["Flex+1","Twin Strike","Berserk","Feed"],"picked":"SKIP","floor":31.0},{"not_picked":["Berserk","Feed","Immolate"],"picked":"Impervious+1","floor":33.0},{"not_picked":["Heavy Blade","Second Wind+1","Bloodletting+1","Thunderclap+1"],"picked":"SKIP","floor":35.0},{"not_picked":["Heavy Blade+1","Sword Boomerang","Flex+1"],"picked":"Evolve","floor":37.0},{"not_picked":["Anger+1","Uppercut","Warcry+1","Pommel Strike+1"],"picked":"SKIP","floor":38},{"not_picked":["Twin Strike+1","Bloodletting+1","Infernal Blade+1"],"picked":"Entrench+1","floor":41},{"not_picked":["Thunderclap+1","Pommel Strike+1","Iron Wave+1"],"picked":"Limit Break+1","floor":44},{"not_picked":["Flex+1","Clothesline+1","Anger"],"picked":"True Grit+1","floor":47}],"player_experience":303302,"relics_obtained":[{"floor":5.0,"key":"Orichalcum"},{"floor":6.0,"key":"Vajra"},{"floor":8.0,"key":"Dead Branch"},{"floor":9.0,"key":"Blood Vial"},{"floor":26.0,"key":"Bottled Lightning"},{"floor":27.0,"key":"Question Card"},{"floor":31.0,"key":"MawBank"},{"floor":37.0,"key":"Peace Pipe"},{"floor":41,"key":"Unceasing Top"},{"floor":42,"key":"Pocketwatch"},{"floor":43,"key":"Bottled Flame"}],"event_choices":[{"cards_removed":["Thunderclap"],"damage_healed":0.0,"max_hp_gain":0.0,"max_hp_loss":0.0,"gold_gain":0.0,"event_name":"WeMeetAgain","player_choice":"Gave Card","floor":2.0,"gold_loss":0.0,"damage_taken":0.0,"relics_obtained":["Bag of Preparation"]},{"cards_removed":["Strike_R"],"damage_healed":0.0,"max_hp_gain":0.0,"max_hp_loss":0.0,"gold_gain":0.0,"event_name":"Golden Wing","player_choice":"Card Removal","floor":4.0,"gold_loss":0.0,"damage_taken":7.0},{"damage_healed":0.0,"max_hp_gain":0.0,"max_hp_loss":0.0,"gold_gain":75.0,"event_name":"FaceTrader","player_choice":"Touch","floor":14.0,"gold_loss":0.0,"damage_taken":8.0},{"damage_healed":0.0,"max_hp_gain":0.0,"max_hp_loss":0.0,"gold_gain":0.0,"cards_transformed":["Strike_R"],"event_name":"Transmorgrifier","player_choice":"Transformed","floor":20.0,"gold_loss":0.0,"damage_taken":0.0,"cards_obtained":["Offering"]},{"damage_healed":0.0,"max_hp_gain":0.0,"max_hp_loss":0.0,"gold_gain":0.0,"event_name":"Vampires","player_choice":"Ignored","floor":24.0,"gold_loss":0.0,"damage_taken":0.0},{"damage_healed":0.0,"max_hp_gain":0.0,"max_hp_loss":0.0,"gold_gain":0.0,"event_name":"Ghosts","player_choice":"Ignored","floor":28.0,"gold_loss":0.0,"damage_taken":0.0},{"damage_healed":0.0,"max_hp_gain":0.0,"max_hp_loss":0.0,"gold_gain":0.0,"event_name":"Winding Halls","player_choice":"Embrace Madness","floor":36.0,"gold_loss":0.0,"damage_taken":10.0,"cards_obtained":["Madness","Madness"]},{"damage_healed":0.0,"max_hp_gain":0.0,"max_hp_loss":0.0,"gold_gain":0.0,"event_name":"MindBloom","player_choice":"Fight","floor":37.0,"gold_loss":0.0,"damage_taken":0.0},{"damage_healed":0,"gold_gain":0,"player_choice":"Fight","damage_taken":0,"max_hp_gain":0,"max_hp_loss":0,"event_name":"Mysterious Sphere","floor":42,"gold_loss":0},{"damage_healed":0,"gold_gain":0,"player_choice":"Copied","damage_taken":0,"max_hp_gain":0,"max_hp_loss":0,"event_name":"Duplicator","floor":46,"gold_loss":0,"cards_obtained":["Disarm"]},{"damage_healed":0,"gold_gain":0,"player_choice":"Forge","damage_taken":0,"max_hp_gain":0,"max_hp_loss":0,"event_name":"Accursed Blacksmith","floor":48,"gold_loss":0,"cards_upgraded":["Sentinel"]}],"is_beta":false,"boss_relics":[{"not_picked":["Black Star","Philosopher\u0027s Stone"],"picked":"Sozu"},{"not_picked":["Empty Cage","Runic Dome"],"picked":"Snecko Eye"}],"items_purged_floors":[22,29,39],"is_endless":false,"potions_floor_spawned":[1,3,10,18,19,30,31,33,37,42,47],"ascension_level":0}