{"gold_per_floor":[114,114,128,147,147,73,106,121,198,198,260,260],"floor_reached":12,"playtime":285,"items_purged":[],"score":140,"play_id":"d1229ecd-c2ef-405a-bfbe-8820fd3b202a","local_time":"20190504204741","is_ascension_mode":true,"campfire_choices":[{"data":"Demon Form","floor":10,"key":"SMITH"}],"neow_cost":"NONE","seed_source_timestamp":420967423127900,"circlet_count":0,"master_deck":["AscendersBane","Strike_R","Strike_R","Strike_R","Strike_R","Strike_R","Defend_R","Defend_R","Defend_R","Bash","Ghostly Armor","Body Slam","Armaments","Flame Barrier","Demon Form+1","Shrug It Off","Ghostly Armor"],"relics":["Burning Blood","NeowsBlessing","FossilizedHelix","Question Card","PreservedInsect"],"potions_floor_usage":[7,7,7,7,11],"damage_taken":[{"damage":0,"enemies":"Jaw Worm","floor":1,"turns":1},{"damage":0,"enemies":"Cultist","floor":3,"turns":1},{"damage":0,"enemies":"2 Louse","floor":4,"turns":1},{"damage":33,"enemies":"Lagavulin","floor":7,"turns":7},{"damage":1,"enemies":"Looter","floor":8,"turns":4},{"damage":36,"enemies":"Gremlin Nob","floor":11,"turns":6},{"damage":26,"enemies":"Gremlin Nob","floor":12,"turns":5}],"seed_played":"5864151934301383920","potions_obtained":[{"floor":1,"key":"Block Potion"},{"floor":4,"key":"EntropicBrew"},{"floor":7,"key":"LiquidBronze"}],"is_trial":false,"path_per_floor":["M","?","M","M","?","$","E","M","T","R","?","E"],"character_chosen":"IRONCLAD","items_purchased":["Flame Barrier"],"campfire_rested":0,"item_purchase_floors":[6],"current_hp_per_floor":[74,74,75,75,75,75,48,53,53,53,23,0],"gold":260,"neow_bonus":"THREE_ENEMY_KILL","is_prod":false,"is_daily":false,"chose_seed":false,"campfire_upgraded":1,"win_rate":0,"timestamp":1556995661,"path_taken":["M","?","?","?","?","$","E","M","T","R","?","E"],"build_version":"2019-01-23","purchased_purges":0,"victory":false,"max_hp_per_floor":[75,75,75,75,75,75,75,75,75,75,75,75],"card_choices":[{"not_picked":["Whirlwind","Rampage"],"picked":"Ghostly Armor","floor":1},{"not_picked":["Heavy Blade","Thunderclap"],"picked":"Body Slam","floor":3},{"not_picked":["Wild Strike","Second Wind"],"picked":"Armaments","floor":4},{"not_picked":["Pummel","Hemokinesis"],"picked":"Demon Form","floor":7},{"not_picked":["Sword Boomerang","Wild Strike"],"picked":"Shrug It Off","floor":8},{"not_picked":["Heavy Blade","Carnage","Flex"],"picked":"Ghostly Armor","floor":11}],"player_experience":1089320,"relics_obtained":[{"floor":7,"key":"FossilizedHelix"},{"floor":9,"key":"Question Card"},{"floor":11,"key":"PreservedInsect"}],"event_choices":[{"cards_removed":["Defend_R"],"damage_healed":0,"gold_gain":0,"player_choice":"Purged","damage_taken":0,"max_hp_gain":0,"max_hp_loss":0,"event_name":"Purifier","floor":2,"gold_loss":0},{"damage_healed":0,"gold_gain":0,"player_choice":"Ignored","damage_taken":0,"max_hp_gain":0,"max_hp_loss":0,"event_name":"Liars Game","floor":5,"gold_loss":0},{"damage_healed":0,"gold_gain":0,"player_choice":"Searched \u00271\u0027 times","damage_taken":0,"max_hp_gain":0,"max_hp_loss":0,"event_name":"Dead Adventurer","floor":11,"gold_loss":0}],"is_beta":false,"boss_relics":[],"items_purged_floors":[],"is_endless":false,"potions_floor_spawned":[1,4,7],"killed_by":"Gremlin Nob","ascension_level":16}