{"gold_per_floor":[359,15,33,51,51,51,62,94,94,114,127,138,138,173,173,269,269,286,298,47,47,147,147,159,159,159,177,207,207,207,207,207,309,309,323,323,350,269,194,194,227,247,247,281,181,181,181,193,193,193],"floor_reached":51,"playtime":2116,"items_purged":["Strike_R","Strike_R"],"score":808,"play_id":"eaeb6849-c397-4c49-a227-f29360aec1a8","local_time":"20181002203943","is_ascension_mode":false,"campfire_choices":[{"data":"Bash","floor":6,"key":"SMITH"},{"data":"Flex","floor":13,"key":"SMITH"},{"data":"Dual Wield","floor":15,"key":"SMITH"},{"floor":25,"key":"REST"},{"floor":30,"key":"REST"},{"data":"Double Tap","floor":32,"key":"SMITH"},{"floor":40,"key":"REST"},{"data":"1","floor":47,"key":"LIFT"},{"floor":49,"key":"REST"}],"neow_cost":"PERCENT_DAMAGE","seed_source_timestamp":787854933179312,"circlet_count":0,"master_deck":["Strike_R+1","Defend_R","Defend_R","Defend_R","Defend_R","Bash+1","Flex+1","Dropkick","True Grit","Cleave","Double Tap+1","Thunderclap+1","Dual Wield+1","Armaments","Iron Wave+1","Madness","Madness"],"relics":["Burning Blood","Shuriken","Juzu Bracelet","PreservedInsect","Sundial","Runic Pyramid","Kunai","WingedGreaves","Dodecahedron","Mercury Hourglass","Oddly Smooth Stone","MutagenicStrength","Fusion Hammer","Whetstone","Toxic Egg 2","Blood Vial","Bottled Lightning","Girya","Ginger"],"potions_floor_usage":[8,14,16,16,24,33,41,41,50,50],"damage_taken":[{"damage":5,"enemies":"Cultist","floor":1,"turns":4},{"damage":0,"enemies":"Small Slimes","floor":3,"turns":2},{"damage":6,"enemies":"Jaw Worm","floor":4,"turns":3},{"damage":5,"enemies":"Looter","floor":7,"turns":4},{"damage":37,"enemies":"3 Sentries","floor":8,"turns":8},{"damage":17,"enemies":"Exordium Thugs","floor":10,"turns":4},{"damage":0,"enemies":"Lots of Slimes","floor":11,"turns":1},{"damage":0,"enemies":"Large Slime","floor":12,"turns":2},{"damage":0,"enemies":"Gremlin Nob","floor":14,"turns":2},{"damage":54,"enemies":"The Guardian","floor":16,"turns":10},{"damage":30,"enemies":"Spheric Guardian","floor":18,"turns":4},{"damage":0,"enemies":"Chosen","floor":19,"turns":4},{"damage":25,"enemies":"Colosseum Slavers","floor":22,"turns":5},{"damage":85,"enemies":"Colosseum Nobs","floor":22,"turns":5},{"damage":22,"enemies":"3 Cultists","floor":24,"turns":4},{"damage":1,"enemies":"Centurion and Healer","floor":27,"turns":4},{"damage":19,"enemies":"Gremlin Leader","floor":28,"turns":5},{"damage":18,"enemies":"Collector","floor":33,"turns":8},{"damage":1,"enemies":"Orb Walker","floor":35,"turns":3},{"damage":0,"enemies":"Nemesis","floor":41,"turns":3},{"damage":11,"enemies":"3 Darklings","floor":42,"turns":3},{"damage":25,"enemies":"2 Orb Walkers","floor":44,"turns":3},{"damage":0,"enemies":"Mind Bloom Boss Battle","floor":46,"turns":4},{"damage":19,"enemies":"Spire Growth","floor":48,"turns":4},{"damage":73,"enemies":"Donu and Deca","floor":50,"turns":8}],"seed_played":"6055592447319650439","potions_obtained":[{"floor":4,"key":"Regen Potion"},{"floor":10,"key":"SkillPotion"},{"floor":11,"key":"AttackPotion"},{"floor":12,"key":"EssenceOfSteel"},{"floor":21,"key":"FairyPotion"},{"floor":21,"key":"Ancient Potion"},{"floor":21,"key":"FairyPotion"},{"floor":22,"key":"Regen Potion"},{"floor":24,"key":"LiquidBronze"},{"floor":28,"key":"EssenceOfSteel"},{"floor":35,"key":"Dexterity Potion"},{"floor":48,"key":"GamblersBrew"}],"is_trial":false,"path_per_floor":["M","$","M","M","?","R","M","E","T","M","M","M","R","E","R","B",null,"M","M","$","?","?","?","M","R","T","M","E","?","R","?","R","B",null,"M","?","T","?","$","R","E","M","T","E","$","?","R","M","R","B"],"character_chosen":"IRONCLAD","items_purchased":["Shuriken","Dropkick","True Grit","Kunai"],"campfire_rested":4,"item_purchase_floors":[2,2,2,20],"current_hp_per_floor":[57,57,63,63,63,63,64,48,48,37,43,49,49,55,55,7,80,56,62,62,62,14,14,10,34,34,39,26,26,50,50,50,38,80,80,70,70,70,70,80,80,75,75,58,58,66,66,55,79,13],"gold":193,"neow_bonus":"TWO_FIFTY_GOLD","is_prod":false,"is_daily":false,"chose_seed":false,"campfire_upgraded":4,"win_rate":0,"timestamp":1538537983,"path_taken":["M","$","?","M","?","R","M","E","T","M","M","M","R","E","R","BOSS","M","M","$","?","?","?","M","R","T","M","E","?","R","?","R","BOSS","M","?","?","?","$","R","E","M","T","E","$","?","R","M","R","BOSS"],"build_version":"2018-09-27","purchased_purges":2,"victory":true,"max_hp_per_floor":[80,80,80,80,80,80,80,80,80,80,80,80,80,80,80,80,80,80,80,80,80,80,80,80,80,80,80,80,80,80,80,80,80,80,80,80,80,80,80,80,80,80,80,80,80,80,80,80,80,80],"card_choices":[{"not_picked":["Thunderclap","Clash"],"picked":"Flex","floor":1},{"not_picked":["Hemokinesis","Evolve","Sword Boomerang"],"picked":"SKIP","floor":3},{"not_picked":["Iron Wave","Shrug It Off"],"picked":"Cleave","floor":4},{"not_picked":["Ghostly Armor","Sentinel"],"picked":"Double Tap","floor":7},{"not_picked":["Blood for Blood","Power Through"],"picked":"Thunderclap","floor":8},{"not_picked":["Heavy Blade","Sword Boomerang","Twin Strike"],"picked":"SKIP","floor":10},{"not_picked":["Body Slam","Infernal Blade","Uppercut"],"picked":"SKIP","floor":11},{"not_picked":["Havoc","True Grit","Twin Strike"],"picked":"SKIP","floor":12},{"not_picked":["Body Slam","Headbutt"],"picked":"Dual Wield","floor":14},{"not_picked":["Burning Pact","Pommel Strike+1","Cleave"],"picked":"SKIP","floor":18},{"not_picked":["Clothesline","Spot Weakness"],"picked":"Armaments","floor":19},{"not_picked":["Burning Pact","Berserk","Infernal Blade"],"picked":"SKIP","floor":24},{"not_picked":["Shrug It Off","Body Slam"],"picked":"Iron Wave+1","floor":27},{"not_picked":["Cleave","Twin Strike","Evolve"],"picked":"SKIP","floor":28},{"not_picked":["Searing Blow","Perfected Strike","Iron Wave"],"picked":"SKIP","floor":35},{"not_picked":["Havoc+1","Perfected Strike","Headbutt+1"],"picked":"SKIP","floor":41},{"not_picked":["Reckless Charge","Disarm+1","Pommel Strike"],"picked":"SKIP","floor":42},{"not_picked":["Flex+1","Blood for Blood","Iron Wave"],"picked":"SKIP","floor":44},{"not_picked":["Havoc+1","Iron Wave","Thunderclap"],"picked":"SKIP","floor":48}],"player_experience":270309,"relics_obtained":[{"floor":8,"key":"Juzu Bracelet"},{"floor":9,"key":"PreservedInsect"},{"floor":14,"key":"Sundial"},{"floor":22,"key":"WingedGreaves"},{"floor":22,"key":"Dodecahedron"},{"floor":26,"key":"Mercury Hourglass"},{"floor":28,"key":"Oddly Smooth Stone"},{"floor":37,"key":"Whetstone"},{"floor":41,"key":"Blood Vial"},{"floor":43,"key":"Bottled Lightning"},{"floor":44,"key":"Girya"},{"floor":46,"key":"Ginger"}],"event_choices":[{"event_name":"Living Wall","player_choice":"Forget","floor":5,"damage_taken":0},{"event_name":"The Lab","player_choice":"Got Potions","floor":21,"damage_taken":0},{"event_name":"Colosseum","player_choice":"Fight","floor":22,"damage_taken":0},{"event_name":"Colosseum","player_choice":"Fought Nobs","floor":22,"damage_taken":0},{"event_name":"Bonfire Elementals","player_choice":"BASIC","floor":23,"damage_taken":0},{"event_name":"Ghosts","player_choice":"Ignored","floor":29,"damage_taken":0},{"event_name":"Drug Dealer","player_choice":"Inject Mutagens","floor":31,"damage_taken":0},{"event_name":"Winding Halls","player_choice":"Embrace Madness","floor":36,"damage_taken":0},{"event_name":"WeMeetAgain","player_choice":"Gold","floor":38,"damage_taken":0},{"event_name":"MindBloom","player_choice":"Fight","floor":46,"damage_taken":0}],"is_beta":false,"boss_relics":[{"not_picked":["Velvet Choker","Ectoplasm"],"picked":"Runic Pyramid"},{"not_picked":["Cursed Key","Mark of Pain"],"picked":"Fusion Hammer"}],"items_purged_floors":[39,45],"is_endless":false,"potions_floor_spawned":[4,10,11,12,22,22,24,28,35,48],"ascension_level":0}