{"gold_per_floor":[112,130,143,160,160,160,193,213,213,213,313,313,313],"floor_reached":13,"playtime":469,"items_purged":[],"score":136,"play_id":"0f8ad6cf-cb39-4c66-a81d-15360b7bf39e","local_time":"20190502140938","is_ascension_mode":true,"campfire_choices":[{"data":"Flame Barrier","floor":6,"key":"SMITH"},{"floor":10,"key":"REST"},{"data":"True Grit","floor":12,"key":"SMITH"}],"neow_cost":"PERCENT_DAMAGE","seed_source_timestamp":224099884806700,"circlet_count":0,"master_deck":["AscendersBane","Strike_R","Strike_R","Strike_R","Strike_R","Strike_R","Defend_R","Defend_R","Defend_R","Defend_R","Bash","Cleave","Dual Wield","Flame Barrier+1","True Grit","Double Tap+1","True Grit+1","Seeing Red","Shrug It Off"],"relics":["Burning Blood","Prayer Wheel","Regal Pillow","Blood Vial"],"potions_floor_usage":[8,13],"damage_taken":[{"damage":3,"enemies":"Jaw Worm","floor":1,"turns":5},{"damage":9,"enemies":"2 Louse","floor":2,"turns":2},{"damage":2,"enemies":"Cultist","floor":3,"turns":5},{"damage":14,"enemies":"Blue Slaver","floor":4,"turns":4},{"damage":36,"enemies":"3 Sentries","floor":7,"turns":11},{"damage":14,"enemies":"Gremlin Gang","floor":8,"turns":3},{"damage":68,"enemies":"Gremlin Nob","floor":13,"turns":6}],"seed_played":"1657870717054852919","potions_obtained":[{"floor":1,"key":"PowerPotion"},{"floor":3,"key":"Dexterity Potion"}],"is_trial":false,"path_per_floor":["M","M","M","M","?","R","E","M","T","R","?","R","E"],"character_chosen":"IRONCLAD","items_purchased":[],"campfire_rested":1,"item_purchase_floors":[],"current_hp_per_floor":[54,51,55,47,47,47,17,9,9,48,48,48,0],"gold":313,"neow_bonus":"ONE_RARE_RELIC","is_prod":false,"is_daily":false,"chose_seed":false,"campfire_upgraded":2,"win_rate":0,"timestamp":1556798978,"path_taken":["M","M","M","M","?","R","E","M","T","R","?","R","E"],"build_version":"2019-01-23","purchased_purges":0,"victory":false,"max_hp_per_floor":[80,80,80,80,80,80,80,80,80,80,80,80,80],"card_choices":[{"not_picked":["Reckless Charge","Havoc"],"picked":"Cleave","floor":1},{"not_picked":["Sever Soul","Flex"],"picked":"Dual Wield","floor":1},{"not_picked":["Flex","Anger"],"picked":"Flame Barrier","floor":2},{"not_picked":["Warcry","Wild Strike"],"picked":"True Grit","floor":2},{"not_picked":["Warcry","True Grit"],"picked":"Double Tap","floor":3},{"not_picked":["Warcry","Headbutt","Rupture"],"picked":"SKIP","floor":3},{"not_picked":["Sword Boomerang","Havoc","Anger"],"picked":"SKIP","floor":4},{"not_picked":["Pommel Strike","Wild Strike","Body Slam"],"picked":"SKIP","floor":4},{"not_picked":["Bloodletting","Rampage"],"picked":"True Grit","floor":7},{"not_picked":["Combust","Body Slam"],"picked":"Seeing Red","floor":8},{"not_picked":["Twin Strike","Feel No Pain"],"picked":"Shrug It Off","floor":8}],"player_experience":997312,"relics_obtained":[{"floor":7,"key":"Regal Pillow"},{"floor":9,"key":"Blood Vial"}],"event_choices":[{"damage_healed":0,"gold_gain":0,"player_choice":"Grow","damage_taken":0,"max_hp_gain":0,"max_hp_loss":0,"event_name":"Living Wall","floor":5,"gold_loss":0,"cards_upgraded":["Double Tap"]},{"damage_healed":0,"gold_gain":100,"player_choice":"Gold","damage_taken":0,"max_hp_gain":0,"max_hp_loss":0,"event_name":"Wheel of Change","floor":11,"gold_loss":0}],"is_beta":false,"boss_relics":[],"items_purged_floors":[],"is_endless":false,"potions_floor_spawned":[1,3],"killed_by":"Gremlin Nob","ascension_level":12}