{"gold_per_floor":[113,126,138,155,166,166,199,254,254,254,270,280,280,294,294,396,396,412,425,53,64,64,89,4,16,16,45,45,45,64,99,99,99],"floor_reached":33,"playtime":16446,"items_purged":["Strike_R"],"score":425,"play_id":"ca9da716-438b-4638-ba37-26cfa749c3d1","local_time":"20190410153805","is_ascension_mode":true,"campfire_choices":[{"data":"Juggernaut","floor":6,"key":"SMITH"},{"data":"Body Slam","floor":10,"key":"SMITH"},{"data":"Ghostly Armor","floor":15,"key":"SMITH"},{"floor":28,"key":"DIG"},{"floor":29,"key":"DIG"},{"floor":32,"key":"DIG"}],"neow_cost":"CURSE","seed_source_timestamp":46013698697400,"circlet_count":0,"master_deck":["Strike_R","Strike_R","Strike_R","Strike_R","Defend_R","Defend_R","Defend_R","Defend_R","Bash","Injury","Juggernaut+1","Body Slam+1","Shrug It Off","Ghostly Armor","Shrug It Off","Ghostly Armor+1","Havoc+1","Havoc+1","Infernal Blade+1","Offering+1","Ghostly Armor+1","Bandage Up+1","Outmaneuver+1","Decay","Sentinel+1","Well Laid Plans","Steam Power+1"],"relics":["Black Blood","Oddly Smooth Stone","Toxic Egg 2","PrismaticShard","Meat on the Bone","Shovel","WingedGreaves","Matryoshka","Bottled Lightning","Incense Burner","Red Skull","Ornamental Fan"],"potions_floor_usage":[11,12,19,25,25,27,33,33,33],"damage_taken":[{"damage":18,"enemies":"Jaw Worm","floor":1,"turns":5},{"damage":0,"enemies":"Cultist","floor":2,"turns":4},{"damage":7,"enemies":"Small Slimes","floor":3,"turns":4},{"damage":11,"enemies":"Looter","floor":4,"turns":4},{"damage":13,"enemies":"3 Louse","floor":5,"turns":4},{"damage":17,"enemies":"Lagavulin","floor":7,"turns":8},{"damage":9,"enemies":"3 Sentries","floor":8,"turns":7},{"damage":21,"enemies":"Gremlin Gang","floor":11,"turns":5},{"damage":10,"enemies":"Exordium Thugs","floor":12,"turns":6},{"damage":0,"enemies":"2 Fungi Beasts","floor":14,"turns":2},{"damage":0,"enemies":"Slime Boss","floor":16,"turns":5},{"damage":52,"enemies":"3 Byrds","floor":18,"turns":5},{"damage":17,"enemies":"2 Thieves","floor":19,"turns":4},{"damage":6,"enemies":"Shelled Parasite and Fungi","floor":21,"turns":6},{"damage":6,"enemies":"Book of Stabbing","floor":23,"turns":5},{"damage":36,"enemies":"Chosen and Byrds","floor":25,"turns":8},{"damage":43,"enemies":"Slavers","floor":27,"turns":9},{"damage":20,"enemies":"3 Cultists","floor":30,"turns":6},{"damage":12,"enemies":"Book of Stabbing","floor":31,"turns":5},{"damage":56,"enemies":"Collector","floor":33,"turns":8}],"seed_played":"7094203093261934649","potions_obtained":[{"floor":5,"key":"Energy Potion"},{"floor":8,"key":"Regen Potion"},{"floor":13,"key":"Regen Potion"},{"floor":13,"key":"Dexterity Potion"},{"floor":13,"key":"Energy Potion"},{"floor":14,"key":"SkillPotion"},{"floor":19,"key":"Fruit Juice"},{"floor":23,"key":"Fire Potion"},{"floor":27,"key":"Poison Potion"},{"floor":30,"key":"Poison Potion"},{"floor":31,"key":"Fire Potion"}],"is_trial":false,"path_per_floor":["M","M","M","M","M","R","E","?","T","R","M","M","?","M","R","B",null,"M","M","$","M","?","E","?","M","T","E","R","R","M","E","R","B"],"character_chosen":"IRONCLAD","items_purchased":["PrismaticShard","Bandage Up+1"],"campfire_rested":0,"item_purchase_floors":[20,20],"current_hp_per_floor":[68,74,73,68,61,61,50,47,47,47,32,42,42,48,48,54,80,38,36,36,46,46,56,56,48,48,33,33,33,41,57,57,7],"gold":99,"neow_bonus":"THREE_RARE_CARDS","is_prod":false,"is_daily":false,"chose_seed":false,"campfire_upgraded":3,"win_rate":0,"timestamp":1554903485,"path_taken":["M","M","M","M","M","R","E","?","T","R","M","M","?","?","R","BOSS","M","M","$","M","?","E","?","M","T","E","R","R","M","E","R","BOSS"],"build_version":"2019-01-23","purchased_purges":1,"victory":false,"max_hp_per_floor":[80,80,80,80,80,80,80,80,80,80,80,80,80,80,80,80,80,80,85,85,85,85,85,85,85,85,85,85,85,85,85,85,85],"card_choices":[{"not_picked":["Feed","Double Tap"],"picked":"Juggernaut","floor":0},{"not_picked":["Warcry","Spot Weakness"],"picked":"Body Slam","floor":1},{"not_picked":["Metallicize","Clothesline"],"picked":"Shrug It Off","floor":2},{"not_picked":["Battle Trance","Headbutt"],"picked":"Ghostly Armor","floor":3},{"not_picked":["Disarm","Sword Boomerang"],"picked":"Shrug It Off","floor":4},{"not_picked":["Headbutt","Sword Boomerang","Flex"],"picked":"SKIP","floor":5},{"not_picked":["Metallicize","Sever Soul"],"picked":"Ghostly Armor","floor":7},{"not_picked":["Burning Pact","Inflame"],"picked":"Havoc","floor":8},{"not_picked":["Metallicize","Carnage"],"picked":"Havoc+1","floor":11},{"not_picked":["Blood for Blood","Twin Strike","Anger"],"picked":"SKIP","floor":12},{"not_picked":["Clothesline","Demon Form"],"picked":"Infernal Blade+1","floor":14},{"not_picked":["Demon Form","Fiend Fire"],"picked":"Offering+1","floor":16},{"not_picked":["Heavy Blade","Intimidate+1"],"picked":"Ghostly Armor+1","floor":18},{"not_picked":["Perfected Strike","Corruption","Twin Strike+1"],"picked":"SKIP","floor":19},{"not_picked":["Cleave","Heavy Blade+1"],"picked":"Outmaneuver+1","floor":21},{"not_picked":["Prepared+1","Flex+1"],"picked":"Sentinel+1","floor":23},{"not_picked":["Double Energy+1","Poisoned Stab"],"picked":"Well Laid Plans","floor":25},{"not_picked":["Accuracy","Catalyst+1","Cold Snap"],"picked":"SKIP","floor":27},{"not_picked":["Wild Strike+1","Skewer","Perfected Strike+1"],"picked":"SKIP","floor":30},{"not_picked":["Searing Blow","Multi-Cast+1"],"picked":"Steam Power+1","floor":31}],"player_experience":334706,"relics_obtained":[{"floor":7,"key":"Oddly Smooth Stone"},{"floor":8,"key":"Toxic Egg 2"},{"floor":23,"key":"Meat on the Bone"},{"floor":26,"key":"WingedGreaves"},{"floor":27,"key":"Matryoshka"},{"floor":28,"key":"Bottled Lightning"},{"floor":29,"key":"Incense Burner"},{"floor":31,"key":"Red Skull"},{"floor":32,"key":"Ornamental Fan"}],"event_choices":[{"damage_healed":0,"gold_gain":0,"player_choice":"Searched \u00271\u0027 times","damage_taken":0,"max_hp_gain":0,"max_hp_loss":0,"event_name":"Dead Adventurer","floor":8,"gold_loss":0},{"damage_healed":0,"gold_gain":0,"player_choice":"Got Potions","damage_taken":0,"max_hp_gain":0,"max_hp_loss":0,"event_name":"Lab","floor":13,"gold_loss":0},{"damage_healed":0,"gold_gain":0,"player_choice":"Smashed Altar","damage_taken":0,"max_hp_gain":0,"max_hp_loss":0,"event_name":"Forgotten Altar","floor":22,"gold_loss":0,"cards_obtained":["Decay"]},{"damage_healed":0,"gold_gain":0,"player_choice":"Obtained Relic","damage_taken":0,"relics_obtained":["Shovel"],"max_hp_gain":0,"max_hp_loss":0,"event_name":"Addict","floor":24,"gold_loss":85}],"is_beta":false,"boss_relics":[{"not_picked":["Tiny House","Orrery"],"picked":"Black Blood"}],"items_purged_floors":[20],"is_endless":false,"potions_floor_spawned":[5,8,14,19,23,27,30,31],"killed_by":"Collector","ascension_level":2}