{"gold_per_floor":[113,123,48,60,60,94,94,125,150,94,94,120,136,167,167,167],"floor_reached":16,"playtime":996,"items_purged":["Doubt"],"score":237,"play_id":"b0afc5af-4df0-45e1-9cea-6b9b73cab61f","local_time":"20190428122953","is_ascension_mode":true,"campfire_choices":[{"data":"Fiend Fire","floor":7,"key":"SMITH"},{"data":"Fiend Fire","floor":11,"key":"SMITH"},{"floor":15,"key":"REST"}],"neow_cost":"CURSE","seed_source_timestamp":90899721968707,"circlet_count":0,"master_deck":["AscendersBane","Strike_R","Strike_R","Strike_R","Strike_R","Strike_R","Defend_R","Defend_R","Defend_R","Defend_R","Bash","Fiend Fire+1","Rampage","Shrug It Off","Pummel","Inflame","Fiend Fire+1","Armaments","Flame Barrier"],"relics":["Burning Blood","Regal Pillow","Blood Vial","Dream Catcher","Ancient Tea Set","WingedGreaves"],"potions_floor_usage":[6],"damage_taken":[{"damage":10,"enemies":"Small Slimes","floor":1,"turns":3},{"damage":2,"enemies":"2 Louse","floor":2,"turns":2},{"damage":0,"enemies":"Jaw Worm","floor":4,"turns":3},{"damage":22,"enemies":"Lagavulin","floor":6,"turns":6},{"damage":18,"enemies":"Gremlin Nob","floor":8,"turns":4},{"damage":44,"enemies":"3 Sentries","floor":12,"turns":8},{"damage":11,"enemies":"Blue Slaver","floor":13,"turns":3},{"damage":2,"enemies":"Gremlin Nob","floor":14,"turns":3},{"damage":53,"enemies":"Slime Boss","floor":16,"turns":6}],"seed_played":"3347686787008672442","potions_obtained":[{"floor":1,"key":"AttackPotion"},{"floor":4,"key":"GamblersBrew"},{"floor":13,"key":"SmokeBomb"},{"floor":14,"key":"SteroidPotion"}],"is_trial":false,"path_per_floor":["M","M","$","M","?","E","R","E","T","?","R","E","M","E","R","B"],"character_chosen":"IRONCLAD","items_purchased":[],"campfire_rested":1,"item_purchase_floors":[],"current_hp_per_floor":[64,68,68,74,74,58,58,46,46,46,46,10,7,13,50,0],"gold":167,"neow_bonus":"THREE_RARE_CARDS","is_prod":false,"is_daily":false,"chose_seed":false,"campfire_upgraded":2,"win_rate":0,"timestamp":1556479793,"path_taken":["M","M","$","M","?","E","R","E","T","?","R","E","M","E","R","BOSS"],"build_version":"2019-01-23","purchased_purges":1,"victory":false,"max_hp_per_floor":[75,75,75,75,75,75,75,75,75,75,75,75,75,75,75,75],"card_choices":[{"not_picked":["Brutality","Dark Embrace"],"picked":"Fiend Fire","floor":0},{"not_picked":["Pommel Strike","Infernal Blade"],"picked":"Rampage","floor":1},{"not_picked":["Intimidate","Anger"],"picked":"Shrug It Off","floor":2},{"not_picked":["Perfected Strike","Searing Blow"],"picked":"Pummel","floor":4},{"not_picked":["Perfected Strike","Clash"],"picked":"Inflame","floor":6},{"not_picked":["Blood for Blood","Pummel"],"picked":"Fiend Fire","floor":8},{"not_picked":["Twin Strike","Clash"],"picked":"Armaments","floor":12},{"not_picked":["Hemokinesis","Clash","Dropkick"],"picked":"SKIP","floor":13},{"not_picked":["Warcry","Clothesline"],"picked":"Flame Barrier","floor":14}],"player_experience":494141,"relics_obtained":[{"floor":6,"key":"Regal Pillow"},{"floor":8,"key":"Blood Vial"},{"floor":9,"key":"Dream Catcher"},{"floor":12,"key":"Ancient Tea Set"},{"floor":14,"key":"WingedGreaves"}],"event_choices":[{"damage_healed":0,"gold_gain":0,"player_choice":"Ignored","damage_taken":0,"max_hp_gain":0,"max_hp_loss":0,"event_name":"Liars Game","floor":5,"gold_loss":0},{"damage_healed":0,"gold_gain":0,"player_choice":"Left Gold","damage_taken":0,"max_hp_gain":0,"max_hp_loss":0,"event_name":"World of Goop","floor":10,"gold_loss":56}],"is_beta":false,"boss_relics":[],"items_purged_floors":[3],"is_endless":false,"potions_floor_spawned":[1,4,13,14],"killed_by":"Slime Boss","ascension_level":17}