{"gold_per_floor":[113,123,140,158,172,172,207,207,255,284,284,284,284,301,301,301],"floor_reached":16,"playtime":716,"items_purged":[],"score":179,"play_id":"bcc0d951-adb7-45b9-9443-16f93ba79c0b","local_time":"20190424133259","is_ascension_mode":true,"campfire_choices":[{"data":"Skewer","floor":6,"key":"SMITH"},{"floor":8,"key":"REST"},{"data":"Neutralize","floor":11,"key":"SMITH"},{"data":"Dodge and Roll","floor":13,"key":"SMITH"},{"floor":15,"key":"REST"}],"neow_cost":"NONE","seed_source_timestamp":0,"circlet_count":0,"master_deck":["AscendersBane","Defend_G","Defend_G","Defend_G","Defend_G","Defend_G","Strike_G","Strike_G","Strike_G","Strike_G","Strike_G","Survivor","Neutralize+1","Skewer+1","Dagger Throw","Flying Knee","Well Laid Plans+1","Dodge and Roll+1","Leg Sweep"],"special_seed":0,"relics":["Ring of the Snake","Calipers","Oddly Smooth Stone","Darkstone Periapt"],"potions_floor_usage":[5,16,16],"damage_taken":[{"damage":0.0,"enemies":"Jaw Worm","floor":1.0,"turns":7.0},{"damage":0.0,"enemies":"2 Louse","floor":2.0,"turns":3.0},{"damage":3.0,"enemies":"Small Slimes","floor":3.0,"turns":4.0},{"damage":9.0,"enemies":"2 Fungi Beasts","floor":4.0,"turns":4.0},{"damage":6,"enemies":"Looter","floor":5,"turns":3},{"damage":28,"enemies":"Gremlin Nob","floor":7,"turns":5},{"damage":30,"enemies":"3 Sentries","floor":10,"turns":10},{"damage":0,"enemies":"Blue Slaver","floor":14,"turns":3},{"damage":40,"enemies":"Hexaghost","floor":16,"turns":17}],"seed_played":"8964787252696466556","potions_obtained":[{"floor":1.0,"key":"Dexterity Potion"},{"floor":2.0,"key":"Weak Potion"},{"floor":10,"key":"SteroidPotion"}],"is_trial":false,"path_per_floor":["M","M","M","M","M","R","E","R","T","E","R","?","R","M","R","B"],"character_chosen":"THE_SILENT","items_purchased":[],"campfire_rested":2,"item_purchase_floors":[],"current_hp_per_floor":[70,70,67,58,52,52,24,47,47,17,17,17,17,17,40,0],"gold":301,"neow_bonus":"TEN_PERCENT_HP_BONUS","is_prod":false,"is_daily":false,"chose_seed":false,"campfire_upgraded":3,"win_rate":0,"timestamp":1556137979,"path_taken":["M","M","M","M","M","R","E","R","T","E","R","?","R","M","R","BOSS"],"build_version":"2019-01-23","purchased_purges":0,"victory":false,"max_hp_per_floor":[77,77,77,77,77,77,77,77,77,77,77,77,77,77,77,77],"card_choices":[{"not_picked":["Setup","Eviscerate"],"picked":"Skewer","floor":1.0},{"not_picked":["Acrobatics","Catalyst","Accuracy"],"picked":"SKIP","floor":2.0},{"not_picked":["Deadly Poison","Setup"],"picked":"Dagger Throw","floor":3.0},{"not_picked":["Grand Finale","Poisoned Stab"],"picked":"Flying Knee","floor":4.0},{"not_picked":["Prepared","Underhanded Strike","Dodge and Roll"],"picked":"SKIP","floor":5},{"not_picked":["Backflip","Finisher"],"picked":"Well Laid Plans","floor":7},{"not_picked":["Blade Dance","Poisoned Stab"],"picked":"Dodge and Roll","floor":10},{"not_picked":["Acrobatics","Unload"],"picked":"Leg Sweep","floor":14}],"player_experience":300271,"relics_obtained":[{"floor":7,"key":"Calipers"},{"floor":9,"key":"Oddly Smooth Stone"},{"floor":10,"key":"Darkstone Periapt"}],"event_choices":[{"damage_healed":0,"gold_gain":0,"player_choice":"Grow","damage_taken":0,"max_hp_gain":0,"max_hp_loss":0,"event_name":"Living Wall","floor":12,"gold_loss":0,"cards_upgraded":["Well Laid Plans"]}],"is_beta":false,"boss_relics":[],"items_purged_floors":[],"is_endless":false,"potions_floor_spawned":[1,2,10,14],"killed_by":"Hexaghost","ascension_level":12}