{"gold_per_floor":[116,134,144,160,11,11,11,37,63,83,93,18,30,46,46,146,146,157,157,157,77,77,77,111,111,135,135,135,150,161,178,178,283,333,345,47,47,64,64,64,64],"floor_reached":41,"playtime":1761,"items_purged":["Strike_R"],"score":502,"play_id":"a2e77e87-671f-4643-80f9-851b03c01a67","local_time":"20190321165111","is_ascension_mode":true,"campfire_choices":[{"data":"Bash","floor":6,"key":"SMITH"},{"data":"Metallicize","floor":15,"key":"SMITH"},{"data":"Hemokinesis","floor":23,"key":"SMITH"},{"data":"J.A.X.","floor":25,"key":"SMITH"},{"data":"Feel No Pain","floor":28,"key":"SMITH"},{"data":"Disarm","floor":32,"key":"SMITH"},{"floor":40,"key":"REST"}],"neow_cost":"NONE","seed_source_timestamp":148263954678394,"circlet_count":0,"master_deck":["Defend_R","Defend_R","Defend_R","Defend_R","Bash+1","Carnage","Battle Trance","Clothesline+1","Cleave+1","Metallicize+1","Iron Wave","Disarm+1","Hemokinesis+1","Wild Strike","True Grit","Feed","Feel No Pain+1","J.A.X.+1","Feel No Pain+1","Bite","Bite","Bite","Bite","Bite","Impervious","Inflame+1","Uppercut+1","Dark Embrace","True Grit","Sentinel","Offering"],"relics":["Burning Blood","Art of War","Potion Belt","Velvet Choker","Strawberry","Blood Vial","Nloth\u0027s Gift","Tiny House","Vajra"],"potions_floor_usage":[31,33,39,41,41,41],"damage_taken":[{"damage":1,"enemies":"Cultist","floor":1,"turns":3},{"damage":7,"enemies":"Jaw Worm","floor":2,"turns":3},{"damage":2,"enemies":"2 Louse","floor":3,"turns":3},{"damage":9,"enemies":"2 Fungi Beasts","floor":4,"turns":4},{"damage":16,"enemies":"3 Sentries","floor":8,"turns":7},{"damage":0,"enemies":"Large Slime","floor":10,"turns":5},{"damage":13,"enemies":"Lots of Slimes","floor":11,"turns":5},{"damage":13,"enemies":"3 Louse","floor":13,"turns":3},{"damage":5,"enemies":"Blue Slaver","floor":14,"turns":2},{"damage":27,"enemies":"The Guardian","floor":16,"turns":12},{"damage":13,"enemies":"Spheric Guardian","floor":18,"turns":4},{"damage":38,"enemies":"Book of Stabbing","floor":24,"turns":7},{"damage":22,"enemies":"2 Thieves","floor":29,"turns":4},{"damage":5,"enemies":"Centurion and Healer","floor":30,"turns":7},{"damage":19,"enemies":"3 Cultists","floor":31,"turns":5},{"damage":80,"enemies":"Champ","floor":33,"turns":11},{"damage":13,"enemies":"Orb Walker","floor":35,"turns":5},{"damage":73,"enemies":"3 Darklings","floor":38,"turns":6},{"damage":26,"enemies":"Spire Growth","floor":39,"turns":4},{"damage":75,"enemies":"Giant Head","floor":41,"turns":7}],"seed_played":"3757367282402422167","potions_obtained":[{"floor":4,"key":"Explosive Potion"},{"floor":8,"key":"SmokeBomb"},{"floor":11,"key":"LiquidBronze"},{"floor":13,"key":"Fire Potion"},{"floor":14,"key":"Poison Potion"},{"floor":29,"key":"Block Potion"},{"floor":31,"key":"Explosive Potion"},{"floor":33,"key":"PowerPotion"},{"floor":34,"key":"GamblersBrew"},{"floor":35,"key":"Strength Potion"}],"is_trial":false,"path_per_floor":["M","M","M","M","$","R","?","E","T","M","M","$","M","M","R","B",null,"M","?","?","$","?","R","E","R","T","?","R","M","M","M","R","B",null,"M","$","?","M","M","R","E"],"character_chosen":"IRONCLAD","items_purchased":["Orichalcum","Feel No Pain","Offering","Vajra"],"campfire_rested":1,"item_purchase_floors":[5,21,36,36],"current_hp_per_floor":[80,79,80,77,77,77,77,67,67,73,66,66,59,60,60,39,80,76,60,60,60,60,60,52,52,52,52,52,47,67,66,66,20,79,82,82,82,24,14,39,0],"gold":64,"neow_bonus":"TRANSFORM_CARD","is_prod":false,"is_daily":false,"chose_seed":false,"campfire_upgraded":6,"win_rate":0,"timestamp":1553208671,"path_taken":["M","?","M","M","$","R","?","E","T","M","M","?","?","M","R","BOSS","M","?","?","$","?","R","E","R","T","?","R","?","M","M","R","BOSS","M","$","?","M","M","R","E"],"build_version":"2019-01-23","purchased_purges":1,"victory":false,"max_hp_per_floor":[80,80,80,80,80,80,80,80,80,80,80,80,80,80,80,80,80,83,88,88,88,61,61,68,68,68,68,68,71,74,74,74,74,79,82,82,82,85,85,85,85],"card_choices":[{"not_picked":["Perfected Strike","Anger"],"picked":"Battle Trance","floor":1},{"not_picked":["Headbutt","Havoc"],"picked":"Clothesline","floor":2},{"not_picked":["Searing Blow","Rupture"],"picked":"Cleave","floor":3},{"not_picked":["Sword Boomerang","Perfected Strike"],"picked":"Metallicize","floor":4},{"not_picked":["Battle Trance","Clash"],"picked":"Iron Wave","floor":8},{"not_picked":["Body Slam","True Grit"],"picked":"Disarm","floor":10},{"not_picked":["Dual Wield","Limit Break"],"picked":"Hemokinesis","floor":11},{"not_picked":["Clash","Sever Soul"],"picked":"Wild Strike","floor":13},{"not_picked":["Uppercut","Fire Breathing"],"picked":"True Grit","floor":14},{"not_picked":["Brutality","Limit Break"],"picked":"Feed","floor":16},{"not_picked":["Clothesline+1","Perfected Strike+1"],"picked":"Feel No Pain+1","floor":18},{"not_picked":["Cleave","Body Slam"],"picked":"Impervious","floor":24},{"not_picked":["Clash","Pommel Strike","Wild Strike"],"picked":"SKIP","floor":29},{"not_picked":["Twin Strike","Ghostly Armor+1"],"picked":"Inflame+1","floor":30},{"not_picked":["Carnage","Sever Soul+1"],"picked":"Uppercut+1","floor":31},{"not_picked":["Double Tap","Bludgeon"],"picked":"Dark Embrace","floor":33},{"not_picked":["Thunderclap+1","Twin Strike"],"picked":"True Grit","floor":34},{"not_picked":["Perfected Strike","Clothesline"],"picked":"Sentinel","floor":35},{"not_picked":["Iron Wave","Clash","Body Slam"],"picked":"SKIP","floor":38}],"player_experience":309343,"relics_obtained":[{"floor":8,"key":"Art of War"},{"floor":9,"key":"Potion Belt"},{"floor":24,"key":"Strawberry"},{"floor":26,"key":"Blood Vial"}],"event_choices":[{"damage_healed":0,"gold_gain":0,"player_choice":"Forge","damage_taken":0,"max_hp_gain":0,"max_hp_loss":0,"event_name":"Accursed Blacksmith","floor":7,"gold_loss":0,"cards_upgraded":["Clothesline"]},{"damage_healed":0,"gold_gain":0,"player_choice":"Shed Blood","damage_taken":21,"max_hp_gain":5,"max_hp_loss":0,"event_name":"Forgotten Altar","floor":19,"gold_loss":0},{"damage_healed":0,"gold_gain":0,"player_choice":"Obtain J.A.X.","damage_taken":0,"max_hp_gain":0,"max_hp_loss":0,"event_name":"Drug Dealer","floor":20,"gold_loss":0,"cards_obtained":["J.A.X."]},{"damage_healed":0,"gold_gain":0,"player_choice":"Became a vampire","damage_taken":0,"max_hp_gain":0,"max_hp_loss":27,"event_name":"Vampires","floor":22,"gold_loss":0,"cards_obtained":["Bite","Bite","Bite","Bite","Bite"]},{"damage_healed":0,"gold_gain":0,"player_choice":"Traded Relic","damage_taken":0,"relics_obtained":["Nloth\u0027s Gift"],"max_hp_gain":0,"max_hp_loss":0,"event_name":"N\u0027loth","floor":27,"relics_lost":["Orichalcum"],"gold_loss":0},{"damage_healed":0,"gold_gain":0,"player_choice":"Ignored","damage_taken":0,"max_hp_gain":0,"max_hp_loss":0,"event_name":"Mysterious Sphere","floor":37,"gold_loss":0}],"is_beta":false,"boss_relics":[{"not_picked":["Mark of Pain","Busted Crown"],"picked":"Velvet Choker"},{"not_picked":["Runic Pyramid","Runic Cube"],"picked":"Tiny House"}],"items_purged_floors":[12],"is_endless":false,"potions_floor_spawned":[4,8,11,13,14,29,31,33,35,39],"killed_by":"Giant Head","ascension_level":3}