{"gold_per_floor":[110,30,205,41,41,41,73,25,25,25,25,42,42,60,60,161,161,141,151,6,6,6,36,63,75,87,134,161,173,185,122,134,247,259,291,303,315,21,21,21,37,37,37,37,37],"floor_reached":45,"playtime":1938,"items_purged":["Doubt","Writhe","Normality"],"score":487,"play_id":"89c69be9-b271-418d-bb31-d432326a41bd","local_time":"20190328133439","is_ascension_mode":true,"campfire_choices":[{"data":"Noxious Fumes","floor":6,"key":"SMITH"},{"floor":10,"key":"REST"},{"data":"Neutralize","floor":15,"key":"SMITH"},{"data":"Dodge and Roll","floor":25,"key":"SMITH"},{"floor":29,"key":"REST"},{"data":"Dodge and Roll","floor":32,"key":"SMITH"},{"data":"A Thousand Cuts","floor":40,"key":"SMITH"},{"data":"Caltrops","floor":42,"key":"SMITH"},{"data":"Caltrops","floor":44,"key":"SMITH"}],"neow_cost":"NONE","seed_source_timestamp":358635667127,"circlet_count":0,"master_deck":["Defend_G","Defend_G","Defend_G","Defend_G+1","Defend_G","Strike_G","Strike_G","Strike_G","Strike_G","Strike_G","Survivor","Neutralize+1","Trip+1","Backflip","Noxious Fumes+1","Caltrops+1","Dodge and Roll+1","Cloak And Dagger","Deadly Poison+1","Dodge and Roll+1","Neutralize","Backflip","After Image","Flechettes+1","Poisoned Stab","Deadly Poison","Sucker Punch+1","A Thousand Cuts+1","Clumsy","Injury","Poisoned Stab+1","Dramatic Entrance","Corpse Explosion","Caltrops+1"],"relics":["Ring of the Snake","Snake Skull","Paper Crane","Torii","Busted Crown","Blood Vial","MutagenicStrength","MawBank","Bottled Tornado","Singing Bowl","Calling Bell","War Paint","Gremlin Horn","Girya","Sundial"],"potions_floor_usage":[7,18,27,28,33,38],"damage_taken":[{"damage":2,"enemies":"Small Slimes","floor":1,"turns":4},{"damage":28,"enemies":"Gremlin Nob","floor":7,"turns":5},{"damage":0,"enemies":"Jaw Worm","floor":12,"turns":4},{"damage":0,"enemies":"2 Louse","floor":14,"turns":3},{"damage":2,"enemies":"Hexaghost","floor":16,"turns":9},{"damage":1,"enemies":"2 Thieves","floor":18,"turns":5},{"damage":10,"enemies":"Spheric Guardian","floor":19,"turns":6},{"damage":2,"enemies":"Book of Stabbing","floor":23,"turns":5},{"damage":10,"enemies":"Centurion and Healer","floor":24,"turns":6},{"damage":20,"enemies":"Gremlin Leader","floor":27,"turns":6},{"damage":13,"enemies":"Snecko","floor":28,"turns":4},{"damage":13,"enemies":"Collector","floor":33,"turns":10},{"damage":25,"enemies":"Orb Walker","floor":35,"turns":6},{"damage":21,"enemies":"3 Shapes","floor":41,"turns":3},{"damage":53,"enemies":"Giant Head","floor":45,"turns":8}],"seed_played":"3718191514273930540","potions_obtained":[{"floor":1,"key":"SpeedPotion"},{"floor":16,"key":"Weak Potion"},{"floor":18,"key":"Explosive Potion"},{"floor":27,"key":"Fruit Juice"},{"floor":28,"key":"SkillPotion"},{"floor":41,"key":"Energy Potion"}],"is_trial":false,"path_per_floor":["M","$","?","$","?","R","E","$","T","R","?","M","?","M","R","B",null,"M","M","$","?","?","E","M","R","T","E","M","R","?","?","R","B",null,"M","?","$","$","?","R","M","R","T","R","E"],"character_chosen":"THE_SILENT","items_purchased":["Noxious Fumes","Caltrops","Dodge and Roll","Deadly Poison","Deadly Poison","Caltrops","Fruit Juice"],"campfire_rested":2,"item_purchase_floors":[2,4,4,8,20,38,38],"current_hp_per_floor":[68,68,68,68,56,56,28,28,28,49,49,49,49,49,49,47,70,69,59,59,59,59,59,51,51,51,35,29,52,52,52,52,41,77,52,52,52,57,57,57,40,40,40,40,0],"gold":37,"neow_bonus":"RANDOM_COLORLESS","is_prod":false,"is_daily":false,"chose_seed":false,"campfire_upgraded":7,"win_rate":0,"timestamp":1553776479,"path_taken":["M","$","?","$","?","R","E","?","T","R","?","M","?","M","R","BOSS","M","M","$","?","?","E","M","R","T","E","M","R","?","?","R","BOSS","M","?","?","$","?","R","M","R","T","R","E"],"build_version":"2019-01-23","purchased_purges":3,"victory":false,"max_hp_per_floor":[70,70,70,70,70,70,70,70,70,70,70,70,70,70,70,70,70,70,70,70,70,70,70,70,70,70,72,77,77,77,77,77,77,77,77,77,77,82,78,78,80,80,80,80,80],"card_choices":[{"not_picked":["Bane","Crippling Poison"],"picked":"Backflip","floor":1},{"not_picked":["Outmaneuver","Quick Slash"],"picked":"Cloak And Dagger","floor":7},{"not_picked":["Quick Slash","Acrobatics"],"picked":"Dodge and Roll","floor":12},{"not_picked":["Sucker Punch","Wraith Form v2"],"picked":"Backflip","floor":14},{"not_picked":["Adrenaline","Storm of Steel"],"picked":"After Image","floor":16},{"not_picked":[],"picked":"Flechettes+1","floor":18},{"not_picked":[],"picked":"Poisoned Stab","floor":19},{"not_picked":["Tactician+1"],"picked":"SKIP","floor":23},{"not_picked":["Backflip"],"picked":"SKIP","floor":24},{"not_picked":["Underhanded Strike"],"picked":"Singing Bowl","floor":27},{"not_picked":[],"picked":"Sucker Punch+1","floor":28},{"not_picked":[],"picked":"A Thousand Cuts","floor":33},{"not_picked":[],"picked":"Poisoned Stab+1","floor":35},{"not_picked":["Cloak And Dagger"],"picked":"Singing Bowl","floor":41}],"player_experience":205923,"relics_obtained":[{"floor":7,"key":"Paper Crane"},{"floor":9,"key":"Torii"},{"floor":23,"key":"MawBank"},{"floor":26,"key":"Bottled Tornado"},{"floor":27,"key":"Singing Bowl"},{"floor":34,"key":"War Paint"},{"floor":34,"key":"Gremlin Horn"},{"floor":34,"key":"Girya"},{"floor":43,"key":"Sundial"}],"event_choices":[{"damage_healed":0,"gold_gain":175,"player_choice":"AGREE","damage_taken":0,"max_hp_gain":0,"max_hp_loss":0,"event_name":"Liars Game","floor":3,"gold_loss":0,"cards_obtained":["Doubt"]},{"damage_healed":0,"gold_gain":0,"player_choice":"Success","damage_taken":12,"relics_obtained":["Snake Skull"],"max_hp_gain":0,"max_hp_loss":0,"event_name":"Scrap Ooze","floor":5,"gold_loss":0},{"damage_healed":0,"gold_gain":0,"player_choice":"Grow","damage_taken":0,"max_hp_gain":0,"max_hp_loss":0,"event_name":"Living Wall","floor":11,"gold_loss":0,"cards_upgraded":["Deadly Poison"]},{"damage_healed":0,"gold_gain":0,"player_choice":"2 cards matched","damage_taken":0,"max_hp_gain":0,"max_hp_loss":0,"event_name":"Match and Keep!","floor":13,"gold_loss":0,"cards_obtained":["Writhe","Neutralize"]},{"damage_healed":0,"gold_gain":0,"player_choice":"Opened","damage_taken":0,"relics_obtained":["Blood Vial"],"max_hp_gain":0,"max_hp_loss":0,"event_name":"The Mausoleum","floor":21,"gold_loss":0},{"damage_healed":0,"gold_gain":0,"player_choice":"Inject Mutagens","damage_taken":0,"relics_obtained":["MutagenicStrength"],"max_hp_gain":0,"max_hp_loss":0,"event_name":"Drug Dealer","floor":22,"gold_loss":0},{"damage_healed":0,"gold_gain":0,"player_choice":"Smashed Altar","damage_taken":0,"max_hp_gain":0,"max_hp_loss":0,"event_name":"Forgotten Altar","floor":30,"gold_loss":0,"cards_obtained":["Decay"]},{"cards_removed":["Decay"],"damage_healed":0,"gold_gain":0,"player_choice":"Gave Gold","damage_taken":0,"max_hp_gain":0,"max_hp_loss":0,"event_name":"Beggar","floor":31,"gold_loss":75},{"damage_healed":0,"gold_gain":0,"player_choice":"2 cards matched","damage_taken":0,"max_hp_gain":0,"max_hp_loss":0,"event_name":"Match and Keep!","floor":36,"gold_loss":0,"cards_obtained":["Dramatic Entrance","Corpse Explosion"]},{"damage_healed":0,"gold_gain":0,"player_choice":"Max HP","damage_taken":0,"max_hp_gain":0,"max_hp_loss":4,"event_name":"Winding Halls","floor":39,"gold_loss":0}],"is_beta":false,"boss_relics":[{"not_picked":["Fusion Hammer","Runic Pyramid"],"picked":"Busted Crown"},{"not_picked":["HoveringKite","White Beast Statue"],"picked":"Calling Bell"}],"items_purged_floors":[4,20,38],"is_endless":false,"potions_floor_spawned":[1,16,18,27,28,41],"killed_by":"Giant Head","ascension_level":2}