{"gold_per_floor":[113,133,146,146,163,196,196,121,168,200,200,28,53,72,72,168,168,181,192,18,38,56,84,84,113,113,133,164,11,11,24,24,124,124,141,141,160,174,129,129,129,129,152,165,192,212,62,80,80,80],"floor_reached":51,"playtime":2009,"items_purged":["Feel No Pain"],"score":784,"play_id":"95b56552-e6be-40df-b9e8-07c7f524470a","local_time":"20190105234715","is_ascension_mode":false,"campfire_choices":[{"data":"Anger","floor":7,"key":"SMITH"},{"data":"Thunderclap","floor":11,"key":"SMITH"},{"data":"Disarm","floor":15,"key":"SMITH"},{"floor":32,"key":"REST"},{"floor":40,"key":"REST"},{"data":"Apotheosis","floor":42,"key":"SMITH"},{"floor":49,"key":"REST"}],"neow_cost":"","seed_source_timestamp":12643567888046,"circlet_count":0,"master_deck":["Defend_R","Defend_R","Defend_R","Bash","Anger+1","Thunderclap+1","Headbutt","Shockwave","Flame Barrier","Battle Trance","Disarm+1","Feed","Pommel Strike","Uppercut","Offering","Twin Strike+1","Whirlwind+1","Apotheosis+1","Flame Barrier+1","Hemokinesis+1","Shrug It Off","Headbutt+1","Bite","Bite","Bite","Bite","Bite","Inflame","Impervious","Flex","Seeing Red+1","Flame Barrier+1","Shrug It Off","Body Slam+1"],"special_seed":0,"relics":["Burning Blood","Pantograph","Happy Flower","Strawberry","Matryoshka","Empty Cage","Bottled Lightning","Question Card","Bronze Scales","Pear","Boot","Orichalcum","Lizard Tail","Red Skull","Juzu Bracelet","Regal Pillow","Centennial Puzzle"],"potions_floor_usage":[6,10,13,28,31,33,38,45,45],"damage_taken":[{"damage":5,"enemies":"Cultist","floor":1,"turns":4},{"damage":3,"enemies":"Jaw Worm","floor":2,"turns":3},{"damage":2,"enemies":"Small Slimes","floor":3,"turns":3},{"damage":8,"enemies":"Exordium Wildlife","floor":5,"turns":5},{"damage":16,"enemies":"Lagavulin","floor":6,"turns":6},{"damage":48,"enemies":"Gremlin Nob","floor":10,"turns":5},{"damage":11,"enemies":"Lagavulin","floor":13,"turns":5},{"damage":1,"enemies":"Red Slaver","floor":14,"turns":3},{"damage":21,"enemies":"The Guardian","floor":16,"turns":10},{"damage":17,"enemies":"2 Thieves","floor":18,"turns":4},{"damage":18,"enemies":"Shell Parasite","floor":19,"turns":4},{"damage":18,"enemies":"Snake Plant","floor":21,"turns":3},{"damage":15,"enemies":"3 Cultists","floor":22,"turns":4},{"damage":14,"enemies":"Gremlin Leader","floor":23,"turns":4},{"damage":40,"enemies":"Slavers","floor":25,"turns":4},{"damage":17,"enemies":"Centurion and Healer","floor":27,"turns":6},{"damage":22,"enemies":"Gremlin Leader","floor":28,"turns":5},{"damage":22,"enemies":"Shelled Parasite and Fungi","floor":31,"turns":4},{"damage":85,"enemies":"Champ","floor":33,"turns":10},{"damage":17,"enemies":"Orb Walker","floor":35,"turns":4},{"damage":21,"enemies":"3 Shapes","floor":37,"turns":5},{"damage":32,"enemies":"Spire Growth","floor":38,"turns":4},{"damage":33,"enemies":"Writhing Mass","floor":44,"turns":6},{"damage":72,"enemies":"Giant Head","floor":45,"turns":10},{"damage":16,"enemies":"Sphere and 2 Shapes","floor":46,"turns":5},{"damage":8,"enemies":"Maw","floor":48,"turns":6},{"damage":104,"enemies":"Awakened One","floor":50,"turns":15}],"seed_played":"8042297239820942622","potions_obtained":[{"floor":1,"key":"SneckoOil"},{"floor":5,"key":"SteroidPotion"},{"floor":10,"key":"Regen Potion"},{"floor":13,"key":"SpeedPotion"},{"floor":16,"key":"GamblersBrew"},{"floor":19,"key":"LiquidBronze"},{"floor":27,"key":"Explosive Potion"},{"floor":31,"key":"Dexterity Potion"},{"floor":33,"key":"AttackPotion"},{"floor":35,"key":"Swift Potion"},{"floor":37,"key":"Block Potion"}],"is_trial":false,"path_per_floor":["M","M","M","?","M","E","R","$","T","E","R","$","E","M","R","B",null,"M","M","$","M","M","E","?","E","T","M","E","$","?","M","R","B",null,"M","?","M","M","$","R","?","R","T","M","E","M","$","M","R","B",null],"character_chosen":"IRONCLAD","items_purchased":["Disarm","Feed","Apotheosis","Orichalcum","Shrug It Off","Centennial Puzzle"],"campfire_rested":3,"item_purchase_floors":[12,12,20,29,39,47],"current_hp_per_floor":[80,80,80,80,78,68,68,68,68,33,33,33,40,45,45,55,90,82,70,70,62,53,45,77,43,53,42,26,26,26,21,44,17,77,66,66,63,50,50,74,74,74,74,65,11,13,13,29,68,10],"gold":80,"neow_bonus":"","is_prod":false,"is_daily":false,"chose_seed":false,"campfire_upgraded":4,"win_rate":0.0,"timestamp":1546732035,"path_taken":["M","?","M","?","M","E","R","$","T","E","R","$","E","?","R","BOSS","M","M","$","M","M","E","?","E","T","M","E","$","?","M","R","BOSS","M","?","M","?","?","R","?","R","T","M","E","M","$","M","R","BOSS"],"build_version":"2019-01-03v4","purchased_purges":1,"victory":true,"max_hp_per_floor":[80,80,80,80,80,80,80,80,80,87,87,87,90,90,90,90,90,93,93,93,97,97,97,97,97,107,107,107,107,74,77,77,77,77,77,77,77,81,81,81,81,81,81,81,81,81,81,81,81,81],"card_choices":[{"not_picked":["Burning Pact","Combust"],"picked":"Anger","floor":1},{"not_picked":["Power Through","Sword Boomerang"],"picked":"Thunderclap","floor":2},{"not_picked":["True Grit","Clothesline"],"picked":"Headbutt","floor":3},{"not_picked":["True Grit","Sword Boomerang"],"picked":"Shockwave","floor":5},{"not_picked":["Clash","Headbutt"],"picked":"Flame Barrier","floor":6},{"not_picked":["Pummel","Ghostly Armor"],"picked":"Battle Trance","floor":10},{"not_picked":["Clothesline","Corruption"],"picked":"Pommel Strike","floor":13},{"not_picked":["Blood for Blood","Cleave"],"picked":"Uppercut","floor":14},{"not_picked":["Barricade","Reaper"],"picked":"Offering","floor":16},{"not_picked":["Flex+1","Sword Boomerang"],"picked":"Twin Strike+1","floor":18},{"not_picked":["Twin Strike","Armaments"],"picked":"Whirlwind+1","floor":19},{"not_picked":["Pummel","Clothesline+1"],"picked":"Flame Barrier+1","floor":21},{"not_picked":["Armaments","Entrench"],"picked":"Hemokinesis+1","floor":22},{"not_picked":["Flex","Power Through+1"],"picked":"Shrug It Off","floor":23},{"not_picked":["Clothesline","Battle Trance"],"picked":"Inflame","floor":25},{"not_picked":["Entrench","Clothesline+1","Combust+1","Iron Wave"],"picked":"SKIP","floor":27},{"not_picked":["Anger","Warcry","Blood for Blood"],"picked":"Headbutt+1","floor":28},{"not_picked":["Clash+1","Flex","Intimidate+1"],"picked":"Inflame","floor":31},{"not_picked":["Offering","Feed","Barricade"],"picked":"Impervious","floor":33},{"not_picked":["Cleave+1","Iron Wave","Warcry"],"picked":"Flex","floor":35},{"not_picked":["Sword Boomerang","Barricade","Perfected Strike+1"],"picked":"Seeing Red+1","floor":37},{"not_picked":["Body Slam+1","Warcry","Combust"],"picked":"Flame Barrier+1","floor":38},{"not_picked":["Warcry","Intimidate+1","Clothesline","Cleave"],"picked":"SKIP","floor":44},{"not_picked":["Feed","Twin Strike","Rampage"],"picked":"Body Slam+1","floor":45},{"not_picked":["Searing Blow","Dropkick+1","Rampage+1","Thunderclap+1"],"picked":"SKIP","floor":46},{"not_picked":["Armaments","Clash","Body Slam","Flex"],"picked":"SKIP","floor":48}],"player_experience":0,"relics_obtained":[{"floor":6,"key":"Pantograph"},{"floor":9,"key":"Happy Flower"},{"floor":10,"key":"Strawberry"},{"floor":13,"key":"Matryoshka"},{"floor":23,"key":"Bottled Lightning"},{"floor":25,"key":"Question Card"},{"floor":26,"key":"Bronze Scales"},{"floor":26,"key":"Pear"},{"floor":28,"key":"Boot"},{"floor":43,"key":"Red Skull"},{"floor":43,"key":"Juzu Bracelet"},{"floor":45,"key":"Regal Pillow"}],"event_choices":[{"damage_healed":0,"gold_gain":0,"cards_transformed":["Strike_R"],"player_choice":"Transformed","damage_taken":0,"max_hp_gain":0,"max_hp_loss":0,"event_name":"Transmorgrifier","floor":4,"gold_loss":0,"cards_obtained":["Feel No Pain"]},{"damage_healed":32,"gold_gain":0,"player_choice":"Heal","damage_taken":0,"max_hp_gain":0,"max_hp_loss":0,"event_name":"The Library","floor":24,"gold_loss":0},{"damage_healed":0,"gold_gain":0,"player_choice":"Became a vampire","damage_taken":0,"max_hp_gain":0,"max_hp_loss":33,"event_name":"Vampires","floor":30,"gold_loss":0,"cards_obtained":["Bite","Bite","Bite","Bite","Bite"]},{"cards_removed":["Defend_R"],"damage_healed":0,"gold_gain":0,"player_choice":"Purged","damage_taken":0,"max_hp_gain":0,"max_hp_loss":0,"event_name":"Purifier","floor":36,"gold_loss":0},{"cards_removed":["Inflame"],"damage_healed":0,"gold_gain":0,"player_choice":"Removed Power","damage_taken":0,"max_hp_gain":0,"max_hp_loss":0,"event_name":"Falling","floor":41,"gold_loss":0}],"is_beta":false,"boss_relics":[{"not_picked":["Black Blood","Velvet Choker"],"picked":"Empty Cage"},{"not_picked":["Cursed Key","Runic Pyramid"],"picked":"Lizard Tail"}],"items_purged_floors":[8],"is_endless":false,"potions_floor_spawned":[1,5,10,13,16,19,21,23,27,31,33,35,37],"ascension_level":0}