{"gold_per_floor":[19,19,19,31,41,66,66,83,83,98,127,137,152,167,167,271,271,282,299,21,31,31,31,62,62,62,62,15,15,15,40,40,136,136,150,250,268,268],"floor_reached":38,"playtime":1560,"items_purged":["Strike_R"],"score":646,"play_id":"c7e59853-c7b6-4b8a-8c9a-5506af1414e1","local_time":"20190402165731","is_ascension_mode":true,"campfire_choices":[{"data":"Bash","floor":7,"key":"SMITH"},{"data":"Heavy Blade","floor":15,"key":"SMITH"},{"data":"Demon Form","floor":23,"key":"SMITH"},{"floor":27,"key":"REST"},{"data":"Armaments","floor":32,"key":"SMITH"}],"neow_cost":"NO_GOLD","seed_source_timestamp":42716916421443,"circlet_count":0,"master_deck":["Strike_R","Strike_R","Strike_R","Strike_R","Defend_R","Defend_R","Defend_R","Defend_R","Bash+1","Whirlwind","Corruption","Clash","Impervious","Spot Weakness","Cleave","Carnage","Impervious","Sword Boomerang","Clothesline","Exhume","Heavy Blade+1","Demon Form+1","Headbutt","Shrug It Off","Disarm","Havoc+1","Sword Boomerang+1","Heavy Blade","Ghostly","Ghostly","Ghostly","Ghostly","Ghostly","Armaments+1","Limit Break","Flame Barrier","Heavy Blade+1","Flame Barrier"],"relics":["Burning Blood","Vajra","Dream Catcher","Dodecahedron","Mark of Pain","Lee\u0027s Waffle","Du-Vu Doll","MutagenicStrength","Shuriken","Meat on the Bone","Magic Flower","Eternal Feather","Gambling Chip"],"potions_floor_usage":[11,16,21,24,33,33,38,38],"damage_taken":[{"damage":19,"enemies":"Jaw Worm","floor":1,"turns":5},{"damage":0,"enemies":"Cultist","floor":4,"turns":3},{"damage":0,"enemies":"Small Slimes","floor":5,"turns":3},{"damage":30,"enemies":"3 Sentries","floor":6,"turns":8},{"damage":0,"enemies":"2 Fungi Beasts","floor":8,"turns":4},{"damage":0,"enemies":"Exordium Wildlife","floor":10,"turns":3},{"damage":16,"enemies":"Gremlin Nob","floor":11,"turns":3},{"damage":11,"enemies":"Looter","floor":12,"turns":3},{"damage":13,"enemies":"Blue Slaver","floor":13,"turns":2},{"damage":0,"enemies":"3 Louse","floor":14,"turns":1},{"damage":44,"enemies":"Hexaghost","floor":16,"turns":9},{"damage":22,"enemies":"Spheric Guardian","floor":18,"turns":6},{"damage":6,"enemies":"3 Byrds","floor":19,"turns":4},{"damage":23,"enemies":"Centurion and Healer","floor":21,"turns":6},{"damage":44,"enemies":"Slavers","floor":24,"turns":4},{"damage":28,"enemies":"Book of Stabbing","floor":31,"turns":5},{"damage":33,"enemies":"Collector","floor":33,"turns":9},{"damage":12,"enemies":"Orb Walker","floor":35,"turns":3},{"damage":1,"enemies":"Mind Bloom Boss Battle","floor":36,"turns":9},{"damage":9,"enemies":"3 Shapes","floor":37,"turns":8},{"damage":66,"enemies":"2 Orb Walkers","floor":38,"turns":4}],"seed_played":"-2754957188015793216","potions_obtained":[{"floor":6,"key":"FearPotion"},{"floor":8,"key":"Fire Potion"},{"floor":11,"key":"Ancient Potion"},{"floor":12,"key":"Fire Potion"},{"floor":13,"key":"SteroidPotion"},{"floor":18,"key":"Regen Potion"},{"floor":21,"key":"Fire Potion"},{"floor":33,"key":"Dexterity Potion"},{"floor":36,"key":"Dexterity Potion"}],"is_trial":false,"path_per_floor":["M","?","$","M","M","E","R","M","T","M","E","M","M","M","R","B",null,"M","M","$","M","?","R","E","?","T","R","$","T","?","E","R","B",null,"M","?","M","?"],"character_chosen":"IRONCLAD","items_purchased":["Lee\u0027s Waffle","Heavy Blade"],"campfire_rested":1,"item_purchase_floors":[20,28],"current_hp_per_floor":[75,75,75,81,87,63,63,69,69,75,65,60,53,59,59,21,77,61,61,103,100,100,100,62,62,62,92,92,92,51,41,41,35,47,44,51,51,0],"gold":268,"neow_bonus":"TWENTY_PERCENT_HP_BONUS","is_prod":false,"is_daily":false,"chose_seed":false,"campfire_upgraded":4,"win_rate":0,"timestamp":1554249451,"path_taken":["M","?","?","M","M","E","R","M","T","M","E","M","M","M","R","BOSS","M","M","$","M","?","R","E","?","T","R","$","?","?","E","R","BOSS","M","?","M","?"],"build_version":"2019-01-23","purchased_purges":1,"victory":false,"max_hp_per_floor":[96,96,96,96,96,96,96,96,96,96,96,96,96,96,96,96,96,96,96,103,103,103,103,103,103,103,103,103,103,51,51,51,51,51,51,51,51,51],"card_choices":[{"not_picked":["Iron Wave","Burning Pact"],"picked":"Whirlwind","floor":1},{"not_picked":["Cleave","Perfected Strike"],"picked":"Spot Weakness","floor":4},{"not_picked":["Anger","Perfected Strike"],"picked":"Cleave","floor":5},{"not_picked":["Clash","Whirlwind"],"picked":"Carnage","floor":6},{"not_picked":["Pommel Strike","Warcry"],"picked":"Impervious","floor":8},{"not_picked":["Cleave","Searing Blow"],"picked":"Sword Boomerang","floor":10},{"not_picked":["Iron Wave","Anger"],"picked":"Clothesline","floor":11},{"not_picked":["Power Through","Flex"],"picked":"Exhume","floor":12},{"not_picked":["Warcry","Sword Boomerang","Rupture"],"picked":"SKIP","floor":13},{"not_picked":["Entrench","Reckless Charge"],"picked":"Heavy Blade","floor":14},{"not_picked":["Barricade","Immolate"],"picked":"Demon Form","floor":16},{"not_picked":["Body Slam","Havoc"],"picked":"Headbutt","floor":18},{"not_picked":["Clothesline","Havoc"],"picked":"Shrug It Off","floor":19},{"not_picked":["Blood for Blood","Perfected Strike"],"picked":"Disarm","floor":21},{"not_picked":["Juggernaut","Twin Strike"],"picked":"Havoc+1","floor":24},{"not_picked":["Carnage+1","Twin Strike"],"picked":"Sword Boomerang+1","floor":27},{"not_picked":["Clash","Seeing Red"],"picked":"Armaments","floor":31},{"not_picked":["Bludgeon","Exhume"],"picked":"Limit Break","floor":33},{"not_picked":["Rage+1","Heavy Blade+1"],"picked":"Flame Barrier","floor":35},{"not_picked":["Flex","Fire Breathing"],"picked":"Heavy Blade+1","floor":36},{"not_picked":["True Grit","Juggernaut"],"picked":"Flame Barrier","floor":37}],"player_experience":358960,"relics_obtained":[{"floor":6,"key":"Vajra"},{"floor":9,"key":"Dream Catcher"},{"floor":11,"key":"Dodecahedron"},{"floor":24,"key":"Du-Vu Doll"},{"floor":26,"key":"Shuriken"},{"floor":29,"key":"Meat on the Bone"},{"floor":31,"key":"Magic Flower"},{"floor":36,"key":"Gambling Chip"}],"event_choices":[{"damage_healed":0,"gold_gain":0,"player_choice":"3 cards matched","damage_taken":0,"max_hp_gain":0,"max_hp_loss":0,"event_name":"Match and Keep!","floor":2,"gold_loss":0,"cards_obtained":["Corruption","Clash","Impervious"]},{"damage_healed":0,"gold_gain":0,"player_choice":"Ignored","damage_taken":0,"max_hp_gain":0,"max_hp_loss":0,"event_name":"Beggar","floor":22,"gold_loss":0},{"damage_healed":0,"gold_gain":0,"player_choice":"Inject Mutagens","damage_taken":0,"relics_obtained":["MutagenicStrength"],"max_hp_gain":0,"max_hp_loss":0,"event_name":"Drug Dealer","floor":25,"gold_loss":0},{"damage_healed":0,"gold_gain":0,"player_choice":"Became a Ghost","damage_taken":0,"max_hp_gain":0,"max_hp_loss":52,"event_name":"Ghosts","floor":30,"gold_loss":0,"cards_obtained":["Ghostly","Ghostly","Ghostly","Ghostly","Ghostly"]},{"damage_healed":0,"gold_gain":0,"player_choice":"Fight","damage_taken":0,"max_hp_gain":0,"max_hp_loss":0,"event_name":"MindBloom","floor":36,"gold_loss":0},{"damage_healed":0,"gold_gain":0,"player_choice":"Fight","damage_taken":0,"max_hp_gain":0,"max_hp_loss":0,"event_name":"Mysterious Sphere","floor":38,"gold_loss":0}],"is_beta":false,"boss_relics":[{"not_picked":["Black Star","Runic Dome"],"picked":"Mark of Pain"},{"not_picked":["Runic Cube","Calling Bell"],"picked":"Eternal Feather"}],"items_purged_floors":[20],"is_endless":false,"potions_floor_spawned":[6,8,11,12,13,18,21,33,36],"killed_by":"2 Orb Walkers","ascension_level":8}