{"gold_per_floor":[112,130,141,8,183,212,212,212,212,7,24,52,52,65,65,165,165,180,192,211,225,245,256,39,53,76,123,146,158,170,200,212,224],"floor_reached":33,"playtime":3828,"items_purged":["Doubt","Strike_G"],"score":383,"play_id":"190993ca-f993-4c44-b2fd-ed7f9970cc74","local_time":"20190216212836","is_ascension_mode":false,"campfire_choices":[{"floor":13,"key":"REST"},{"floor":15,"key":"REST"},{"data":"Backflip","floor":29,"key":"SMITH"},{"floor":32,"key":"REST"}],"neow_cost":"NONE","seed_source_timestamp":100517706728259,"circlet_count":0,"master_deck":["Defend_G","Defend_G","Defend_G","Defend_G","Defend_G","Strike_G","Strike_G","Strike_G","Strike_G","Survivor","Neutralize","Dagger Spray","Noxious Fumes","Poisoned Stab","Footwork","Backflip","Quick Slash","Deadly Poison","Dash","Backflip+1","Flying Knee","Well Laid Plans","Phantasmal Killer","PiercingWail","Outmaneuver","Backflip+1","Predator","Underhanded Strike+1","Backstab","Backflip","Caltrops","Sucker Punch","Normality","Leg Sweep","Deflect+1"],"relics":["Ring of the Snake","NeowsBlessing","Pear","Pantograph","Darkstone Periapt","Oddly Smooth Stone","Cursed Key","MawBank","Nunchaku"],"potions_floor_usage":[11,14,16,16,19,22,27,33,33,33],"damage_taken":[{"damage":0,"enemies":"Cultist","floor":1,"turns":1},{"damage":0,"enemies":"Small Slimes","floor":2,"turns":1},{"damage":0,"enemies":"Jaw Worm","floor":3,"turns":1},{"damage":28,"enemies":"3 Sentries","floor":6,"turns":9},{"damage":3,"enemies":"2 Fungi Beasts","floor":11,"turns":3},{"damage":13,"enemies":"Lagavulin","floor":12,"turns":7},{"damage":13,"enemies":"Gremlin Gang","floor":14,"turns":2},{"damage":12,"enemies":"Slime Boss","floor":16,"turns":11},{"damage":7,"enemies":"Shell Parasite","floor":18,"turns":5},{"damage":0,"enemies":"Chosen","floor":19,"turns":4},{"damage":0,"enemies":"Centurion and Healer","floor":20,"turns":7},{"damage":4,"enemies":"Snake Plant","floor":21,"turns":5},{"damage":6,"enemies":"Shelled Parasite and Fungi","floor":22,"turns":7},{"damage":10,"enemies":"3 Cultists","floor":23,"turns":5},{"damage":15,"enemies":"Cultist and Chosen","floor":25,"turns":7},{"damage":0,"enemies":"Book of Stabbing","floor":27,"turns":7},{"damage":14,"enemies":"Snecko","floor":28,"turns":7},{"damage":9,"enemies":"Snake Plant","floor":31,"turns":7},{"damage":103,"enemies":"Automaton","floor":33,"turns":12}],"seed_played":"-7701274914159278871","potions_obtained":[{"floor":6,"key":"Strength Potion"},{"floor":8,"key":"Fire Potion"},{"floor":12,"key":"LiquidBronze"},{"floor":16,"key":"SpeedPotion"},{"floor":18,"key":"Strength Potion"},{"floor":19,"key":"SteroidPotion"},{"floor":21,"key":"EssenceOfSteel"},{"floor":23,"key":"Regen Potion"},{"floor":28,"key":"Explosive Potion"}],"is_trial":false,"path_per_floor":["M","?","T","?","M","M","?"],"character_chosen":"THE_SILENT","items_purchased":["Footwork","Backflip","PowerPotion","Deadly Poison","Dash","Backflip","Caltrops"],"campfire_rested":3,"item_purchase_floors":[4,4,4,10,10,24,24],"current_hp_per_floor":[70,70,70,70,70,52,52,52,52,52,49,36,60,47,71,68,80,73,73,73,69,63,53,53,38,44,59,45,45,45,36,61,0],"gold":224,"neow_bonus":"THREE_ENEMY_KILL","is_prod":false,"is_daily":false,"chose_seed":false,"campfire_upgraded":1,"win_rate":0.0,"timestamp":1550377716,"path_taken":["M","?","M","$","?","E","?","?","T","$","M","E","R","?","R","BOSS","M","?","M","M","M","M","$","M","T","E","M","R","?","M","R","BOSS"],"build_version":"2019-01-23","purchased_purges":2,"victory":false,"max_hp_per_floor":[70,70,70,70,70,80,80,80,80,80,80,80,80,80,80,80,80,80,80,80,80,80,80,80,80,86,86,86,86,86,86,86,86],"card_choices":[{"not_picked":["Deflect","Poisoned Stab"],"picked":"Dagger Spray","floor":1},{"not_picked":["Blade Dance","Terror"],"picked":"Noxious Fumes","floor":2},{"not_picked":["Eviscerate","Quick Slash"],"picked":"Poisoned Stab","floor":3},{"not_picked":["Endless Agony","Unload"],"picked":"Quick Slash","floor":6},{"not_picked":["Underhanded Strike","Flechettes"],"picked":"Backflip","floor":11},{"not_picked":["Dodge and Roll","Reflex"],"picked":"Flying Knee","floor":12},{"not_picked":["Blur","Blade Dance"],"picked":"Well Laid Plans","floor":14},{"not_picked":["Glass Knife","Unload"],"picked":"Phantasmal Killer","floor":16},{"not_picked":["Eviscerate","Deadly Poison"],"picked":"PiercingWail","floor":18},{"not_picked":["PiercingWail","Choke"],"picked":"Outmaneuver","floor":19},{"not_picked":["Quick Slash+1","Outmaneuver+1"],"picked":"Backflip+1","floor":20},{"not_picked":["All Out Attack","Underhanded Strike"],"picked":"Predator","floor":21},{"not_picked":["Poisoned Stab","Dagger Spray"],"picked":"Underhanded Strike+1","floor":22},{"not_picked":["Flechettes+1","Tactician"],"picked":"Backstab","floor":23},{"not_picked":["Dagger Spray","Footwork"],"picked":"Sucker Punch","floor":25},{"not_picked":["Sucker Punch+1","Die Die Die","Underhanded Strike"],"picked":"SKIP","floor":27},{"not_picked":["Well Laid Plans","Riddle With Holes"],"picked":"Leg Sweep","floor":28},{"not_picked":["Reflex","Masterful Stab+1"],"picked":"Deflect+1","floor":31}],"player_experience":4965,"relics_obtained":[{"floor":6,"key":"Pear"},{"floor":7,"key":"Pantograph"},{"floor":9,"key":"Darkstone Periapt"},{"floor":12,"key":"Oddly Smooth Stone"},{"floor":26,"key":"MawBank"},{"floor":27,"key":"Nunchaku"}],"event_choices":[{"damage_healed":0,"gold_gain":175,"player_choice":"AGREE","damage_taken":0,"max_hp_gain":0,"max_hp_loss":0,"event_name":"Liars Game","floor":5,"gold_loss":0,"cards_obtained":["Doubt"]},{"damage_healed":0,"gold_gain":0,"player_choice":"Got Potions","damage_taken":0,"max_hp_gain":0,"max_hp_loss":0,"event_name":"Lab","floor":8,"gold_loss":0},{"damage_healed":0,"gold_gain":0,"player_choice":"Ignored","damage_taken":0,"max_hp_gain":0,"max_hp_loss":0,"event_name":"NoteForYourself","floor":30,"gold_loss":0}],"is_beta":false,"boss_relics":[{"not_picked":["Coffee Dripper","Fusion Hammer"],"picked":"Cursed Key"}],"items_purged_floors":[10,24],"is_endless":false,"potions_floor_spawned":[6,12,16,18,19,21,23,28],"killed_by":"Automaton","ascension_level":0}