{"gold_per_floor":[119,130,146,163,338,338,372,372,372,386,405,355,365,365,365,461,461,475,475,77,87,87,87,87,119,146,71,87,114,114,35,35,140,140,160,170,183,183,201,226,226,244,314,339,339,239,251,251,251,251],"floor_reached":51,"playtime":2508,"items_purged":["Writhe","Doubt"],"score":1065,"play_id":"f2bef42c-dc3e-4991-9f81-0718e063e153","local_time":"20180821161616","is_ascension_mode":true,"campfire_choices":[{"data":"Uppercut","floor":6,"key":"SMITH"},{"data":"Bash","floor":15,"key":"SMITH"},{"floor":23,"key":"REST"},{"data":"Inflame","floor":30,"key":"SMITH"},{"floor":32,"key":"REST"},{"floor":49,"key":"REST"}],"neow_cost":"NONE","seed_source_timestamp":269718153033936,"circlet_count":0,"master_deck":["Strike_R","Defend_R","Defend_R","Defend_R","Bash+1","Dropkick","Uppercut+1","Cleave","Inflame+1","Shrug It Off","Impervious","Clothesline+1","Clash+1","Pommel Strike+1","Inflame","Whirlwind+1","Metallicize+1","Flame Barrier","Flame Barrier","Bludgeon+1","Clash+1","Shrug It Off","Barricade","Iron Wave+1","Ghostly Armor+1","Madness","Madness","Armaments+1","Pain","Entrench","Body Slam+1","Iron Wave+1"],"relics":["Burning Blood","Turnip","Paper Frog","Mummified Hand","Runic Dome","Molten Egg 2","Ice Cream","Ancient Tea Set","Dream Catcher","Charon\u0027s Ashes","Cursed Key","Torii","Matryoshka","Thread and Needle"],"potions_floor_usage":[7,16,16,25,29,33,42,48,50,50],"damage_taken":[{"damage":7,"enemies":"Jaw Worm","floor":1,"turns":3},{"damage":9,"enemies":"Small Slimes","floor":2,"turns":4},{"damage":0,"enemies":"2 Louse","floor":3,"turns":2},{"damage":4,"enemies":"Blue Slaver","floor":4,"turns":4},{"damage":15,"enemies":"Gremlin Nob","floor":7,"turns":4},{"damage":22,"enemies":"Exordium Wildlife","floor":10,"turns":6},{"damage":1,"enemies":"2 Fungi Beasts","floor":11,"turns":3},{"damage":11,"enemies":"Lots of Slimes","floor":13,"turns":3},{"damage":30,"enemies":"The Guardian","floor":16,"turns":9},{"damage":30,"enemies":"2 Thieves","floor":18,"turns":3},{"damage":9,"enemies":"Shell Parasite","floor":21,"turns":4},{"damage":48,"enemies":"Gremlin Leader","floor":25,"turns":5},{"damage":8,"enemies":"Snake Plant","floor":28,"turns":4},{"damage":27,"enemies":"Slavers","floor":29,"turns":6},{"damage":37,"enemies":"Champ","floor":33,"turns":12},{"damage":16,"enemies":"Orb Walker","floor":35,"turns":3},{"damage":22,"enemies":"3 Darklings","floor":36,"turns":3},{"damage":8,"enemies":"Flame Bruiser 2 Orb","floor":37,"turns":7},{"damage":8,"enemies":"Sphere and 2 Shapes","floor":39,"turns":6},{"damage":21,"enemies":"2 Orb Walkers","floor":40,"turns":5},{"damage":1,"enemies":"3 Darklings","floor":42,"turns":2},{"damage":9,"enemies":"Giant Head","floor":44,"turns":7},{"damage":7,"enemies":"Transient","floor":47,"turns":5},{"damage":0,"enemies":"2 Orb Walkers","floor":48,"turns":1},{"damage":16,"enemies":"Awakened One","floor":50,"turns":10}],"seed_played":"4094425304600060379","potions_obtained":[{"floor":1,"key":"AttackPotion"},{"floor":7,"key":"LiquidBronze"},{"floor":10,"key":"LiquidBronze"},{"floor":13,"key":"Weak Potion"},{"floor":18,"key":"BloodPotion"},{"floor":21,"key":"SkillPotion"},{"floor":29,"key":"SmokeBomb"},{"floor":40,"key":"AttackPotion"},{"floor":44,"key":"Swift Potion"},{"floor":47,"key":"Poison Potion"}],"is_trial":false,"path_per_floor":["M","M","M","M","?","R","E","T","T","M","M","?","M","?","R","B",null,"M","?","$","M","$","R","?","E","T","?","M","E","R","$","R","B",null,"M","M","M","?","M","E","?","M","T","E","?","$","M","E","R","B"],"character_chosen":"IRONCLAD","items_purchased":["Clash+1","Ice Cream","Flame Barrier"],"campfire_rested":3,"item_purchase_floors":[20,20,31],"current_hp_per_floor":[71,68,74,76,76,76,67,67,67,51,56,56,51,51,51,27,67,43,43,43,40,40,64,90,48,48,48,46,34,34,34,61,30,75,65,49,47,47,45,30,19,36,36,33,33,33,32,38,65,55],"gold":251,"neow_bonus":"TRANSFORM_CARD","is_prod":false,"is_daily":false,"chose_seed":false,"campfire_upgraded":3,"win_rate":0,"timestamp":1534893376,"path_taken":["M","M","M","M","?","R","E","?","T","M","M","?","M","?","R","BOSS","M","?","$","M","$","R","?","E","T","?","?","E","R","?","R","BOSS","M","M","M","?","?","E","?","M","T","E","?","$","?","E","R","BOSS"],"build_version":"2018-08-16","purchased_purges":2,"victory":true,"max_hp_per_floor":[80,80,80,80,80,80,80,80,80,80,80,80,80,80,80,80,80,80,80,80,80,80,80,90,90,90,90,90,90,90,90,90,90,90,90,90,90,90,90,90,90,90,90,90,90,90,90,90,90,90],"card_choices":[{"not_picked":["Combust","Anger","Hemokinesis"],"picked":"SKIP","floor":1},{"not_picked":["Perfected Strike","Heavy Blade"],"picked":"Uppercut","floor":2},{"not_picked":["Corruption","Perfected Strike","Thunderclap"],"picked":"SKIP","floor":3},{"not_picked":["Second Wind","Wild Strike","Flex"],"picked":"SKIP","floor":4},{"not_picked":["Feel No Pain","Limit Break"],"picked":"Cleave","floor":7},{"not_picked":["Shrug It Off","Clash"],"picked":"Inflame","floor":10},{"not_picked":["Warcry","Sword Boomerang","Reckless Charge"],"picked":"SKIP","floor":11},{"not_picked":["Flex","Seeing Red"],"picked":"Shrug It Off","floor":13},{"not_picked":["Fiend Fire","Demon Form"],"picked":"Impervious","floor":16},{"not_picked":["Sword Boomerang","Thunderclap+1"],"picked":"Clothesline+1","floor":18},{"not_picked":["Rupture","Warcry"],"picked":"Pommel Strike+1","floor":21},{"not_picked":["Seeing Red","Headbutt+1"],"picked":"Inflame","floor":25},{"not_picked":["Entrench","Twin Strike+1"],"picked":"Whirlwind+1","floor":28},{"not_picked":["Sword Boomerang+1","Feel No Pain"],"picked":"Metallicize+1","floor":29},{"not_picked":["Feel No Pain","Wild Strike+1"],"picked":"Flame Barrier","floor":32},{"not_picked":["Offering","Double Tap"],"picked":"Bludgeon+1","floor":33},{"not_picked":["Rupture","Anger+1"],"picked":"Clash+1","floor":35},{"not_picked":["Anger+1","Sword Boomerang+1"],"picked":"Shrug It Off","floor":36},{"not_picked":["Entrench","Feel No Pain"],"picked":"Barricade","floor":37},{"not_picked":["Inflame","Burning Pact"],"picked":"Iron Wave+1","floor":39},{"not_picked":["Clothesline+1","Sword Boomerang+1"],"picked":"Ghostly Armor+1","floor":40},{"not_picked":["Flame Barrier+1","Cleave+1"],"picked":"Armaments+1","floor":42},{"not_picked":["Sword Boomerang+1","Body Slam+1"],"picked":"Entrench","floor":44},{"not_picked":["Wild Strike+1","Anger+1"],"picked":"Body Slam+1","floor":47},{"not_picked":["Thunderclap+1","Clothesline+1"],"picked":"Iron Wave+1","floor":49}],"player_experience":124448,"relics_obtained":[{"floor":7,"key":"Turnip"},{"floor":8,"key":"Paper Frog"},{"floor":9,"key":"Mummified Hand"},{"floor":25,"key":"Ancient Tea Set"},{"floor":26,"key":"Dream Catcher"},{"floor":29,"key":"Charon\u0027s Ashes"},{"floor":40,"key":"Torii"},{"floor":43,"key":"Matryoshka"},{"floor":44,"key":"Thread and Needle"}],"event_choices":[{"event_name":"Liars Game","player_choice":"agreed","floor":5,"damage_taken":0},{"event_name":"The Cleric","player_choice":"Card Removal","floor":12,"damage_taken":0},{"event_name":"Transmorgrifier","player_choice":"Transform","floor":14,"damage_taken":0},{"event_name":"The Mausoleum","player_choice":"Yes","floor":19,"damage_taken":0},{"event_name":"Bonfire Elementals","player_choice":"RARE","floor":24,"damage_taken":0},{"event_name":"Beggar","player_choice":"Gave Gold","floor":27,"damage_taken":0},{"event_name":"Falling","player_choice":"Removed Skill","floor":38,"damage_taken":0},{"event_name":"Winding Halls","player_choice":"Embrace Madness","floor":41,"damage_taken":0},{"event_name":"Tomb of Lord Red Mask","player_choice":"Ignored","floor":45,"damage_taken":0}],"is_beta":false,"boss_relics":[{"not_picked":["White Beast Statue","Calling Bell"],"picked":"Runic Dome"},{"not_picked":["Runic Pyramid","Tiny House"],"picked":"Cursed Key"}],"items_purged_floors":[20,46],"is_endless":false,"potions_floor_spawned":[1,7,10,13,18,21,29,40,44,47],"ascension_level":7}