{"gold_per_floor":[117,117,127,127,144,144,144,160,160,160,189,110,121,131,131,230,230,247,247,42,42,60,60,95,148,148,148,167,167,90,100,100,204,204,223,242,242,91,91],"floor_reached":39,"playtime":2660,"items_purged":[],"score":424,"play_id":"8f555c74-a8c6-4994-b3c4-0df73cd4d83d","local_time":"20181210160359","is_ascension_mode":false,"campfire_choices":[{"data":"Cold Snap","floor":7,"key":"SMITH"},{"floor":10,"key":"REST"},{"floor":15,"key":"REST"},{"floor":23,"key":"REST"},{"floor":27,"key":"REST"},{"floor":29,"key":"REST"},{"floor":32,"key":"REST"}],"neow_cost":"PERCENT_DAMAGE","seed_source_timestamp":494247460230720,"circlet_count":0,"master_deck":["Strike_B","Strike_B","Strike_B","Defend_B","Defend_B","Defend_B","Defend_B","Zap","Dualcast","Barrage","Double Energy","Cold Snap+1","Lockon","Genetic Algorithm","BootSequence","Coolheaded","Streamline","Core Surge","Conserve Battery+1","Loop","Streamline","Compile Driver","Static Discharge+1","White Noise","Electrodynamics","Redo","Hyperbeam","Defragment+1","Glacier+1","Go for the Eyes"],"relics":["Cracked Core","Kunai","Ancient Tea Set","Boot","Black Star","Tiny Chest","Bag of Marbles","Bottled Flame","Orichalcum","WingedGreaves","Bag of Preparation"],"potions_floor_usage":[16,16,33,33],"damage_taken":[{"damage":4,"enemies":"2 Louse","floor":1,"turns":3},{"damage":0,"enemies":"Cultist","floor":3,"turns":3},{"damage":1,"enemies":"Small Slimes","floor":5,"turns":3},{"damage":7,"enemies":"Red Slaver","floor":8,"turns":3},{"damage":30,"enemies":"Gremlin Nob","floor":11,"turns":4},{"damage":13,"enemies":"Large Slime","floor":13,"turns":5},{"damage":22,"enemies":"Gremlin Gang","floor":14,"turns":5},{"damage":21,"enemies":"Slime Boss","floor":16,"turns":11},{"damage":16,"enemies":"Spheric Guardian","floor":18,"turns":4},{"damage":9,"enemies":"Shell Parasite","floor":22,"turns":6},{"damage":63,"enemies":"Slavers","floor":24,"turns":8},{"damage":8,"enemies":"Cultist and Chosen","floor":28,"turns":6},{"damage":7,"enemies":"Snecko","floor":31,"turns":5},{"damage":75,"enemies":"Champ","floor":33,"turns":12},{"damage":7,"enemies":"Orb Walker","floor":35,"turns":3},{"damage":72,"enemies":"3 Darklings","floor":36,"turns":6},{"damage":26,"enemies":"Jaw Worm Horde","floor":39,"turns":4}],"seed_played":"-505415009747021563","potions_obtained":[{"floor":1,"key":"FocusPotion"},{"floor":5,"key":"LiquidBronze"},{"floor":13,"key":"SpeedPotion"},{"floor":18,"key":"SmokeBomb"},{"floor":22,"key":"Weak Potion"},{"floor":31,"key":"LiquidBronze"},{"floor":35,"key":"FocusPotion"}],"is_trial":false,"path_per_floor":["M","?","M","?","M","?","R","M","T","R","E","$","M","M","R","B",null,"M","?","$","?","M","R","E","T","T","R","M","R","$","M","R","B",null,"M","M","?","$","M"],"character_chosen":"DEFECT","items_purchased":["BootSequence","Tiny Chest","Loop","Electrodynamics","Bag of Preparation"],"campfire_rested":6,"item_purchase_floors":[12,20,20,30,38],"current_hp_per_floor":[64,64,64,64,63,63,63,56,56,82,52,52,39,17,43,22,89,73,56,56,56,47,75,12,12,12,40,32,60,60,53,81,6,94,87,15,15,15,0],"gold":91,"neow_bonus":"TWENTY_PERCENT_HP_BONUS","is_prod":false,"is_daily":false,"chose_seed":false,"campfire_upgraded":1,"win_rate":0,"timestamp":1544486639,"path_taken":["M","?","M","?","?","?","R","M","T","R","E","$","M","M","R","BOSS","M","?","$","?","?","R","E","?","T","R","?","R","$","M","R","BOSS","M","M","?","?","M"],"build_version":"2018-12-06","purchased_purges":0,"victory":false,"max_hp_per_floor":[89,89,89,89,89,89,89,89,89,89,89,89,89,89,89,89,89,89,94,94,94,94,94,94,94,94,94,94,94,94,94,94,94,94,94,94,94,94,94],"card_choices":[{"not_picked":["Recycle","White Noise"],"picked":"Barrage","floor":1},{"not_picked":["Go for the Eyes","Reprogram"],"picked":"Double Energy","floor":3},{"not_picked":["Streamline","Steam"],"picked":"Cold Snap","floor":5},{"not_picked":["Aggregate","Barrage"],"picked":"Lockon","floor":8},{"not_picked":["Blizzard","Rip and Tear"],"picked":"Genetic Algorithm","floor":11},{"not_picked":["Streamline","Force Field"],"picked":"Coolheaded","floor":13},{"not_picked":["Double Energy","Rip and Tear"],"picked":"Streamline","floor":14},{"not_picked":["Fission","Amplify"],"picked":"Core Surge","floor":16},{"not_picked":["Auto Shields","Rebound"],"picked":"Conserve Battery+1","floor":18},{"not_picked":["Conserve Battery+1","Heatsinks"],"picked":"Compile Driver","floor":22},{"not_picked":["Cold Snap","Multi-Cast"],"picked":"Static Discharge+1","floor":24},{"not_picked":["Cold Snap","Hologram+1"],"picked":"White Noise","floor":28},{"not_picked":["Beam Cell","Gash"],"picked":"Redo","floor":31},{"not_picked":["Thunder Strike","Fission"],"picked":"Hyperbeam","floor":33},{"not_picked":["Barrage+1","Steam Power"],"picked":"Defragment+1","floor":35},{"not_picked":["Hologram+1","Streamline"],"picked":"Glacier+1","floor":36}],"player_experience":198916,"relics_obtained":[{"floor":9,"key":"Ancient Tea Set"},{"floor":11,"key":"Boot"},{"floor":24,"key":"Bag of Marbles"},{"floor":24,"key":"Bottled Flame"},{"floor":25,"key":"Orichalcum"},{"floor":26,"key":"WingedGreaves"}],"event_choices":[{"damage_healed":0,"gold_gain":0,"player_choice":"Ignored","damage_taken":0,"max_hp_gain":0,"max_hp_loss":0,"event_name":"Golden Wing","floor":2,"gold_loss":0},{"damage_healed":0,"gold_gain":0,"player_choice":"Gave Potion","damage_taken":0,"relics_obtained":["Kunai"],"max_hp_gain":0,"max_hp_loss":0,"event_name":"WeMeetAgain","floor":4,"gold_loss":0},{"damage_healed":0,"gold_gain":0,"player_choice":"Ignored","damage_taken":0,"max_hp_gain":0,"max_hp_loss":0,"event_name":"NoteForYourself","floor":6,"gold_loss":0},{"damage_healed":0,"gold_gain":0,"player_choice":"Shed Blood","damage_taken":22,"max_hp_gain":5,"max_hp_loss":0,"event_name":"Forgotten Altar","floor":19,"gold_loss":0},{"damage_healed":0,"gold_gain":0,"player_choice":"Copied","damage_taken":0,"max_hp_gain":0,"max_hp_loss":0,"event_name":"Duplicator","floor":21,"gold_loss":0,"cards_obtained":["Streamline"]},{"damage_healed":0,"gold_gain":0,"cards_transformed":["Strike_B"],"player_choice":"Transformed","damage_taken":0,"max_hp_gain":0,"max_hp_loss":0,"event_name":"Transmorgrifier","floor":37,"gold_loss":0,"cards_obtained":["Go for the Eyes"]}],"is_beta":false,"boss_relics":[{"not_picked":["Empty Cage","Ectoplasm"],"picked":"Black Star"},{"not_picked":["Cursed Key","Snecko Eye","Philosopher\u0027s Stone"]}],"items_purged_floors":[],"is_endless":false,"potions_floor_spawned":[1,5,13,18,22,31,35],"killed_by":"Jaw Worm Horde","ascension_level":0}