{"gold_per_floor":[111,111,122,47,57,57,91,91,91,125,125],"floor_reached":11,"playtime":378,"items_purged":["Strike_R"],"score":150,"play_id":"d77ebfe9-6502-46ac-8561-b8bdc79adf2e","local_time":"20190501134117","is_ascension_mode":true,"campfire_choices":[{"data":"Inflame","floor":6,"key":"SMITH"},{"data":"Bash","floor":8,"key":"SMITH"}],"neow_cost":"TEN_PERCENT_HP_LOSS","seed_source_timestamp":42661914560939,"circlet_count":0,"master_deck":["AscendersBane","Strike_R","Strike_R","Strike_R","Strike_R","Defend_R+1","Defend_R","Defend_R+1","Defend_R","Bash+1","Dark Embrace","Flame Barrier","Inflame+1","Shrug It Off","Offering","Havoc"],"relics":["Burning Blood","FaceOfCleric","Ornamental Fan","Matryoshka","War Paint"],"potions_floor_usage":[7],"damage_taken":[{"damage":7,"enemies":"Cultist","floor":1,"turns":4},{"damage":4,"enemies":"Jaw Worm","floor":3,"turns":6},{"damage":6,"enemies":"Small Slimes","floor":5,"turns":6},{"damage":34,"enemies":"Gremlin Nob","floor":7,"turns":5},{"damage":40,"enemies":"Lagavulin","floor":10,"turns":9},{"damage":12,"enemies":"Red Slaver","floor":11,"turns":3}],"seed_played":"8575793517119103446","potions_obtained":[{"floor":1,"key":"SteroidPotion"}],"is_trial":false,"path_per_floor":["M","?","M","$","M","R","E","R","T","E","M"],"character_chosen":"IRONCLAD","items_purchased":[],"campfire_rested":0,"item_purchase_floors":[],"current_hp_per_floor":[67,67,69,69,70,70,43,43,43,10,0],"gold":125,"neow_bonus":"THREE_RARE_CARDS","is_prod":false,"is_daily":false,"chose_seed":false,"campfire_upgraded":2,"win_rate":0,"timestamp":1556743277,"path_taken":["M","?","?","?","?","R","E","R","T","E","M"],"build_version":"2019-01-23","purchased_purges":1,"victory":false,"max_hp_per_floor":[68,68,69,69,70,70,71,71,71,72,72],"card_choices":[{"not_picked":["Exhume","Bludgeon"],"picked":"Dark Embrace","floor":0},{"not_picked":["Anger","Armaments"],"picked":"Flame Barrier","floor":1},{"not_picked":["Wild Strike","Heavy Blade"],"picked":"Inflame","floor":3},{"not_picked":["Spot Weakness","Ghostly Armor"],"picked":"Shrug It Off","floor":5},{"not_picked":["Iron Wave","Ghostly Armor"],"picked":"Offering","floor":7},{"not_picked":["Flex","Ghostly Armor"],"picked":"Havoc","floor":10}],"player_experience":522019,"relics_obtained":[{"floor":7,"key":"Ornamental Fan"},{"floor":9,"key":"Matryoshka"},{"floor":10,"key":"War Paint"}],"event_choices":[{"damage_healed":0,"gold_gain":0,"player_choice":"Trade","damage_taken":0,"relics_obtained":["FaceOfCleric"],"max_hp_gain":0,"max_hp_loss":0,"event_name":"FaceTrader","floor":2,"gold_loss":0}],"is_beta":false,"boss_relics":[],"items_purged_floors":[4],"is_endless":false,"potions_floor_spawned":[1],"killed_by":"Red Slaver","ascension_level":17}