{"gold_per_floor":[118,132,145,164,180,180,197,230,230],"floor_reached":9,"playtime":264,"items_purged":[],"score":77,"play_id":"dbe8cfef-597e-4d35-ac87-24552694d3b7","local_time":"20190422125059","is_ascension_mode":true,"campfire_choices":[{"data":"Conserve Battery","floor":6,"key":"SMITH"}],"neow_cost":"NONE","seed_source_timestamp":1089074730534400,"circlet_count":0,"master_deck":["Strike_B","Strike_B","Strike_B","Strike_B","Defend_B","Defend_B","Defend_B","Defend_B","Zap","Dualcast","Coolheaded","Consume","Auto Shields","Conserve Battery+1","Gash","Scrape","BootSequence"],"relics":["Cracked Core","NeowsBlessing","Art of War","Gambling Chip"],"potions_floor_usage":[8,8],"damage_taken":[{"damage":0,"enemies":"2 Louse","floor":1,"turns":1},{"damage":0,"enemies":"Jaw Worm","floor":2,"turns":1},{"damage":0,"enemies":"Cultist","floor":3,"turns":1},{"damage":29,"enemies":"Large Slime","floor":4,"turns":8},{"damage":10,"enemies":"Looter","floor":5,"turns":3},{"damage":15,"enemies":"3 Louse","floor":7,"turns":4},{"damage":28,"enemies":"Gremlin Nob","floor":8,"turns":4}],"seed_played":"7566074436128797783","potions_obtained":[{"floor":2,"key":"SkillPotion"},{"floor":4,"key":"Regen Potion"},{"floor":8,"key":"Poison Potion"}],"is_trial":false,"path_per_floor":["M","M","M","M","M","R","M","E","T"],"character_chosen":"DEFECT","items_purchased":[],"campfire_rested":0,"item_purchase_floors":[],"current_hp_per_floor":[75,75,75,46,36,36,21,2,2],"gold":230,"neow_bonus":"THREE_ENEMY_KILL","is_prod":false,"is_daily":false,"chose_seed":false,"campfire_upgraded":1,"win_rate":0,"timestamp":1555930259,"path_taken":["M","M","M","M","M","R","M","E","T"],"build_version":"2019-01-23","purchased_purges":0,"victory":false,"max_hp_per_floor":[75,75,75,75,75,75,75,75,75],"card_choices":[{"not_picked":["Hello World","Beam Cell"],"picked":"Coolheaded","floor":1},{"not_picked":["Compile Driver","Melter"],"picked":"Consume","floor":2},{"not_picked":["Ball Lightning","Streamline"],"picked":"Auto Shields","floor":3},{"not_picked":["Go for the Eyes","Ball Lightning"],"picked":"Conserve Battery","floor":4},{"not_picked":["Compile Driver","Sweeping Beam"],"picked":"Gash","floor":5},{"not_picked":["Lockon","Fusion"],"picked":"Scrape","floor":7},{"not_picked":["Barrage","Redo"],"picked":"BootSequence","floor":8}],"player_experience":573407,"relics_obtained":[{"floor":8,"key":"Art of War"},{"floor":9,"key":"Gambling Chip"}],"event_choices":[],"is_beta":false,"boss_relics":[],"items_purged_floors":[],"is_endless":false,"potions_floor_spawned":[2,4,8],"ascension_level":3}