{"gold_per_floor":[10,27,43,43,55,55,55,55,55,55,86,102,102,128,128,233,233,252,270,21,0,14,14,14,32,32,43,61,61,78,88,88,88],"floor_reached":33,"playtime":1919,"items_purged":[],"score":261,"play_id":"64451c55-b0f8-4ae1-93ba-cf963c7cc42a","local_time":"20190201175754","is_ascension_mode":false,"campfire_choices":[{"data":"Seeing Red","floor":6,"key":"SMITH"},{"data":"Inflame","floor":8,"key":"SMITH"},{"data":"Clash","floor":13,"key":"SMITH"},{"data":"Bash","floor":15,"key":"SMITH"},{"data":"Berserk","floor":23,"key":"SMITH"},{"data":"Dual Wield","floor":29,"key":"SMITH"},{"floor":32,"key":"REST"}],"neow_cost":"NO_GOLD","seed_source_timestamp":1977152237476459,"circlet_count":0,"master_deck":["Strike_R+1","Strike_R+1","Defend_R+1","Defend_R+1","Defend_R+1","Defend_R+1","Bash+1","Inflame+1","Seeing Red+1","Thunderclap+1","Clash+1","Berserk+1","Flame Barrier","Dual Wield+1","Clash+1","Shrug It Off","Intimidate+1"],"relics":["Burning Blood","Whetstone","Gremlin Horn","Red Skull","Philosopher\u0027s Stone","Bottled Tornado","Sundial"],"potions_floor_usage":[14,27,28,31,33,33],"damage_taken":[{"damage":2,"enemies":"Small Slimes","floor":1,"turns":3},{"damage":1,"enemies":"Jaw Worm","floor":2,"turns":4},{"damage":1,"enemies":"2 Louse","floor":3,"turns":2},{"damage":0,"enemies":"Large Slime","floor":5,"turns":5},{"damage":20,"enemies":"3 Sentries","floor":11,"turns":7},{"damage":10,"enemies":"Looter","floor":12,"turns":3},{"damage":8,"enemies":"Lagavulin","floor":14,"turns":4},{"damage":28,"enemies":"Slime Boss","floor":16,"turns":10},{"damage":8,"enemies":"Chosen","floor":18,"turns":3},{"damage":21,"enemies":"Shell Parasite","floor":19,"turns":4},{"damage":40,"enemies":"Shelled Parasite and Fungi","floor":22,"turns":5},{"damage":28,"enemies":"Snake Plant","floor":25,"turns":3},{"damage":0,"enemies":"Snecko","floor":27,"turns":3},{"damage":12,"enemies":"Centurion and Healer","floor":28,"turns":3},{"damage":8,"enemies":"Snake Plant","floor":30,"turns":2},{"damage":23,"enemies":"Sentry and Sphere","floor":31,"turns":5},{"damage":43,"enemies":"Collector","floor":33,"turns":6}],"seed_played":"1164928399229421362","potions_obtained":[{"floor":3,"key":"Poison Potion"},{"floor":5,"key":"BloodPotion"},{"floor":16,"key":"Poison Potion"},{"floor":19,"key":"Energy Potion"},{"floor":25,"key":"Regen Potion"},{"floor":27,"key":"PowerPotion"},{"floor":28,"key":"AttackPotion"}],"is_trial":false,"path_per_floor":["M","M","M","?","M","R","?","R","T","?","E","M","R","E","R","B",null,"M","M","$","?","M","R","?","M","T","M","M","R","M","M","R","B"],"character_chosen":"IRONCLAD","items_purchased":["Bottled Tornado"],"campfire_rested":1,"item_purchase_floors":[20],"current_hp_per_floor":[80,80,80,80,80,80,85,85,85,78,64,60,60,58,58,36,85,83,68,68,68,34,34,34,12,12,26,29,29,27,10,35,0],"gold":88,"neow_bonus":"TRANSFORM_TWO_CARDS","is_prod":false,"is_daily":false,"chose_seed":false,"campfire_upgraded":6,"win_rate":0,"timestamp":1549072674,"path_taken":["M","M","M","?","M","R","?","R","T","?","E","M","R","E","R","BOSS","M","M","$","?","M","R","?","M","T","M","M","R","M","M","R","BOSS"],"build_version":"2019-01-23","purchased_purges":0,"victory":false,"max_hp_per_floor":[80,80,80,80,80,80,85,85,85,85,85,85,85,85,85,85,85,85,85,85,85,85,85,85,85,85,85,85,85,85,85,85,85],"card_choices":[{"not_picked":["Whirlwind","Seeing Red"],"picked":"Thunderclap","floor":1},{"not_picked":["Pommel Strike","Anger","Sword Boomerang"],"picked":"SKIP","floor":2},{"not_picked":["Flex","Warcry","Corruption"],"picked":"SKIP","floor":3},{"not_picked":["Entrench","Dual Wield","Shrug It Off"],"picked":"SKIP","floor":5},{"not_picked":["Heavy Blade","Metallicize"],"picked":"Clash","floor":11},{"not_picked":["Heavy Blade","Iron Wave","Blood for Blood"],"picked":"SKIP","floor":12},{"not_picked":["Flex","Brutality","Metallicize"],"picked":"SKIP","floor":14},{"not_picked":["Dark Embrace","Offering"],"picked":"Berserk","floor":16},{"not_picked":["Cleave","Clothesline+1","Disarm"],"picked":"SKIP","floor":18},{"not_picked":["Sever Soul","Combust+1"],"picked":"Flame Barrier","floor":19},{"not_picked":["Feel No Pain","Heavy Blade+1"],"picked":"Dual Wield","floor":22},{"not_picked":["Rage","Twin Strike+1"],"picked":"Clash+1","floor":25},{"not_picked":["Shockwave","Pummel","Metallicize"],"picked":"SKIP","floor":27},{"not_picked":["Second Wind","Twin Strike+1"],"picked":"Shrug It Off","floor":28},{"not_picked":["Whirlwind","Sword Boomerang"],"picked":"Intimidate+1","floor":30},{"not_picked":["Carnage","Havoc","Body Slam+1"],"picked":"SKIP","floor":31}],"player_experience":393699,"relics_obtained":[{"floor":9,"key":"Whetstone"},{"floor":11,"key":"Gremlin Horn"},{"floor":14,"key":"Red Skull"},{"floor":26,"key":"Sundial"}],"event_choices":[{"damage_healed":0,"gold_gain":0,"player_choice":"Leave","damage_taken":0,"max_hp_gain":0,"max_hp_loss":0,"event_name":"The Cleric","floor":4,"gold_loss":0},{"damage_healed":0,"gold_gain":0,"player_choice":"Donut","damage_taken":0,"max_hp_gain":5,"max_hp_loss":0,"event_name":"Big Fish","floor":7,"gold_loss":0},{"cards_removed":["Strike_R"],"damage_healed":0,"gold_gain":0,"player_choice":"Card Removal","damage_taken":7,"max_hp_gain":0,"max_hp_loss":0,"event_name":"Golden Wing","floor":10,"gold_loss":0},{"damage_healed":0,"gold_gain":0,"player_choice":"Paid Fearfully","damage_taken":0,"max_hp_gain":0,"max_hp_loss":0,"event_name":"Masked Bandits","floor":21,"gold_loss":21},{"damage_healed":0,"gold_gain":0,"player_choice":"Simplicity","damage_taken":0,"max_hp_gain":0,"max_hp_loss":0,"event_name":"Back to Basics","floor":24,"gold_loss":0,"cards_upgraded":["Strike_R","Defend_R","Defend_R","Defend_R","Defend_R"]}],"is_beta":false,"boss_relics":[{"not_picked":["Black Blood","White Beast Statue"],"picked":"Philosopher\u0027s Stone"}],"items_purged_floors":[],"is_endless":false,"potions_floor_spawned":[3,5,16,19,25,27,28],"killed_by":"Collector","ascension_level":0}