{"gold_per_floor":[109,121,132,151,169,203,203,231,254,254,254,270,296,307,307,307],"floor_reached":16,"playtime":484,"items_purged":[],"score":223,"play_id":"e44f3660-c2f3-4c57-928f-6015151c0195","local_time":"20190506114656","is_ascension_mode":true,"campfire_choices":[{"floor":7,"key":"REST"},{"floor":10,"key":"REST"},{"floor":15,"key":"REST"}],"neow_cost":"NONE","seed_source_timestamp":561122980778900,"circlet_count":0,"master_deck":["AscendersBane","Strike_R","Strike_R","Strike_R","Strike_R","Strike_R","Defend_R","Defend_R","Defend_R","Defend_R","Bash","Dramatic Entrance","Seeing Red","Pommel Strike","Headbutt","Shrug It Off","Bludgeon","Disarm","Impervious","Ghostly Armor","Shrug It Off"],"relics":["Burning Blood","WingedGreaves","Letter Opener","Lantern","Blood Vial"],"potions_floor_usage":[8,8,14],"damage_taken":[{"damage":6,"enemies":"Cultist","floor":1,"turns":4},{"damage":12,"enemies":"Small Slimes","floor":2,"turns":2},{"damage":4,"enemies":"2 Louse","floor":3,"turns":2},{"damage":12,"enemies":"Exordium Wildlife","floor":4,"turns":3},{"damage":12,"enemies":"Exordium Thugs","floor":5,"turns":5},{"damage":50,"enemies":"3 Sentries","floor":6,"turns":8},{"damage":24,"enemies":"Gremlin Nob","floor":8,"turns":4},{"damage":9,"enemies":"2 Fungi Beasts","floor":12,"turns":2},{"damage":24,"enemies":"3 Sentries","floor":13,"turns":9},{"damage":0,"enemies":"Red Slaver","floor":14,"turns":4},{"damage":54,"enemies":"Slime Boss","floor":16,"turns":9}],"seed_played":"623550857285762743","potions_obtained":[{"floor":1,"key":"SteroidPotion"},{"floor":3,"key":"Weak Potion"},{"floor":8,"key":"Fire Potion"}],"is_trial":false,"path_per_floor":["M","M","M","M","M","E","R","E","T","R","$","M","E","M","R","B"],"character_chosen":"IRONCLAD","items_purchased":[],"campfire_rested":3,"item_purchase_floors":[],"current_hp_per_floor":[68,62,64,58,52,8,30,12,12,34,34,31,13,21,43,0],"gold":307,"neow_bonus":"RANDOM_COLORLESS","is_prod":false,"is_daily":false,"chose_seed":false,"campfire_upgraded":0,"win_rate":0,"timestamp":1557136016,"path_taken":["M","M","M","?","M","E","R","E","T","R","$","M","E","M","R","BOSS"],"build_version":"2019-01-23","purchased_purges":0,"victory":false,"max_hp_per_floor":[75,75,75,75,75,75,75,75,75,75,75,75,75,75,75,75],"card_choices":[{"not_picked":["Fire Breathing","Perfected Strike"],"picked":"Seeing Red","floor":1},{"not_picked":["Flex","Twin Strike"],"picked":"Pommel Strike","floor":2},{"not_picked":["Reckless Charge","Iron Wave"],"picked":"Headbutt","floor":3},{"not_picked":["Pommel Strike","Evolve"],"picked":"Shrug It Off","floor":4},{"not_picked":["Cleave","Warcry"],"picked":"Bludgeon","floor":5},{"not_picked":["Shrug It Off","Second Wind"],"picked":"Disarm","floor":6},{"not_picked":["Entrench","Anger"],"picked":"Impervious","floor":8},{"not_picked":["Iron Wave","Pummel"],"picked":"Ghostly Armor","floor":12},{"not_picked":["Cleave","Havoc"],"picked":"Shrug It Off","floor":13},{"not_picked":["Pommel Strike","Cleave","Second Wind"],"picked":"SKIP","floor":14}],"player_experience":1138302,"relics_obtained":[{"floor":6,"key":"WingedGreaves"},{"floor":8,"key":"Letter Opener"},{"floor":9,"key":"Lantern"},{"floor":13,"key":"Blood Vial"}],"event_choices":[],"is_beta":false,"boss_relics":[],"items_purged_floors":[],"is_endless":false,"potions_floor_spawned":[1,3,5,8],"killed_by":"Slime Boss","ascension_level":16}