{"gold_per_floor":[110,37,48,60,60,60,77,77,77,95,123,47,122,122,122],"floor_reached":15,"playtime":287,"items_purged":[],"score":109,"play_id":"4671ba74-d3b8-44f4-b3f2-3dffa17c39a3","local_time":"20190411212642","is_ascension_mode":true,"campfire_choices":[{"data":"Consume","floor":6,"key":"SMITH"},{"data":"Loop","floor":8,"key":"SMITH"},{"data":"Buffer","floor":15,"key":"SMITH"}],"neow_cost":"NONE","seed_source_timestamp":184183432803343,"circlet_count":0,"master_deck":["Strike_B","Strike_B","Strike_B","Strike_B","Defend_B","Defend_B","Defend_B","Defend_B","Zap","Dualcast","Loop+1","Consume+1","Rebound","Darkness","Undo","Loop","Buffer+1","White Noise"],"relics":["Cracked Core","NeowsBlessing","Mummified Hand","Orichalcum","Ancient Tea Set","Kunai"],"potions_floor_usage":[10,11],"damage_taken":[{"damage":0,"enemies":"2 Louse","floor":1,"turns":1},{"damage":0,"enemies":"Jaw Worm","floor":3,"turns":1},{"damage":0,"enemies":"Cultist","floor":4,"turns":1},{"damage":8,"enemies":"Blue Slaver","floor":7,"turns":2},{"damage":0,"enemies":"Exordium Thugs","floor":10,"turns":3},{"damage":31,"enemies":"3 Sentries","floor":11,"turns":8}],"seed_played":"2854163009320510924","potions_obtained":[{"floor":1,"key":"SteroidPotion"},{"floor":7,"key":"PowerPotion"},{"floor":10,"key":"Swift Potion"}],"is_trial":false,"path_per_floor":["M","$","M","M","?","R","M","R","T","M","E","$","?","T","R"],"character_chosen":"DEFECT","items_purchased":["Consume","White Noise"],"campfire_rested":0,"item_purchase_floors":[2,12],"current_hp_per_floor":[75,75,75,75,68,68,60,60,60,60,29,29,18,18,18],"gold":122,"neow_bonus":"THREE_ENEMY_KILL","is_prod":false,"is_daily":false,"chose_seed":false,"campfire_upgraded":3,"win_rate":0,"timestamp":1555043202,"path_taken":["M","$","M","M","?","R","M","R","T","M","E","$","?","?","R"],"build_version":"2019-01-23","purchased_purges":0,"victory":false,"max_hp_per_floor":[75,75,75,75,75,75,75,75,75,75,75,75,75,75,75],"card_choices":[{"not_picked":["Sunder","Reinforced Body"],"picked":"Loop","floor":1},{"not_picked":["Turbo","Sunder"],"picked":"Rebound","floor":3},{"not_picked":["Streamline","Gash"],"picked":"Darkness","floor":4},{"not_picked":["Hologram","Gash"],"picked":"Undo","floor":7},{"not_picked":["Cold Snap","Leap"],"picked":"Loop","floor":10},{"not_picked":["Static Discharge","Chill"],"picked":"Buffer","floor":11}],"player_experience":420358,"relics_obtained":[{"floor":9,"key":"Orichalcum"},{"floor":11,"key":"Ancient Tea Set"},{"floor":14,"key":"Kunai"}],"event_choices":[{"damage_healed":0,"gold_gain":0,"player_choice":"Success","damage_taken":7,"relics_obtained":["Mummified Hand"],"max_hp_gain":0,"max_hp_loss":0,"event_name":"Scrap Ooze","floor":5,"gold_loss":0},{"damage_healed":0,"gold_gain":75,"player_choice":"Gather Gold","damage_taken":11,"max_hp_gain":0,"max_hp_loss":0,"event_name":"World of Goop","floor":13,"gold_loss":0}],"is_beta":false,"boss_relics":[],"items_purged_floors":[],"is_endless":false,"potions_floor_spawned":[1,7,10],"ascension_level":3}