{"gold_per_floor":[115,95,112,23,41,41,73,84,84,113,113,129,179,196,196,196],"floor_reached":16,"playtime":842,"items_purged":[],"score":224,"play_id":"c0b98e00-1769-4b16-991e-9e9952d2f4d7","local_time":"20190430183805","is_ascension_mode":true,"campfire_choices":[{"data":"Crippling Poison","floor":6,"key":"SMITH"},{"floor":11,"key":"REST"},{"data":"Cloak And Dagger","floor":15,"key":"SMITH"}],"neow_cost":"NONE","seed_source_timestamp":3271191903978928,"circlet_count":0,"master_deck":["AscendersBane","Defend_G","Defend_G","Defend_G","Defend_G","Defend_G","Strike_G","Strike_G","Strike_G","Strike_G","Strike_G","Survivor","Neutralize","Footwork","Caltrops","Crippling Poison+1","Cloak And Dagger+1","Backstab"],"relics":["Ring of the Snake","NeowsBlessing","Mango","Dead Branch","Bottled Tornado"],"potions_floor_usage":[7,7,10],"damage_taken":[{"damage":0,"enemies":"Cultist","floor":1,"turns":1},{"damage":0,"enemies":"2 Louse","floor":3,"turns":1},{"damage":0,"enemies":"Small Slimes","floor":5,"turns":1},{"damage":26,"enemies":"3 Sentries","floor":7,"turns":10},{"damage":7,"enemies":"2 Fungi Beasts","floor":8,"turns":4},{"damage":38,"enemies":"Lagavulin","floor":10,"turns":9},{"damage":0,"enemies":"Looter","floor":12,"turns":4},{"damage":3,"enemies":"Exordium Wildlife","floor":14,"turns":8},{"damage":23,"enemies":"Hexaghost","floor":16,"turns":12}],"seed_played":"23575409697870076","potions_obtained":[{"floor":2,"key":"FearPotion"},{"floor":3,"key":"Ancient Potion"},{"floor":5,"key":"Explosive Potion"},{"floor":8,"key":"GamblersBrew"}],"is_trial":false,"path_per_floor":["M","?","M","$","M","R","E","M","T","E","R","M","?","M","R","B"],"character_chosen":"THE_SILENT","items_purchased":["Caltrops"],"campfire_rested":1,"item_purchase_floors":[4],"current_hp_per_floor":[59,59,59,59,59,59,47,40,40,2,26,26,26,23,23,0],"gold":196,"neow_bonus":"THREE_ENEMY_KILL","is_prod":false,"is_daily":false,"chose_seed":false,"campfire_upgraded":2,"win_rate":0,"timestamp":1556645885,"path_taken":["M","?","M","$","?","R","E","M","T","E","R","M","?","?","R","BOSS"],"build_version":"2019-01-23","purchased_purges":0,"victory":false,"max_hp_per_floor":[66,66,66,66,66,66,80,80,80,80,80,80,80,80,80,80],"card_choices":[{"not_picked":["Slice","Choke"],"picked":"Footwork","floor":1},{"not_picked":["Masterful Stab","Blade Dance","Cloak And Dagger"],"picked":"SKIP","floor":3},{"not_picked":["Underhanded Strike","Bane"],"picked":"Crippling Poison","floor":5},{"not_picked":["Reflex","Quick Slash","Sucker Punch"],"picked":"SKIP","floor":7},{"not_picked":["Blade Dance","Acrobatics","Eviscerate"],"picked":"SKIP","floor":8},{"not_picked":["Escape Plan","Bane","Flying Knee"],"picked":"SKIP","floor":10},{"not_picked":["All Out Attack","Dagger Throw"],"picked":"Cloak And Dagger","floor":12},{"not_picked":["Caltrops","Flying Knee"],"picked":"Backstab","floor":14}],"player_experience":266571,"relics_obtained":[{"floor":7,"key":"Mango"},{"floor":9,"key":"Dead Branch"},{"floor":10,"key":"Bottled Tornado"}],"event_choices":[{"damage_healed":0,"gold_gain":0,"player_choice":"Bought 1 Potion","damage_taken":0,"max_hp_gain":0,"max_hp_loss":0,"event_name":"The Woman in Blue","floor":2,"gold_loss":0},{"damage_healed":0,"gold_gain":50,"player_choice":"Pray","damage_taken":0,"max_hp_gain":0,"max_hp_loss":0,"event_name":"Golden Shrine","floor":13,"gold_loss":0}],"is_beta":false,"boss_relics":[],"items_purged_floors":[],"is_endless":false,"potions_floor_spawned":[3,5,8],"killed_by":"Hexaghost","ascension_level":20}