{"gold_per_floor":[114,134,309,384,123,123,150,150,150,160,171,202,202,220,220,317,317,336,336,28,0,20,53,53,64,111,122,122,37,37],"floor_reached":30,"playtime":3174,"items_purged":["Doubt"],"score":258,"play_id":"a074902c-4c50-472f-bdf7-914847819220","local_time":"20190304213731","is_ascension_mode":false,"campfire_choices":[{"data":"Armaments","floor":6,"key":"SMITH"},{"floor":8,"key":"REST"},{"data":"Pommel Strike","floor":15,"key":"SMITH"},{"floor":24,"key":"REST"},{"floor":28,"key":"REST"}],"neow_cost":"","seed_source_timestamp":41308186584721,"circlet_count":0,"master_deck":["Strike_R","Strike_R","Strike_R","Strike_R","Strike_R","Defend_R","Defend_R","Defend_R","Defend_R+1","Bash","Armaments+1","Burning Pact+1","Whirlwind","Dropkick","Shrug It Off","Twin Strike","Pommel Strike+1","Blood for Blood","Feed","Ghostly Armor","Armaments+1","Iron Wave","True Grit+1","True Grit+1"],"relics":["Burning Blood","War Paint","Peace Pipe","Magic Flower","Ornamental Fan","Runic Cube","Thread and Needle","Bottled Flame","Vajra","Frozen Egg 2"],"potions_floor_usage":[16,23,23,30],"damage_taken":[{"damage":4,"enemies":"Small Slimes","floor":1,"turns":5},{"damage":3,"enemies":"Jaw Worm","floor":2,"turns":3},{"damage":31,"enemies":"Lagavulin","floor":7,"turns":9},{"damage":0,"enemies":"Cultist","floor":10,"turns":4},{"damage":4,"enemies":"Looter","floor":11,"turns":4},{"damage":32,"enemies":"Gremlin Nob","floor":12,"turns":5},{"damage":0,"enemies":"3 Louse","floor":14,"turns":1},{"damage":54,"enemies":"The Guardian","floor":16,"turns":13},{"damage":27,"enemies":"Shell Parasite","floor":18,"turns":10},{"damage":3,"enemies":"2 Thieves","floor":21,"turns":4},{"damage":34,"enemies":"Snake Plant","floor":22,"turns":6},{"damage":40,"enemies":"Slavers","floor":23,"turns":10},{"damage":45,"enemies":"3 Cultists","floor":25,"turns":8},{"damage":9,"enemies":"Snecko","floor":27,"turns":7},{"damage":52,"enemies":"Gremlin Leader","floor":30,"turns":6}],"seed_played":"-9098154380435972858","potions_obtained":[{"floor":7,"key":"BloodPotion"},{"floor":10,"key":"SteroidPotion"},{"floor":16,"key":"EssenceOfSteel"},{"floor":22,"key":"GamblersBrew"},{"floor":25,"key":"Weak Potion"}],"is_trial":false,"path_per_floor":["M","M","?","?","$","R","E","R","T","M","M","E","?","M","R","B",null,"M","?","$","M","M","E","R","M","T","M","R","?","E"],"character_chosen":"IRONCLAD","items_purchased":["War Paint","Whirlwind","Thread and Needle"],"campfire_rested":3,"item_purchase_floors":[5,5,20],"current_hp_per_floor":[80,80,80,72,72,72,47,71,71,80,80,57,57,66,66,21,80,62,62,62,68,49,30,55,19,19,19,44,44,0],"gold":37,"neow_bonus":"","is_prod":false,"is_daily":false,"chose_seed":false,"campfire_upgraded":2,"win_rate":0.0,"timestamp":1551703051,"path_taken":["M","M","?","?","$","R","E","R","T","?","M","E","?","M","R","BOSS","M","?","$","M","M","E","R","M","T","M","R","?","E"],"build_version":"2019-01-23","purchased_purges":1,"victory":false,"max_hp_per_floor":[80,80,80,80,80,80,80,80,80,80,80,80,80,80,80,80,80,80,80,80,80,84,84,84,84,84,84,84,84,84],"card_choices":[{"not_picked":["Warcry","Sword Boomerang"],"picked":"Armaments","floor":1},{"not_picked":["Power Through","Iron Wave"],"picked":"Burning Pact","floor":2},{"not_picked":["Clash","Feel No Pain"],"picked":"Dropkick","floor":7},{"not_picked":["Dropkick","Armaments"],"picked":"Shrug It Off","floor":10},{"not_picked":["Clash","Warcry"],"picked":"Twin Strike","floor":11},{"not_picked":["Sword Boomerang","Fiend Fire"],"picked":"Pommel Strike","floor":12},{"not_picked":["Body Slam","Rupture"],"picked":"Blood for Blood","floor":14},{"not_picked":["Bludgeon","Berserk"],"picked":"Feed","floor":16},{"not_picked":["Iron Wave","True Grit","Clothesline"],"picked":"SKIP","floor":18},{"not_picked":["Anger","Second Wind"],"picked":"Ghostly Armor","floor":21},{"not_picked":["Iron Wave","Bloodletting"],"picked":"Armaments+1","floor":22},{"not_picked":["Whirlwind","Combust"],"picked":"Iron Wave","floor":23},{"not_picked":["Clash+1","Body Slam"],"picked":"True Grit+1","floor":25},{"not_picked":["Warcry","Iron Wave"],"picked":"True Grit+1","floor":27}],"player_experience":0,"relics_obtained":[{"floor":7,"key":"Peace Pipe"},{"floor":9,"key":"Magic Flower"},{"floor":12,"key":"Ornamental Fan"},{"floor":23,"key":"Bottled Flame"},{"floor":26,"key":"Vajra"}],"event_choices":[{"damage_healed":0,"gold_gain":175,"player_choice":"AGREE","damage_taken":0,"max_hp_gain":0,"max_hp_loss":0,"event_name":"Liars Game","floor":3,"gold_loss":0,"cards_obtained":["Doubt"]},{"damage_healed":0,"gold_gain":75,"player_choice":"Touch","damage_taken":8,"max_hp_gain":0,"max_hp_loss":0,"event_name":"FaceTrader","floor":4,"gold_loss":0},{"damage_healed":0,"gold_gain":0,"player_choice":"Ignored","damage_taken":0,"max_hp_gain":0,"max_hp_loss":0,"event_name":"Golden Wing","floor":13,"gold_loss":0},{"damage_healed":0,"gold_gain":0,"player_choice":"Ignored","damage_taken":0,"max_hp_gain":0,"max_hp_loss":0,"event_name":"Vampires","floor":19,"gold_loss":0},{"damage_healed":0,"gold_gain":0,"player_choice":"Obtained Relic","damage_taken":0,"relics_obtained":["Frozen Egg 2"],"max_hp_gain":0,"max_hp_loss":0,"event_name":"Addict","floor":29,"gold_loss":85}],"is_beta":false,"boss_relics":[{"not_picked":["Black Blood","Ectoplasm"],"picked":"Runic Cube"}],"items_purged_floors":[5],"is_endless":false,"potions_floor_spawned":[7,10,16,22,25],"killed_by":"Gremlin Leader","ascension_level":0}