{"gold_per_floor":[112,112,132,150,162,162,194,214,214,543,561,561,592,592,592,592],"floor_reached":16,"playtime":764,"items_purged":[],"score":189,"play_id":"24c2f766-4783-4090-bed6-8fe7d49b838b","local_time":"20190430074919","is_ascension_mode":true,"campfire_choices":[{"data":"Bash","floor":6,"key":"SMITH"},{"floor":12,"key":"REST"},{"floor":15,"key":"REST"}],"neow_cost":"NONE","seed_source_timestamp":28185096953700,"circlet_count":0,"master_deck":["AscendersBane","Strike_R","Strike_R+1","Strike_R","Strike_R","Strike_R","Defend_R","Defend_R","Defend_R","Defend_R","Bash+1","Heavy Blade","Ghostly Armor","Clothesline+1","Fiend Fire","True Grit","Havoc"],"relics":["Burning Blood","NeowsBlessing","Gambling Chip","Ice Cream","WingedGreaves","Old Coin","Oddly Smooth Stone"],"potions_floor_usage":[7,16,16],"damage_taken":[{"damage":0,"enemies":"Cultist","floor":1,"turns":1},{"damage":0,"enemies":"2 Louse","floor":3,"turns":1},{"damage":0,"enemies":"Small Slimes","floor":4,"turns":1},{"damage":22,"enemies":"3 Louse","floor":5,"turns":5},{"damage":28,"enemies":"Gremlin Nob","floor":7,"turns":4},{"damage":15,"enemies":"2 Fungi Beasts","floor":8,"turns":5},{"damage":35,"enemies":"Lagavulin","floor":10,"turns":5},{"damage":4,"enemies":"Blue Slaver","floor":11,"turns":4},{"damage":28,"enemies":"3 Sentries","floor":13,"turns":10},{"damage":46,"enemies":"Hexaghost","floor":16,"turns":12}],"seed_played":"-8908041452504727968","potions_obtained":[{"floor":5,"key":"Regen Potion"},{"floor":10,"key":"Regen Potion"},{"floor":13,"key":"SkillPotion"}],"is_trial":false,"path_per_floor":["M","?","M","M","M","R","E","M","T","E","M","R","E","?","R","B"],"character_chosen":"IRONCLAD","items_purchased":[],"campfire_rested":2,"item_purchase_floors":[],"current_hp_per_floor":[78,78,80,80,64,64,54,45,45,16,18,42,20,4,28,0],"gold":592,"neow_bonus":"THREE_ENEMY_KILL","is_prod":false,"is_daily":false,"chose_seed":false,"campfire_upgraded":1,"win_rate":0,"timestamp":1556603359,"path_taken":["M","?","M","M","M","R","E","?","T","E","?","R","E","?","R","BOSS"],"build_version":"2019-01-23","purchased_purges":0,"victory":false,"max_hp_per_floor":[80,80,80,80,80,80,80,80,80,80,80,80,80,80,80,80],"card_choices":[{"not_picked":["Perfected Strike","Clash"],"picked":"Heavy Blade","floor":1},{"not_picked":["Perfected Strike","Wild Strike"],"picked":"Ghostly Armor","floor":3},{"not_picked":["Wild Strike","Warcry"],"picked":"Clothesline","floor":4},{"not_picked":["Anger","Flex","Headbutt"],"picked":"SKIP","floor":5},{"not_picked":["Fire Breathing","Cleave","Sword Boomerang"],"picked":"SKIP","floor":7},{"not_picked":["True Grit","Dual Wield"],"picked":"Fiend Fire","floor":8},{"not_picked":["Blood for Blood","Pommel Strike"],"picked":"True Grit","floor":10},{"not_picked":["Corruption","Thunderclap","Hemokinesis"],"picked":"SKIP","floor":11},{"not_picked":["Evolve","Sword Boomerang"],"picked":"Havoc","floor":13}],"player_experience":878702,"relics_obtained":[{"floor":2,"key":"Gambling Chip"},{"floor":7,"key":"Ice Cream"},{"floor":9,"key":"WingedGreaves"},{"floor":10,"key":"Old Coin"},{"floor":13,"key":"Oddly Smooth Stone"}],"event_choices":[{"damage_healed":0,"gold_gain":0,"player_choice":"Relic","damage_taken":0,"max_hp_gain":0,"max_hp_loss":0,"event_name":"Wheel of Change","floor":2,"gold_loss":0},{"damage_healed":0,"gold_gain":0,"player_choice":"Entered Light","damage_taken":16,"max_hp_gain":0,"max_hp_loss":0,"event_name":"Shining Light","floor":14,"gold_loss":0,"cards_upgraded":["Clothesline","Strike_R"]}],"is_beta":false,"boss_relics":[],"items_purged_floors":[],"is_endless":false,"potions_floor_spawned":[5,10,13],"killed_by":"Hexaghost","ascension_level":11}