{"gold_per_floor":[99,118,132,132,143,178,178,196,249,262,262,275,307,2,2,97,97,108,108,0,0,56,83,101,101,101,101,175,175,187,206,206,206],"floor_reached":33,"playtime":889,"items_purged":[],"score":305,"play_id":"37214fbb-13d9-44d2-9774-b6ebb4702758","local_time":"20190118150139","is_ascension_mode":true,"campfire_choices":[{"floor":7,"key":"REST"},{"floor":15,"key":"REST"},{"floor":27,"key":"REST"},{"data":"Rainbow","floor":29,"key":"SMITH"},{"floor":32,"key":"REST"}],"neow_cost":"NONE","seed_source_timestamp":400574438992512,"circlet_count":0,"master_deck":["Strike_B+1","Strike_B+1","Strike_B+1","Strike_B+1","Defend_B+1","Defend_B+1","Defend_B+1","Defend_B+1","Zap+1","Dualcast","Cold Snap","Melter","Rebound","Coolheaded","Lockon","Ball Lightning","Rainbow+1","Leap","Buffer","Redo","Shame","Thunder Strike","Hologram","Tempest+1","Hologram+1"],"relics":["Cracked Core","Pen Nib","Bottled Lightning","Happy Flower","Ancient Tea Set","Sozu","Anchor","Tiny Chest","Gremlin Horn","Bottled Flame","Toxic Egg 2","Dodecahedron"],"potions_floor_usage":[6,13,13,13,18],"damage_taken":[{"damage":6,"enemies":"Cultist","floor":1,"turns":4},{"damage":1,"enemies":"2 Louse","floor":2,"turns":2},{"damage":2,"enemies":"Jaw Worm","floor":3,"turns":3},{"damage":0,"enemies":"Large Slime","floor":5,"turns":4},{"damage":42,"enemies":"Lagavulin","floor":6,"turns":6},{"damage":12,"enemies":"3 Louse","floor":8,"turns":3},{"damage":10,"enemies":"Looter","floor":10,"turns":3},{"damage":0,"enemies":"Large Slime","floor":12,"turns":4},{"damage":25,"enemies":"3 Sentries","floor":13,"turns":3},{"damage":27,"enemies":"Hexaghost","floor":16,"turns":10},{"damage":10,"enemies":"Shell Parasite","floor":18,"turns":4},{"damage":33,"enemies":"Slavers","floor":23,"turns":6},{"damage":2,"enemies":"2 Thieves","floor":24,"turns":3},{"damage":0,"enemies":"Cultist and Chosen","floor":30,"turns":4},{"damage":16,"enemies":"Snake Plant","floor":31,"turns":3},{"damage":79,"enemies":"Automaton","floor":33,"turns":6}],"seed_played":"-1731239232924707671","potions_obtained":[{"floor":5,"key":"SteroidPotion"},{"floor":8,"key":"Strength Potion"},{"floor":10,"key":"Dexterity Potion"},{"floor":12,"key":"Explosive Potion"},{"floor":16,"key":"PowerPotion"}],"is_trial":false,"path_per_floor":["M","M","M","?","M","E","R","M","T","M","?","M","E","$","R","B",null,"M","?","?","?","T","E","M","T","T","R","T","R","M","M","R","B"],"character_chosen":"DEFECT","items_purchased":["Happy Flower","Ancient Tea Set"],"campfire_rested":4,"item_purchase_floors":[14,14],"current_hp_per_floor":[76,75,73,73,73,31,55,43,43,33,33,33,8,8,32,5,82,72,72,72,72,72,39,37,37,37,61,61,61,61,45,69,0],"gold":206,"neow_bonus":"TEN_PERCENT_HP_BONUS","is_prod":false,"is_daily":false,"chose_seed":false,"campfire_upgraded":1,"win_rate":0,"timestamp":1547852499,"path_taken":["M","?","M","?","M","E","R","M","T","M","?","M","E","$","R","BOSS","M","?","?","?","?","E","M","?","T","R","?","R","M","?","R","BOSS"],"build_version":"2019-01-17v2","purchased_purges":0,"victory":false,"max_hp_per_floor":[82,82,82,82,82,82,82,82,82,82,82,82,82,82,82,82,82,82,82,82,82,82,82,82,82,82,82,82,82,82,82,82,82],"card_choices":[{"not_picked":["Hologram","Stack","Chill"],"picked":"SKIP","floor":1},{"not_picked":["Heatsinks","Scrape"],"picked":"Cold Snap","floor":2},{"not_picked":["Gash","Cold Snap"],"picked":"Melter","floor":3},{"not_picked":["Beam Cell","Steam Power"],"picked":"Rebound","floor":5},{"not_picked":["Turbo","Hello World"],"picked":"Coolheaded","floor":6},{"not_picked":["Consume","Barrage"],"picked":"Lockon","floor":8},{"not_picked":["Barrage","Reinforced Body"],"picked":"Ball Lightning","floor":10},{"not_picked":["White Noise","Coolheaded"],"picked":"Rainbow","floor":12},{"not_picked":["Multi-Cast","Self Repair"],"picked":"Leap","floor":13},{"not_picked":["Seek","Biased Cognition"],"picked":"Buffer","floor":16},{"not_picked":["Turbo","Cold Snap"],"picked":"Redo","floor":18},{"not_picked":["Melter","Beam Cell"],"picked":"Thunder Strike","floor":23},{"not_picked":["Go for the Eyes","Redo"],"picked":"Hologram","floor":24},{"not_picked":["Hologram+1","Stack+1"],"picked":"Tempest+1","floor":30},{"not_picked":["Rebound","Sweeping Beam"],"picked":"Hologram+1","floor":31}],"player_experience":334018,"relics_obtained":[{"floor":6,"key":"Pen Nib"},{"floor":13,"key":"Bottled Lightning"},{"floor":22,"key":"Tiny Chest"},{"floor":23,"key":"Gremlin Horn"},{"floor":25,"key":"Bottled Flame"},{"floor":26,"key":"Toxic Egg 2"},{"floor":28,"key":"Dodecahedron"}],"event_choices":[{"damage_healed":0,"gold_gain":0,"player_choice":"Grow","damage_taken":0,"max_hp_gain":0,"max_hp_loss":0,"event_name":"Living Wall","floor":4,"gold_loss":0,"cards_upgraded":["Zap"]},{"damage_healed":0,"gold_gain":0,"player_choice":"Ignored","damage_taken":0,"max_hp_gain":0,"max_hp_loss":0,"event_name":"Liars Game","floor":11,"gold_loss":0},{"damage_healed":0,"gold_gain":0,"player_choice":"Simplicity","damage_taken":0,"max_hp_gain":0,"max_hp_loss":0,"event_name":"Back to Basics","floor":19,"gold_loss":0,"cards_upgraded":["Strike_B","Strike_B","Strike_B","Strike_B","Defend_B","Defend_B","Defend_B","Defend_B"]},{"damage_healed":0,"gold_gain":0,"player_choice":"Paid Fearfully","damage_taken":0,"max_hp_gain":0,"max_hp_loss":0,"event_name":"Masked Bandits","floor":20,"gold_loss":108},{"damage_healed":0,"gold_gain":0,"player_choice":"Stole Relic","damage_taken":0,"relics_obtained":["Anchor"],"max_hp_gain":0,"max_hp_loss":0,"event_name":"Addict","floor":21,"gold_loss":0,"cards_obtained":["Shame"]}],"is_beta":false,"boss_relics":[{"not_picked":["Inserter","White Beast Statue"],"picked":"Sozu"}],"items_purged_floors":[],"is_endless":false,"potions_floor_spawned":[5,8,10,12,16,23,24],"killed_by":"Automaton","ascension_level":2}