{"gold_per_floor":[117,133,146,160,6,6,34,34,88,88,118,137,137,150,150,271,271,285,335,348,44,62,62,82,121,121,121,162,183,204,227,227,356,356,371,371,58,83,107,107,123,162,162,162,187,223,244,282,282,282],"floor_reached":51,"playtime":3125,"items_purged":[],"score":1098,"play_id":"b41d9fda-01d3-4803-b1b8-8babc481046d","local_time":"20180819153335","is_ascension_mode":true,"campfire_choices":[{"data":"Zap","floor":6,"key":"SMITH"},{"data":"Dualcast","floor":8,"key":"SMITH"},{"data":"Compile Driver","floor":10,"key":"SMITH"},{"floor":15,"key":"REST"},{"data":"Go for the Eyes","floor":23,"key":"SMITH"},{"data":"Beam Cell","floor":27,"key":"SMITH"},{"floor":32,"key":"REST"},{"data":"Echo Form","floor":40,"key":"SMITH"},{"floor":44,"key":"REST"},{"floor":49,"key":"REST"}],"neow_cost":"NONE","seed_source_timestamp":93719092099196,"circlet_count":0,"master_deck":["Zap+1","Dualcast+1","Compile Driver+1","Ball Lightning","BootSequence","Conserve Battery","Go for the Eyes+1","Beam Cell+1","All For One","Skim+1","Cold Snap","Go for the Eyes","Cold Snap","Ball Lightning+1","Electrodynamics","Steam","Hologram","Go for the Eyes","Echo Form+1","Streamline","Coolheaded","Auto Shields","Scrape","Streamline","Lockon","Turbo","Scrape","Leap+1","Hologram","Hologram","Coolheaded+1","FTL","FTL","Fusion","Turbo+1"],"relics":["Cracked Core","Vajra","Omamori","Tiny Chest","Happy Flower","Golden Idol","White Beast Statue","Kunai","Pen Nib","Cables","Regal Pillow","Pandora\u0027s Box","Orichalcum","Turnip","Boot","Bottled Tornado","Potion Belt","Toxic Egg 2"],"potions_floor_usage":[4,4,11,16,16,16,16,20,20,28,29,33,39,39,42,45,46,46,48,50,50,50],"damage_taken":[{"damage":0,"enemies":"2 Louse","floor":1,"turns":2},{"damage":4,"enemies":"Jaw Worm","floor":2,"turns":3},{"damage":1,"enemies":"Small Slimes","floor":3,"turns":3},{"damage":0,"enemies":"Gremlin Gang","floor":4,"turns":6},{"damage":12,"enemies":"Gremlin Nob","floor":7,"turns":3},{"damage":15,"enemies":"3 Sentries","floor":11,"turns":4},{"damage":0,"enemies":"3 Louse","floor":12,"turns":3},{"damage":1,"enemies":"Blue Slaver","floor":14,"turns":3},{"damage":20,"enemies":"The Guardian","floor":16,"turns":7},{"damage":0,"enemies":"Shell Parasite","floor":18,"turns":3},{"damage":0,"enemies":"3 Byrds","floor":20,"turns":2},{"damage":3,"enemies":"Centurion and Healer","floor":22,"turns":5},{"damage":4,"enemies":"Cultist and Chosen","floor":24,"turns":4},{"damage":7,"enemies":"Gremlin Leader","floor":25,"turns":4},{"damage":10,"enemies":"Book of Stabbing","floor":28,"turns":3},{"damage":0,"enemies":"Snake Plant","floor":29,"turns":2},{"damage":0,"enemies":"3 Cultists","floor":30,"turns":3},{"damage":0,"enemies":"Cultist and Chosen","floor":31,"turns":4},{"damage":15,"enemies":"Collector","floor":33,"turns":10},{"damage":0,"enemies":"Orb Walker","floor":35,"turns":3},{"damage":9,"enemies":"3 Darklings","floor":38,"turns":4},{"damage":15,"enemies":"Transient","floor":39,"turns":5},{"damage":16,"enemies":"4 Shapes","floor":41,"turns":2},{"damage":0,"enemies":"Giant Head","floor":42,"turns":6},{"damage":0,"enemies":"Maw","floor":45,"turns":6},{"damage":0,"enemies":"Nemesis","floor":46,"turns":5},{"damage":0,"enemies":"Sphere and 2 Shapes","floor":47,"turns":5},{"damage":12,"enemies":"Giant Head","floor":48,"turns":6},{"damage":49,"enemies":"Donu and Deca","floor":50,"turns":8}],"seed_played":"-3703651241755026821","potions_obtained":[{"floor":1,"key":"Energy Potion"},{"floor":3,"key":"SteroidPotion"},{"floor":4,"key":"Swift Potion"},{"floor":7,"key":"PowerPotion"},{"floor":12,"key":"EntropicBrew"},{"floor":18,"key":"AttackPotion"},{"floor":20,"key":"GamblersBrew"},{"floor":22,"key":"FairyPotion"},{"floor":24,"key":"Energy Potion"},{"floor":25,"key":"SteroidPotion"},{"floor":28,"key":"SteroidPotion"},{"floor":29,"key":"Weak Potion"},{"floor":31,"key":"Fire Potion"},{"floor":33,"key":"Dexterity Potion"},{"floor":39,"key":"LiquidBronze"},{"floor":41,"key":"FocusPotion"},{"floor":42,"key":"SpeedPotion"},{"floor":45,"key":"SkillPotion"},{"floor":46,"key":"Energy Potion"},{"floor":47,"key":"AttackPotion"},{"floor":48,"key":"Poison Potion"}],"is_trial":false,"path_per_floor":["M","M","M","M","$","R","E","R","T","R","E","M","?","M","R","B",null,"M","?","M","$","M","R","M","E","T","R","E","M","M","M","R","B",null,"M","T","$","M","M","R","M","E","T","R","M","E","M","E","R","B"],"character_chosen":"DEFECT","items_purchased":["Vajra","Kunai","Go for the Eyes","Hologram","Turnip"],"campfire_rested":4,"item_purchase_floors":[5,21,21,37,37],"current_hp_per_floor":[82,78,77,77,77,77,65,65,65,65,50,50,30,29,53,33,70,70,70,70,70,67,67,63,56,56,56,46,46,46,46,82,67,78,78,78,78,69,54,54,38,38,38,77,77,77,77,65,82,33],"gold":282,"neow_bonus":"TEN_PERCENT_HP_BONUS","is_prod":false,"is_daily":false,"chose_seed":false,"campfire_upgraded":6,"win_rate":0,"timestamp":1534718015,"path_taken":["M","M","M","M","$","R","E","R","T","R","E","M","?","M","R","BOSS","M","?","M","$","M","R","M","E","T","R","E","M","M","?","R","BOSS","M","?","$","M","M","R","M","E","T","R","M","E","?","E","R","BOSS"],"build_version":"2018-08-16","purchased_purges":0,"victory":true,"max_hp_per_floor":[82,82,82,82,82,82,82,82,82,82,82,82,82,82,82,82,82,82,82,82,82,82,82,82,82,82,82,82,82,82,82,82,82,82,82,82,82,82,82,82,82,82,82,82,82,82,82,82,82,82],"card_choices":[{"not_picked":["Scrape","Reprogram","Rebound"],"picked":"SKIP","floor":1},{"not_picked":["Chill","Streamline","Rebound"],"picked":"SKIP","floor":2},{"not_picked":["Static Discharge","Steam"],"picked":"Compile Driver","floor":3},{"not_picked":["Conserve Battery","Leap"],"picked":"Ball Lightning","floor":4},{"not_picked":["Consume","Hologram"],"picked":"BootSequence","floor":7},{"not_picked":["White Noise","Fusion"],"picked":"Conserve Battery","floor":11},{"not_picked":["Compile Driver","Stack"],"picked":"Go for the Eyes","floor":12},{"not_picked":["Streamline","Sweeping Beam"],"picked":"Beam Cell","floor":14},{"not_picked":["Buffer","Amplify"],"picked":"All For One","floor":16},{"not_picked":["Barrage","Undo"],"picked":"Skim+1","floor":18},{"not_picked":["Leap","Stack"],"picked":"Cold Snap","floor":20},{"not_picked":["Gash","Hello World"],"picked":"Cold Snap","floor":22},{"not_picked":["Doom and Gloom","Conserve Battery"],"picked":"Ball Lightning+1","floor":24},{"not_picked":["Redo+1","Force Field"],"picked":"Electrodynamics","floor":25},{"not_picked":["Cold Snap","Force Field+1"],"picked":"Steam","floor":28},{"not_picked":["Coolheaded","Streamline"],"picked":"Hologram","floor":29},{"not_picked":["Coolheaded","Streamline","Go for the Eyes"],"picked":"SKIP","floor":30},{"not_picked":["Static Discharge+1","Sweeping Beam"],"picked":"Go for the Eyes","floor":31},{"not_picked":["Thunder Strike","Buffer"],"picked":"Echo Form","floor":33},{"not_picked":["Heatsinks+1","Cold Snap"],"picked":"Leap+1","floor":35},{"not_picked":["Reprogram","Barrage+1"],"picked":"Hologram","floor":38},{"not_picked":["Redo","Sweeping Beam+1","Rebound+1"],"picked":"SKIP","floor":39},{"not_picked":["Blizzard","Compile Driver"],"picked":"Coolheaded+1","floor":41},{"not_picked":["Turbo","Aggregate+1"],"picked":"FTL","floor":42},{"not_picked":["Barrage","Gash"],"picked":"FTL","floor":45},{"not_picked":["Genetic Algorithm+1","Chaos"],"picked":"Fusion","floor":46},{"not_picked":["Leap","Hello World+1"],"picked":"Turbo+1","floor":47},{"not_picked":["Sweeping Beam","Streamline+1","Electrodynamics"],"picked":"SKIP","floor":48}],"player_experience":104893,"relics_obtained":[{"floor":7,"key":"Omamori"},{"floor":9,"key":"Tiny Chest"},{"floor":11,"key":"Happy Flower"},{"floor":25,"key":"Pen Nib"},{"floor":26,"key":"Cables"},{"floor":28,"key":"Regal Pillow"},{"floor":36,"key":"Orichalcum"},{"floor":42,"key":"Boot"},{"floor":43,"key":"Bottled Tornado"},{"floor":46,"key":"Potion Belt"},{"floor":48,"key":"Toxic Egg 2"}],"event_choices":[{"event_name":"Golden Idol","player_choice":"Take Damage","floor":13,"damage_taken":0},{"event_name":"The Joust","player_choice":"Bet on Murderer","floor":19,"damage_taken":0}],"is_beta":false,"boss_relics":[{"not_picked":["Tiny House","Calling Bell"],"picked":"White Beast Statue"},{"not_picked":["Runic Pyramid","Snecko Eye"],"picked":"Pandora\u0027s Box"}],"items_purged_floors":[],"is_endless":false,"potions_floor_spawned":[1,3,4,7,12,18,20,22,24,25,28,29,30,31,33,35,38,39,41,42,45,46,47,48],"ascension_level":5}