{"gold_per_floor":[115,115,115,134,150,150,182,35,35,35,47,47,47,60,60,164,164,180,180,205,205,218,248,266,266,292,292,292,45,80,91,91,195,195,213,229,239,239,256,256,283,301,325,325,0,28,41,54,54,54],"floor_reached":51,"playtime":3112,"items_purged":["Strike_R"],"score":747,"play_id":"72a792ef-43f7-4196-9315-ab49a95e1a2f","local_time":"20180911091032","is_ascension_mode":false,"campfire_choices":[{"data":"Shockwave","floor":6,"key":"SMITH"},{"data":"Dual Wield","floor":12,"key":"SMITH"},{"data":"Bash","floor":15,"key":"SMITH"},{"data":"Battle Trance","floor":25,"key":"SMITH"},{"floor":27,"key":"REST"},{"floor":32,"key":"REST"},{"data":"Flame Barrier","floor":40,"key":"SMITH"},{"data":"Impervious","floor":44,"key":"SMITH"},{"data":"Disarm","floor":49,"key":"SMITH"}],"neow_cost":"NONE","seed_source_timestamp":662576304346950,"circlet_count":0,"master_deck":["Strike_R+1","Strike_R","Strike_R+1","Defend_R","Defend_R","Defend_R","Defend_R","Bash+1","Bludgeon+1","Dual Wield+1","Disarm+1","Shockwave+1","Battle Trance+1","Dropkick","Barricade+1","Shrug It Off","Seeing Red+1","Iron Wave+1","Impervious+1","Flame Barrier+1","Metallicize+1","Iron Wave+1","Warcry+1","Metallicize+1","Dual Wield+1"],"relics":["Burning Blood","Bottled Lightning","Bag of Marbles","Frozen Egg 2","Sozu","FossilizedHelix","Smiling Mask","Question Card","Orichalcum","MutagenicStrength","Kunai","Red Skull","Philosopher\u0027s Stone","Incense Burner","Whetstone","Anchor","Red Mask","The Courier"],"potions_floor_usage":[23],"damage_taken":[{"damage":6,"enemies":"Jaw Worm","floor":1,"turns":3},{"damage":0,"enemies":"Cultist","floor":4,"turns":2},{"damage":5,"enemies":"Small Slimes","floor":5,"turns":2},{"damage":17,"enemies":"3 Sentries","floor":7,"turns":6},{"damage":13,"enemies":"Exordium Thugs","floor":11,"turns":3},{"damage":3,"enemies":"Looter","floor":14,"turns":3},{"damage":14,"enemies":"Slime Boss","floor":16,"turns":8},{"damage":6,"enemies":"Chosen","floor":18,"turns":3},{"damage":7,"enemies":"Shell Parasite","floor":22,"turns":4},{"damage":50,"enemies":"Gremlin Leader","floor":23,"turns":5},{"damage":6,"enemies":"Centurion and Healer","floor":24,"turns":4},{"damage":26,"enemies":"Slavers","floor":30,"turns":7},{"damage":7,"enemies":"Shelled Parasite and Fungi","floor":31,"turns":5},{"damage":56,"enemies":"Collector","floor":33,"turns":10},{"damage":19,"enemies":"3 Darklings","floor":35,"turns":8},{"damage":0,"enemies":"Orb Walker","floor":36,"turns":3},{"damage":0,"enemies":"Transient","floor":37,"turns":5},{"damage":0,"enemies":"Mind Bloom Boss Battle","floor":38,"turns":8},{"damage":8,"enemies":"Sphere and 2 Shapes","floor":39,"turns":10},{"damage":10,"enemies":"2 Orb Walkers","floor":41,"turns":6},{"damage":0,"enemies":"3 Darklings","floor":42,"turns":10},{"damage":0,"enemies":"Nemesis","floor":46,"turns":11},{"damage":9,"enemies":"Reptomancer","floor":47,"turns":13},{"damage":0,"enemies":"Maw","floor":48,"turns":12},{"damage":30,"enemies":"Donu and Deca","floor":50,"turns":30}],"seed_played":"-1531236257263474799","potions_obtained":[{"floor":1,"key":"Regen Potion"}],"is_trial":false,"path_per_floor":["M","?","?","M","M","R","E","$","T","T","M","R","$","M","R","B",null,"M","?","T","?","M","E","M","R","T","R","?","$","E","M","R","B",null,"M","M","M","?","M","R","E","M","T","R","?","E","M","M","R","B"],"character_chosen":"IRONCLAD","items_purchased":["Battle Trance","Kunai"],"campfire_rested":2,"item_purchase_floors":[8,29],"current_hp_per_floor":[80,80,80,80,80,80,69,69,69,69,62,62,62,65,65,57,80,80,80,80,65,64,34,34,34,34,59,59,59,39,38,63,13,85,72,78,84,85,83,83,79,85,85,85,85,85,82,85,85,61],"gold":54,"neow_bonus":"ONE_RANDOM_RARE_CARD","is_prod":false,"is_daily":false,"chose_seed":false,"campfire_upgraded":7,"win_rate":0,"timestamp":1536682232,"path_taken":["M","?","?","M","M","R","E","$","T","?","M","R","?","M","R","BOSS","M","?","?","?","?","E","M","R","T","R","?","$","E","M","R","BOSS","M","M","M","?","M","R","E","M","T","R","?","E","M","M","R","BOSS"],"build_version":"2018-09-06","purchased_purges":1,"victory":true,"max_hp_per_floor":[80,80,80,80,80,80,80,80,80,80,80,80,80,80,80,80,80,80,80,80,85,85,85,85,85,85,85,85,85,85,85,85,85,85,85,85,85,85,85,85,85,85,85,85,85,85,85,85,85,85],"card_choices":[{"not_picked":["Carnage","Pummel","Cleave"],"picked":"SKIP","floor":1},{"not_picked":["Inflame","Corruption"],"picked":"Disarm","floor":4},{"not_picked":["Clothesline","Perfected Strike"],"picked":"Shockwave","floor":5},{"not_picked":["Clothesline","Burning Pact","Reckless Charge"],"picked":"SKIP","floor":7},{"not_picked":["Corruption+1","Pommel Strike"],"picked":"Dropkick","floor":11},{"not_picked":["Sever Soul","Clash","Thunderclap"],"picked":"SKIP","floor":14},{"not_picked":["Bludgeon","Limit Break"],"picked":"Barricade+1","floor":16},{"not_picked":["Clash","Searing Blow+1","Rage"],"picked":"SKIP","floor":18},{"not_picked":["Rupture+1","Body Slam"],"picked":"Shrug It Off","floor":22},{"not_picked":["Warcry+1","Sword Boomerang+1","True Grit"],"picked":"SKIP","floor":23},{"not_picked":["Clash+1","Sword Boomerang+1","Battle Trance+1"],"picked":"Seeing Red+1","floor":24},{"not_picked":["Wild Strike+1","Sword Boomerang+1","Body Slam"],"picked":"Iron Wave+1","floor":30},{"not_picked":["Sword Boomerang","Bludgeon","Reckless Charge","Blood for Blood"],"picked":"SKIP","floor":31},{"not_picked":["Headbutt","Cleave","Combust+1","Perfected Strike+1"],"picked":"SKIP","floor":35},{"not_picked":["Second Wind","Headbutt","Armaments+1"],"picked":"Impervious","floor":36},{"not_picked":["Headbutt","Flex+1","True Grit"],"picked":"Flame Barrier","floor":37},{"not_picked":["Twin Strike","Havoc","Cleave"],"picked":"Metallicize+1","floor":38},{"not_picked":["Infernal Blade+1","True Grit","Havoc+1"],"picked":"Iron Wave+1","floor":39},{"not_picked":["Bloodletting","Exhume","Wild Strike","Rupture+1"],"picked":"SKIP","floor":41},{"not_picked":["Heavy Blade","Anger+1","Thunderclap"],"picked":"Warcry+1","floor":42},{"not_picked":["Second Wind+1","Cleave","Sword Boomerang+1","Clash+1"],"picked":"SKIP","floor":46},{"not_picked":["Wild Strike+1","Heavy Blade","Bloodletting+1"],"picked":"Metallicize+1","floor":47},{"not_picked":["Reaper","Sword Boomerang+1","Headbutt+1"],"picked":"Dual Wield+1","floor":48}],"player_experience":201619,"relics_obtained":[{"floor":7,"key":"Bottled Lightning"},{"floor":9,"key":"Bag of Marbles"},{"floor":10,"key":"Frozen Egg 2"},{"floor":20,"key":"Smiling Mask"},{"floor":23,"key":"Question Card"},{"floor":26,"key":"Orichalcum"},{"floor":30,"key":"Red Skull"},{"floor":38,"key":"Incense Burner"},{"floor":41,"key":"Whetstone"},{"floor":43,"key":"Anchor"},{"floor":46,"key":"The Courier"}],"event_choices":[{"event_name":"Transmorgrifier","player_choice":"Transform","floor":2,"damage_taken":0},{"event_name":"Upgrade Shrine","player_choice":"Upgraded","floor":3,"damage_taken":0},{"event_name":"The Mausoleum","player_choice":"Yes","floor":19,"damage_taken":0},{"event_name":"Forgotten Altar","player_choice":"Shed Blood","floor":21,"damage_taken":0},{"event_name":"Drug Dealer","player_choice":"Inject Mutagens","floor":28,"damage_taken":0},{"event_name":"MindBloom","player_choice":"Fight","floor":38,"damage_taken":0},{"event_name":"Tomb of Lord Red Mask","player_choice":"Paid","floor":45,"damage_taken":0}],"is_beta":false,"boss_relics":[{"not_picked":["Snecko Eye","Tiny House"],"picked":"Sozu"},{"not_picked":["White Beast Statue","Calling Bell"],"picked":"Philosopher\u0027s Stone"}],"items_purged_floors":[8],"is_endless":false,"potions_floor_spawned":[1,18,22,30,38,39,41,42],"ascension_level":0}