{"gold_per_floor":[110,110,110,65,81,124,124,157,157,171,35,79,134,169,169,292,292,277,277,277,51,51,51,51,51,51,51,51,51,6,6,6,6,6,6,6,6,6,6,6,6,6,6,6,6,6,6,6,6,6,6,6,6,6,6],"floor_reached":55,"playtime":3378,"items_purged":["Strike_B"],"score":1287,"play_id":"03164751-3fd8-45c6-8645-dabcb3743825","local_time":"20190110170041","is_ascension_mode":true,"campfire_choices":[{"data":"Zap","floor":7,"key":"SMITH"},{"data":"Coolheaded","floor":15,"key":"SMITH"},{"data":"Dualcast","floor":24,"key":"SMITH"},{"data":"Coolheaded","floor":27,"key":"SMITH"},{"data":"Go for the Eyes","floor":32,"key":"SMITH"},{"floor":40,"key":"RECALL"},{"data":"Sunder","floor":42,"key":"SMITH"},{"data":"Tempest","floor":44,"key":"SMITH"},{"floor":49,"key":"REST"},{"data":"Compile Driver","floor":52,"key":"SMITH"}],"neow_cost":"NONE","seed_source_timestamp":418937367821376,"circlet_count":0,"master_deck":["Strike_B","Strike_B","Strike_B","Defend_B","Defend_B","Defend_B+1","Defend_B","Zap+1","Dualcast+1","Go for the Eyes+1","Coolheaded+1","Coolheaded+1","Ball Lightning","Conserve Battery+1","Compile Driver","Core Surge","Compile Driver+1","Core Surge","Tempest+1","Defragment+1","Sunder+1","Steam+1","Coolheaded+1","Ghostly+1","Ghostly+1","Ghostly+1","Ghostly+1","Ghostly+1","Turbo+1","Stack+1","Echo Form+1","Defragment+1","Double Energy+1","Static Discharge+1","Hologram+1"],"relics":["Cracked Core","NeowsBlessing","Ice Cream","Golden Idol","Blood Vial","Ancient Tea Set","Frozen Egg 2","Pear","Pen Nib","Art of War","Ectoplasm","Toxic Egg 2","Lantern","Oddly Smooth Stone","Happy Flower","Philosopher\u0027s Stone","War Paint","Vajra","Torii","Bag of Preparation"],"potions_floor_usage":[8,18,25,33,54,55,55,55],"damage_taken":[{"damage":0,"enemies":"Jaw Worm","floor":1,"turns":1},{"damage":0,"enemies":"2 Louse","floor":5,"turns":1},{"damage":0,"enemies":"Lagavulin","floor":6,"turns":1},{"damage":11,"enemies":"3 Sentries","floor":8,"turns":5},{"damage":0,"enemies":"Cultist","floor":10,"turns":3},{"damage":15,"enemies":"Gremlin Nob","floor":12,"turns":3},{"damage":0,"enemies":"Lagavulin","floor":14,"turns":6},{"damage":0,"enemies":"Slime Boss","floor":16,"turns":6},{"damage":11,"enemies":"2 Thieves","floor":18,"turns":2},{"damage":4,"enemies":"3 Byrds","floor":19,"turns":5},{"damage":10,"enemies":"Centurion and Healer","floor":20,"turns":6},{"damage":29,"enemies":"Gremlin Leader","floor":23,"turns":9},{"damage":2,"enemies":"Slavers","floor":25,"turns":2},{"damage":0,"enemies":"3 Cultists","floor":29,"turns":5},{"damage":0,"enemies":"Gremlin Leader","floor":31,"turns":4},{"damage":0,"enemies":"Champ","floor":33,"turns":12},{"damage":1,"enemies":"3 Darklings","floor":35,"turns":6},{"damage":1,"enemies":"Orb Walker","floor":37,"turns":4},{"damage":0,"enemies":"Transient","floor":38,"turns":5},{"damage":0,"enemies":"Spire Growth","floor":39,"turns":5},{"damage":0,"enemies":"Nemesis","floor":41,"turns":3},{"damage":0,"enemies":"3 Darklings","floor":45,"turns":6},{"damage":0,"enemies":"Transient","floor":47,"turns":5},{"damage":4,"enemies":"2 Orb Walkers","floor":48,"turns":5},{"damage":0,"enemies":"Donu and Deca","floor":50,"turns":7},{"damage":1,"enemies":"Shield and Spear","floor":54,"turns":6},{"damage":40,"enemies":"The Heart","floor":55,"turns":2}],"seed_played":"8850177792151353552","potions_obtained":[{"floor":5,"key":"Explosive Potion"},{"floor":10,"key":"Fire Potion"},{"floor":14,"key":"SpeedPotion"},{"floor":16,"key":"PowerPotion"},{"floor":19,"key":"Weak Potion"},{"floor":25,"key":"AttackPotion"},{"floor":41,"key":"EssenceOfSteel"},{"floor":54,"key":"LiquidBronze"}],"is_trial":false,"path_per_floor":["M","?","?","$","M","E","R","E","T","M","$","E","T","E","R","B",null,"M","M","M","$","?","E","R","E","T","R","?","M","$","E","R","B",null,"M","T","M","M","M","R","E","R","T","R","M","?","M","?","R","B",null,"R","$","E","B"],"character_chosen":"DEFECT","items_purchased":["Coolheaded","Core Surge","Defragment+1","Sunder","Stack+1"],"campfire_rested":1,"item_purchase_floors":[4,11,21,21,30],"current_hp_per_floor":[75,68,68,68,68,68,68,58,58,60,60,57,57,59,59,61,79,68,66,58,58,58,31,31,31,31,31,31,33,33,35,35,37,39,38,38,38,39,39,39,39,39,39,39,39,37,37,33,37,37,37,37,37,36,0],"gold":6,"neow_bonus":"THREE_ENEMY_KILL","is_prod":false,"is_daily":false,"chose_seed":false,"campfire_upgraded":8,"win_rate":0,"timestamp":1547139641,"path_taken":["M","?","?","$","M","E","R","E","T","M","$","E","?","E","R","BOSS","M","M","?","?","?","E","R","E","T","R","?","M","?","E","R","BOSS","M","?","M","M","M","R","E","R","T","R","M","?","M","?","R","BOSS","R","$","E","BOSS"],"build_version":"2019-01-03v4","purchased_purges":1,"victory":false,"max_hp_per_floor":[75,75,69,69,69,69,69,69,69,69,69,79,79,79,79,79,79,79,79,79,79,79,79,79,79,79,79,39,39,39,39,39,39,39,39,39,39,39,39,39,39,39,39,39,39,37,37,37,37,37,37,37,37,37,37],"card_choices":[{"not_picked":["Sweeping Beam","Hello World"],"picked":"Go for the Eyes","floor":1},{"not_picked":["Stack","Lockon"],"picked":"Coolheaded","floor":5},{"not_picked":["Static Discharge","Gash"],"picked":"Ball Lightning","floor":6},{"not_picked":["Stack","Static Discharge"],"picked":"Conserve Battery","floor":8},{"not_picked":["Go for the Eyes","Leap"],"picked":"Compile Driver","floor":10},{"not_picked":["Conserve Battery","Machine Learning+1","Beam Cell"],"picked":"SKIP","floor":12},{"not_picked":["Steam","Redo"],"picked":"Compile Driver","floor":14},{"not_picked":["Meteor Strike","Creative AI+1"],"picked":"Core Surge","floor":16},{"not_picked":["Barrage","Blizzard","Lockon"],"picked":"SKIP","floor":18},{"not_picked":["Recycle","Reprogram"],"picked":"Tempest","floor":19},{"not_picked":["Genetic Algorithm+1","Darkness","Go for the Eyes"],"picked":"SKIP","floor":20},{"not_picked":["Sunder","Storm+1"],"picked":"Steam","floor":23},{"not_picked":["Barrage","Steam Power+1"],"picked":"Coolheaded+1","floor":25},{"not_picked":["Go for the Eyes","Reprogram+1"],"picked":"Turbo+1","floor":29},{"not_picked":["Rebound","Gash","Streamline"],"picked":"SKIP","floor":31},{"not_picked":["Creative AI+1","Seek+1"],"picked":"Echo Form+1","floor":33},{"not_picked":["Cold Snap","Sweeping Beam","Ball Lightning+1"],"picked":"SKIP","floor":35},{"not_picked":["Turbo+1","Darkness+1"],"picked":"Defragment+1","floor":37},{"not_picked":["Reprogram+1","Barrage+1"],"picked":"Double Energy+1","floor":38},{"not_picked":["Chaos+1","Go for the Eyes","Force Field+1"],"picked":"SKIP","floor":39},{"not_picked":["Melter","Undo+1","Storm+1"],"picked":"SKIP","floor":41},{"not_picked":["Turbo+1","Streamline","Barrage"],"picked":"SKIP","floor":45},{"not_picked":["Hello World+1","Sweeping Beam+1"],"picked":"Static Discharge+1","floor":47},{"not_picked":["Coolheaded+1","Rainbow+1"],"picked":"Hologram+1","floor":48},{"not_picked":["FTL","Melter","Go for the Eyes"],"picked":"SKIP","floor":54}],"player_experience":40424,"relics_obtained":[{"floor":6,"key":"Blood Vial"},{"floor":8,"key":"Ancient Tea Set"},{"floor":9,"key":"Frozen Egg 2"},{"floor":12,"key":"Pear"},{"floor":13,"key":"Pen Nib"},{"floor":14,"key":"Art of War"},{"floor":23,"key":"Toxic Egg 2"},{"floor":25,"key":"Lantern"},{"floor":26,"key":"Oddly Smooth Stone"},{"floor":31,"key":"Happy Flower"},{"floor":36,"key":"War Paint"},{"floor":41,"key":"Vajra"},{"floor":48,"key":"Torii"},{"floor":54,"key":"Bag of Preparation"}],"event_choices":[{"damage_healed":0,"gold_gain":0,"player_choice":"Success","damage_taken":7,"relics_obtained":["Ice Cream"],"max_hp_gain":0,"max_hp_loss":0,"event_name":"Scrap Ooze","floor":2,"gold_loss":0},{"damage_healed":0,"gold_gain":0,"player_choice":"Lose Max HP","damage_taken":0,"relics_obtained":["Golden Idol"],"max_hp_gain":0,"max_hp_loss":6,"event_name":"Golden Idol","floor":3,"gold_loss":0},{"damage_healed":0,"gold_gain":0,"player_choice":"Ignored","damage_taken":0,"max_hp_gain":0,"max_hp_loss":0,"event_name":"The Mausoleum","floor":22,"gold_loss":0},{"damage_healed":0,"gold_gain":0,"player_choice":"Became a Ghost","damage_taken":0,"max_hp_gain":0,"max_hp_loss":40,"event_name":"Ghosts","floor":28,"gold_loss":0,"cards_obtained":["Ghostly","Ghostly","Ghostly","Ghostly","Ghostly"]},{"damage_healed":0,"gold_gain":0,"player_choice":"Max HP","damage_taken":0,"max_hp_gain":0,"max_hp_loss":2,"event_name":"Winding Halls","floor":46,"gold_loss":0},{"damage_healed":0,"gold_gain":0,"player_choice":"Fight","damage_taken":0,"max_hp_gain":0,"max_hp_loss":0,"event_name":"Mysterious Sphere","floor":48,"gold_loss":0}],"is_beta":false,"boss_relics":[{"not_picked":["Velvet Choker","Black Star"],"picked":"Ectoplasm"},{"not_picked":["Inserter","Orrery"],"picked":"Philosopher\u0027s Stone"}],"items_purged_floors":[21],"is_endless":false,"potions_floor_spawned":[5,10,14,16,19,25,41,45,47,54],"killed_by":"The Heart","ascension_level":4}