{"gold_per_floor":[112,112,112,14,28,68,86,236,236,257,15,30,30,49,49,49],"floor_reached":16,"playtime":459,"items_purged":["Injury"],"score":179,"play_id":"9f01c7a2-9427-44d6-b016-d6fca9f7f4a7","local_time":"20190411152954","is_ascension_mode":true,"campfire_choices":[{"floor":13,"key":"REST"},{"data":"Corruption","floor":15,"key":"SMITH"}],"neow_cost":"NONE","seed_source_timestamp":58378414313278,"circlet_count":0,"master_deck":["AscendersBane","Strike_R","Strike_R","Strike_R","Strike_R","Strike_R","Defend_R","Defend_R","Defend_R","Defend_R","Bash","Armaments","Anger","Headbutt","Sword Boomerang","Corruption+1","Doubt","Pommel Strike","Cleave","Power Through"],"relics":["Burning Blood","Golden Idol","Thread and Needle","Sundial","Bottled Tornado"],"potions_floor_usage":[],"damage_taken":[{"damage":7,"enemies":"Jaw Worm","floor":1,"turns":3},{"damage":5,"enemies":"Small Slimes","floor":5,"turns":3},{"damage":50,"enemies":"3 Sentries","floor":6,"turns":9},{"damage":0,"enemies":"2 Louse","floor":7,"turns":3},{"damage":7,"enemies":"Looter","floor":10,"turns":4},{"damage":10,"enemies":"2 Fungi Beasts","floor":12,"turns":5},{"damage":20,"enemies":"Gremlin Gang","floor":14,"turns":6},{"damage":51,"enemies":"The Guardian","floor":16,"turns":5}],"seed_played":"-3178808780762464882","potions_obtained":[{"floor":1,"key":"SpeedPotion"},{"floor":14,"key":"Energy Potion"}],"is_trial":false,"path_per_floor":["M","?","?","$","M","E","M","?","T","M","$","M","R","M","R","B"],"character_chosen":"IRONCLAD","items_purchased":["Anger","Bottled Tornado"],"campfire_rested":1,"item_purchase_floors":[4,11],"current_hp_per_floor":[74,79,79,79,80,36,42,42,42,41,41,37,63,49,49,0],"gold":49,"neow_bonus":"TEN_PERCENT_HP_BONUS","is_prod":false,"is_daily":false,"chose_seed":false,"campfire_upgraded":1,"win_rate":0,"timestamp":1555021794,"path_taken":["M","?","?","$","M","E","M","?","T","M","?","M","R","M","R","BOSS"],"build_version":"2019-01-23","purchased_purges":1,"victory":false,"max_hp_per_floor":[82,87,87,87,87,87,87,87,87,87,87,87,87,87,87,87],"card_choices":[{"not_picked":["Thunderclap","Entrench"],"picked":"Armaments","floor":1},{"not_picked":["Twin Strike","Seeing Red"],"picked":"Headbutt","floor":5},{"not_picked":["Fire Breathing","Second Wind"],"picked":"Sword Boomerang","floor":6},{"not_picked":["Dropkick","Combust"],"picked":"Corruption","floor":7},{"not_picked":["Entrench","Intimidate"],"picked":"Pommel Strike","floor":10},{"not_picked":["Evolve","Intimidate"],"picked":"Cleave","floor":12},{"not_picked":["Body Slam","Flex"],"picked":"Power Through","floor":14}],"player_experience":419088,"relics_obtained":[{"floor":6,"key":"Thread and Needle"},{"floor":9,"key":"Sundial"}],"event_choices":[{"damage_healed":0,"gold_gain":0,"player_choice":"Donut","damage_taken":0,"max_hp_gain":5,"max_hp_loss":0,"event_name":"Big Fish","floor":2,"gold_loss":0},{"damage_healed":0,"gold_gain":0,"player_choice":"Take Wound","damage_taken":0,"relics_obtained":["Golden Idol"],"max_hp_gain":0,"max_hp_loss":0,"event_name":"Golden Idol","floor":3,"gold_loss":0,"cards_obtained":["Injury"]},{"damage_healed":0,"gold_gain":150,"player_choice":"AGREE","damage_taken":0,"max_hp_gain":0,"max_hp_loss":0,"event_name":"Liars Game","floor":8,"gold_loss":0,"cards_obtained":["Doubt"]}],"is_beta":false,"boss_relics":[],"items_purged_floors":[4],"is_endless":false,"potions_floor_spawned":[1,14],"killed_by":"The Guardian","ascension_level":15}