{"gold_per_floor":[113,123,141,157,157,189,204,204,204,204,222,222,256,276,276,380,380,393,412,412,192,192,192,204,231,231,231,247,264,283,313,313,313],"floor_reached":33,"playtime":7898,"items_purged":["Strike_R"],"score":421,"play_id":"6a9f3ecd-a9ee-4fd8-9f2c-6e7b869eb6e0","local_time":"20190404145626","is_ascension_mode":true,"campfire_choices":[{"data":"Hemokinesis","floor":8,"key":"SMITH"},{"data":"Flame Barrier","floor":12,"key":"SMITH"},{"data":"Bash","floor":15,"key":"SMITH"},{"data":"True Grit","floor":23,"key":"SMITH"},{"floor":27,"key":"REST"},{"floor":32,"key":"REST"}],"neow_cost":"NONE","seed_source_timestamp":410967075111051,"circlet_count":0,"master_deck":["Strike_R","Defend_R","Defend_R","Defend_R","Defend_R","Bash+1","Infernal Blade","Clothesline","Immolate+1","Flame Barrier+1","Hemokinesis+1","Headbutt","Feel No Pain","Barricade","Inflame+1","Rampage+1","True Grit+1","Dual Wield","Headbutt","Anger","Power Through","Burning Pact","Shockwave+1","Limit Break"],"relics":["Burning Blood","Champion Belt","Strawberry","Orichalcum","Mercury Hourglass","Runic Cube","Tiny Chest","Omamori","Kunai","WingedGreaves"],"potions_floor_usage":[23,25],"damage_taken":[{"damage":5,"enemies":"Small Slimes","floor":1,"turns":4},{"damage":6,"enemies":"Cultist","floor":2,"turns":3},{"damage":0,"enemies":"Jaw Worm","floor":3,"turns":3},{"damage":8,"enemies":"Looter","floor":4,"turns":4},{"damage":18,"enemies":"Gremlin Nob","floor":6,"turns":4},{"damage":6,"enemies":"3 Louse","floor":7,"turns":2},{"damage":6,"enemies":"Lots of Slimes","floor":11,"turns":3},{"damage":20,"enemies":"Lagavulin","floor":13,"turns":5},{"damage":0,"enemies":"Large Slime","floor":14,"turns":4},{"damage":37,"enemies":"The Guardian","floor":16,"turns":10},{"damage":25,"enemies":"2 Thieves","floor":18,"turns":3},{"damage":4,"enemies":"Chosen","floor":19,"turns":3},{"damage":2,"enemies":"Snecko","floor":24,"turns":4},{"damage":45,"enemies":"Slavers","floor":25,"turns":4},{"damage":7,"enemies":"Cultist and Chosen","floor":28,"turns":5},{"damage":14,"enemies":"Snake Plant","floor":29,"turns":4},{"damage":4,"enemies":"Chosen and Byrds","floor":30,"turns":7},{"damage":39,"enemies":"Book of Stabbing","floor":31,"turns":7},{"damage":82,"enemies":"Automaton","floor":33,"turns":6}],"seed_played":"-509304043464421993","potions_obtained":[{"floor":1,"key":"Weak Potion"},{"floor":4,"key":"BloodPotion"},{"floor":7,"key":"Fire Potion"},{"floor":14,"key":"LiquidBronze"},{"floor":22,"key":"Fruit Juice"},{"floor":29,"key":"Explosive Potion"}],"is_trial":false,"path_per_floor":["M","M","M","M","?","E","M","R","T","?","M","R","E","M","R","B",null,"M","M","?","$","?","R","M","E","T","R","M","M","M","E","R","B"],"character_chosen":"IRONCLAD","items_purchased":["Headbutt","Tiny Chest"],"campfire_rested":2,"item_purchase_floors":[21,21],"current_hp_per_floor":[73,73,79,77,77,72,72,72,72,72,72,72,58,64,64,33,74,55,57,57,57,57,62,66,27,27,54,53,45,47,14,41,0],"gold":313,"neow_bonus":"REMOVE_CARD","is_prod":false,"is_daily":false,"chose_seed":false,"campfire_upgraded":4,"win_rate":0,"timestamp":1554414986,"path_taken":["M","M","M","M","?","E","?","R","T","?","M","R","E","M","R","BOSS","M","M","?","$","?","R","?","E","T","R","M","?","M","E","R","BOSS"],"build_version":"2019-01-23","purchased_purges":1,"victory":false,"max_hp_per_floor":[80,80,80,80,80,87,87,87,87,87,87,87,87,87,87,87,87,87,87,87,87,87,92,92,92,92,92,92,92,92,92,92,92],"card_choices":[{"not_picked":["Ghostly Armor","Havoc"],"picked":"Infernal Blade","floor":1},{"not_picked":["Havoc","Sword Boomerang"],"picked":"Clothesline","floor":2},{"not_picked":["Thunderclap","Second Wind"],"picked":"Immolate","floor":3},{"not_picked":["Evolve","Iron Wave"],"picked":"Flame Barrier","floor":4},{"not_picked":["Corruption","Berserk"],"picked":"Hemokinesis","floor":6},{"not_picked":["Hemokinesis","Heavy Blade","Fire Breathing"],"picked":"SKIP","floor":7},{"not_picked":["Wild Strike","Sever Soul"],"picked":"Headbutt","floor":11},{"not_picked":["Pommel Strike","Perfected Strike","Body Slam"],"picked":"SKIP","floor":13},{"not_picked":["Flex","Thunderclap"],"picked":"Feel No Pain","floor":14},{"not_picked":["Berserk","Reaper"],"picked":"Barricade","floor":16},{"not_picked":["Warcry","Reckless Charge"],"picked":"Inflame+1","floor":18},{"not_picked":["Warcry+1","Clash+1"],"picked":"Rampage+1","floor":19},{"not_picked":["Warcry","Clash"],"picked":"Anger","floor":24},{"not_picked":["Fire Breathing","Body Slam"],"picked":"Power Through","floor":25},{"not_picked":["Uppercut","Rampage"],"picked":"Burning Pact","floor":28},{"not_picked":["Cleave","Sentinel","Rage"],"picked":"SKIP","floor":29},{"not_picked":["Searing Blow","Combust"],"picked":"Shockwave+1","floor":30},{"not_picked":["Wild Strike","Headbutt"],"picked":"Limit Break","floor":31}],"player_experience":153757,"relics_obtained":[{"floor":5,"key":"Champion Belt"},{"floor":6,"key":"Strawberry"},{"floor":9,"key":"Orichalcum"},{"floor":13,"key":"Mercury Hourglass"},{"floor":25,"key":"Omamori"},{"floor":26,"key":"Kunai"},{"floor":31,"key":"WingedGreaves"}],"event_choices":[{"damage_healed":0,"gold_gain":0,"player_choice":"Relic","damage_taken":0,"max_hp_gain":0,"max_hp_loss":0,"event_name":"Wheel of Change","floor":5,"gold_loss":0},{"damage_healed":0,"gold_gain":0,"player_choice":"Grow","damage_taken":0,"max_hp_gain":0,"max_hp_loss":0,"event_name":"Living Wall","floor":10,"gold_loss":0,"cards_upgraded":["Immolate"]},{"damage_healed":0,"gold_gain":0,"cards_transformed":["Strike_R","Strike_R"],"player_choice":"Became Test Subject","damage_taken":0,"max_hp_gain":0,"max_hp_loss":0,"event_name":"Drug Dealer","floor":20,"gold_loss":0,"cards_obtained":["True Grit","Dual Wield"]},{"damage_healed":0,"gold_gain":0,"player_choice":"Got Potions","damage_taken":0,"max_hp_gain":0,"max_hp_loss":0,"event_name":"Lab","floor":22,"gold_loss":0}],"is_beta":false,"boss_relics":[{"not_picked":["Eternal Feather","White Beast Statue"],"picked":"Runic Cube"}],"items_purged_floors":[21],"is_endless":false,"potions_floor_spawned":[1,4,7,14,16,18,29],"killed_by":"Automaton","ascension_level":8}