{"gold_per_floor":[119,119,18,18,18,18,31,48,48,66,76,76,76,76,76,176,176,189,209,26,43,43,77,77,0,0,25,25,25,43,43,43,141,141,160,17,33,33,33],"floor_reached":39,"playtime":1282,"items_purged":["Strike_B","Defend_B"],"score":409,"play_id":"81b321a5-a762-4f42-aae5-8e30aebdc21b","local_time":"20181114193230","is_ascension_mode":false,"campfire_choices":[{"floor":6,"key":"REST"},{"data":"Darkness","floor":12,"key":"SMITH"},{"floor":15,"key":"REST"},{"floor":24,"key":"REST"},{"floor":29,"key":"REST"},{"floor":32,"key":"REST"}],"neow_cost":"NONE","seed_source_timestamp":92052213067579,"circlet_count":0,"master_deck":["Strike_B","Strike_B","Strike_B","Defend_B","Defend_B","Zap","Dualcast","Redo+1","Redo+1","Leap","Darkness+1","Stack","Go for the Eyes","Capacitor","Good Instincts","Ball Lightning+1","Chaos","Beam Cell","Doom and Gloom","Capacitor","Seek","Beam Cell"],"relics":["Cracked Core","Regal Pillow","Letter Opener","Fusion Hammer","MutagenicStrength","Ornamental Fan","Sundial","Centennial Puzzle","Busted Crown","Happy Flower"],"potions_floor_usage":[8,8,16,23,27,33,33,37],"damage_taken":[{"damage":5,"enemies":"Cultist","floor":1,"turns":4},{"damage":5,"enemies":"2 Louse","floor":2,"turns":2},{"damage":3,"enemies":"Small Slimes","floor":7,"turns":3},{"damage":6,"enemies":"Exordium Wildlife","floor":8,"turns":5},{"damage":6,"enemies":"Looter","floor":10,"turns":3},{"damage":3,"enemies":"Large Slime","floor":11,"turns":5},{"damage":52,"enemies":"The Guardian","floor":16,"turns":8},{"damage":10,"enemies":"3 Byrds","floor":18,"turns":4},{"damage":16,"enemies":"2 Thieves","floor":19,"turns":4},{"damage":26,"enemies":"3 Cultists","floor":21,"turns":5},{"damage":21,"enemies":"Book of Stabbing","floor":23,"turns":5},{"damage":26,"enemies":"Gremlin Leader","floor":27,"turns":5},{"damage":19,"enemies":"Centurion and Healer","floor":30,"turns":4},{"damage":67,"enemies":"Automaton","floor":33,"turns":9},{"damage":50,"enemies":"3 Darklings","floor":35,"turns":6},{"damage":5,"enemies":"Orb Walker","floor":37,"turns":3},{"damage":27,"enemies":"Sphere and 2 Shapes","floor":39,"turns":3}],"seed_played":"-1497053342571082148","potions_obtained":[{"floor":1,"key":"Dexterity Potion"},{"floor":7,"key":"Energy Potion"},{"floor":11,"key":"Swift Potion"},{"floor":21,"key":"SkillPotion"},{"floor":23,"key":"FocusPotion"},{"floor":27,"key":"GamblersBrew"},{"floor":30,"key":"Energy Potion"},{"floor":35,"key":"SkillPotion"}],"is_trial":false,"path_per_floor":["M","M","$","?","?","R","M","M","T","M","M","R","?","?","R","B",null,"M","M","$","M","?","E","R","?","T","E","$","R","M","?","R","B",null,"M","$","M","?","M"],"character_chosen":"DEFECT","items_purchased":["Leap","Good Instincts","Happy Flower"],"campfire_rested":5,"item_purchase_floors":[3,20,36],"current_hp_per_floor":[77,72,72,65,62,82,79,73,73,67,64,64,48,48,82,30,82,72,56,56,30,30,9,48,48,48,22,22,61,42,42,81,14,82,32,32,27,27,0],"gold":33,"neow_bonus":"TEN_PERCENT_HP_BONUS","is_prod":false,"is_daily":false,"chose_seed":false,"campfire_upgraded":1,"win_rate":0,"timestamp":1542252750,"path_taken":["M","?","$","?","?","R","M","M","T","M","M","R","?","?","R","BOSS","M","M","$","M","?","E","R","?","T","E","?","R","M","?","R","BOSS","M","$","M","?","M"],"build_version":"2018-11-08","purchased_purges":2,"victory":false,"max_hp_per_floor":[82,82,82,82,82,82,82,82,82,82,82,82,82,82,82,82,82,82,82,82,82,82,82,82,82,82,82,82,82,82,82,82,82,82,82,82,82,82,82],"card_choices":[{"not_picked":["Double Energy","Gash"],"picked":"Redo","floor":1},{"not_picked":["Beam Cell","Coolheaded"],"picked":"Redo","floor":2},{"not_picked":["Redo","Aggregate","Steam"],"picked":"SKIP","floor":7},{"not_picked":["Consume","Buffer"],"picked":"Darkness","floor":8},{"not_picked":["Compile Driver","Coolheaded"],"picked":"Stack","floor":10},{"not_picked":["Coolheaded","Reprogram"],"picked":"Go for the Eyes","floor":11},{"not_picked":["Steam","Glacier","Heatsinks"],"picked":"SKIP","floor":18},{"not_picked":["Gash+1","Coolheaded+1"],"picked":"Capacitor","floor":19},{"not_picked":["Rebound","Go for the Eyes"],"picked":"Ball Lightning+1","floor":21},{"not_picked":["Compile Driver","Leap+1"],"picked":"Chaos","floor":23},{"not_picked":["Sweeping Beam","Compile Driver"],"picked":"Beam Cell","floor":27},{"not_picked":["Streamline","Turbo+1"],"picked":"Doom and Gloom","floor":30},{"not_picked":["Echo Form","Amplify"],"picked":"Seek","floor":33},{"not_picked":["Steam Power+1"],"picked":"SKIP","floor":35},{"not_picked":[],"picked":"Beam Cell","floor":37}],"player_experience":92278,"relics_obtained":[{"floor":9,"key":"Letter Opener"},{"floor":23,"key":"Ornamental Fan"},{"floor":26,"key":"Sundial"},{"floor":27,"key":"Centennial Puzzle"}],"event_choices":[{"cards_removed":["Defend_B"],"damage_healed":0,"gold_gain":0,"player_choice":"Card Removal","damage_taken":7,"max_hp_gain":0,"max_hp_loss":0,"event_name":"Golden Wing","floor":4,"gold_loss":0},{"damage_healed":0,"gold_gain":0,"player_choice":"Success","damage_taken":3,"relics_obtained":["Regal Pillow"],"max_hp_gain":0,"max_hp_loss":0,"event_name":"Scrap Ooze","floor":5,"gold_loss":0},{"damage_healed":0,"gold_gain":0,"player_choice":"Entered Light","damage_taken":16,"max_hp_gain":0,"max_hp_loss":0,"event_name":"Shining Light","floor":13,"gold_loss":0,"cards_upgraded":["Redo","Redo"]},{"damage_healed":0,"gold_gain":0,"player_choice":"Searched \u00270\u0027 times","damage_taken":0,"max_hp_gain":0,"max_hp_loss":0,"event_name":"Dead Adventurer","floor":14,"gold_loss":0},{"damage_healed":0,"gold_gain":0,"player_choice":"Inject Mutagens","damage_taken":0,"relics_obtained":["MutagenicStrength"],"max_hp_gain":0,"max_hp_loss":0,"event_name":"Drug Dealer","floor":22,"gold_loss":0},{"damage_healed":0,"gold_gain":0,"player_choice":"Paid Fearfully","damage_taken":0,"max_hp_gain":0,"max_hp_loss":0,"event_name":"Masked Bandits","floor":25,"gold_loss":77},{"damage_healed":0,"gold_gain":0,"player_choice":"Copied","damage_taken":0,"max_hp_gain":0,"max_hp_loss":0,"event_name":"Duplicator","floor":31,"gold_loss":0,"cards_obtained":["Capacitor"]},{"damage_healed":0,"gold_gain":0,"player_choice":"Ignored","damage_taken":0,"max_hp_gain":0,"max_hp_loss":0,"event_name":"Mysterious Sphere","floor":38,"gold_loss":0}],"is_beta":false,"boss_relics":[{"not_picked":["Runic Dome","Cursed Key"],"picked":"Fusion Hammer"},{"not_picked":["Orrery","Black Star"],"picked":"Busted Crown"}],"items_purged_floors":[3,20],"is_endless":false,"potions_floor_spawned":[1,7,11,21,23,27,30,35],"killed_by":"Sphere and 2 Shapes","ascension_level":0}