{"gold_per_floor":[116,135,135,150,150,150,188,211,211,232,14,28,64,64,64,194,194,219,18,18,18,117,161,86,86,113,53,87,87,126,147,147,267,267,280,300,633,633,633,659,659,688,688,688,701,57,72,72,72,72],"floor_reached":51,"playtime":3567,"items_purged":["Strike_B","Strike_B"],"score":805,"play_id":"0a06d761-1488-4adb-9bb4-82a6ee0ae94e","local_time":"20190403203346","is_ascension_mode":true,"campfire_choices":[{"data":"Dualcast","floor":6,"key":"SMITH"},{"data":"Defragment","floor":15,"key":"SMITH"},{"data":"Seek","floor":25,"key":"SMITH"},{"data":"Rainbow","floor":32,"key":"SMITH"},{"data":"Creative AI","floor":41,"key":"SMITH"},{"data":"Hologram","floor":44,"key":"SMITH"},{"floor":49,"key":"REST"}],"neow_cost":"NONE","seed_source_timestamp":1988656800378527,"circlet_count":0,"master_deck":["Defend_B","Defend_B","Defend_B","Defend_B","Zap+1","Dualcast+1","Tempest","Ball Lightning","Defragment+1","Glacier","Hologram","BootSequence","Rainbow+1","Hologram+1","Steam","Seek+1","Cold Snap+1","Ball Lightning+1","Chaos+1","Hologram+1","Ball Lightning+1","Creative AI+1","Reinforced Body+1","Loop+1","Coolheaded+1","Streamline","Panacea"],"relics":["FrozenCore","Art of War","Juzu Bracelet","The Courier","Sozu","Matryoshka","Symbiotic Virus","Boot","Pen Nib","Whetstone","Oddly Smooth Stone","Thread and Needle","Dream Catcher","Regal Pillow","Happy Flower","Centennial Puzzle","MealTicket","Ancient Tea Set","Bag of Marbles"],"potions_floor_usage":[13,16,33,50],"damage_taken":[{"damage":0,"enemies":"2 Louse","floor":1,"turns":2},{"damage":1,"enemies":"Jaw Worm","floor":2,"turns":3},{"damage":10,"enemies":"Small Slimes","floor":4,"turns":3},{"damage":25,"enemies":"3 Sentries","floor":7,"turns":6},{"damage":10,"enemies":"Exordium Wildlife","floor":8,"turns":4},{"damage":0,"enemies":"Large Slime","floor":10,"turns":4},{"damage":0,"enemies":"Blue Slaver","floor":12,"turns":3},{"damage":3,"enemies":"Lagavulin","floor":13,"turns":6},{"damage":24,"enemies":"The Guardian","floor":16,"turns":9},{"damage":0,"enemies":"Chosen","floor":18,"turns":4},{"damage":8,"enemies":"Book of Stabbing","floor":23,"turns":5},{"damage":2,"enemies":"Slavers","floor":28,"turns":5},{"damage":11,"enemies":"Book of Stabbing","floor":30,"turns":4},{"damage":0,"enemies":"2 Thieves","floor":31,"turns":3},{"damage":52,"enemies":"Automaton","floor":33,"turns":11},{"damage":20,"enemies":"3 Darklings","floor":35,"turns":6},{"damage":0,"enemies":"Orb Walker","floor":36,"turns":3},{"damage":26,"enemies":"Giant Head","floor":40,"turns":10},{"damage":4,"enemies":"Nemesis","floor":42,"turns":7},{"damage":2,"enemies":"Jaw Worm Horde","floor":45,"turns":4},{"damage":0,"enemies":"Transient","floor":47,"turns":5},{"damage":24,"enemies":"Awakened One","floor":50,"turns":17}],"seed_played":"-4724450076750070107","potions_obtained":[{"floor":1,"key":"Dexterity Potion"},{"floor":7,"key":"FocusPotion"},{"floor":10,"key":"LiquidBronze"},{"floor":16,"key":"Fire Potion"}],"is_trial":false,"path_per_floor":["M","M","?","M","?","R","E","M","T","M","$","M","E","?","R","B",null,"M","$","?","?","?","E","?","R","T","$","E","?","E","M","R","B",null,"M","M","?","?","?","E","R","E","T","R","M","$","M","?","R","B",null],"character_chosen":"DEFECT","items_purchased":["BootSequence","Rainbow","Matryoshka","Centennial Puzzle","MealTicket","Ancient Tea Set","Bag of Marbles","Streamline"],"campfire_rested":1,"item_purchase_floors":[11,11,19,46,46,46,46,46],"current_hp_per_floor":[82,81,81,71,51,51,26,16,16,16,16,16,13,33,33,9,82,82,82,82,82,82,74,74,74,74,74,72,72,61,61,61,9,79,59,59,59,79,79,53,53,49,49,49,47,47,47,47,79,55],"gold":72,"neow_bonus":"TEN_PERCENT_HP_BONUS","is_prod":false,"is_daily":false,"chose_seed":false,"campfire_upgraded":6,"win_rate":0,"timestamp":1554320026,"path_taken":["M","M","?","M","?","R","E","M","T","M","$","M","E","?","R","BOSS","M","$","?","?","?","E","?","R","T","$","E","?","E","M","R","BOSS","M","M","?","?","?","E","R","E","T","R","M","$","M","?","R","BOSS"],"build_version":"2019-01-23","purchased_purges":2,"victory":true,"max_hp_per_floor":[82,82,82,82,82,82,82,82,82,82,82,82,82,82,82,82,82,82,82,82,82,82,82,79,79,79,79,79,79,79,79,79,79,79,79,79,79,79,79,79,79,79,79,79,79,79,79,79,79,79],"card_choices":[{"not_picked":["Cold Snap","Coolheaded"],"picked":"Tempest","floor":1},{"not_picked":["Conserve Battery","Leap","Stack"],"picked":"SKIP","floor":2},{"not_picked":["Redo","Leap"],"picked":"Ball Lightning","floor":4},{"not_picked":["Redo","Hello World"],"picked":"Defragment","floor":7},{"not_picked":["Coolheaded","Rebound"],"picked":"Glacier","floor":8},{"not_picked":["Fission","Recycle"],"picked":"Hologram","floor":10},{"not_picked":["Streamline","Chaos"],"picked":"Hologram","floor":12},{"not_picked":["Loop","Ball Lightning"],"picked":"Steam","floor":13},{"not_picked":["Fission","Amplify"],"picked":"Seek","floor":16},{"not_picked":["Conserve Battery","Blizzard"],"picked":"Cold Snap","floor":18},{"not_picked":["Cold Snap","Force Field+1"],"picked":"Chaos+1","floor":23},{"not_picked":["Heatsinks","Scrape+1"],"picked":"Hologram+1","floor":28},{"not_picked":["Genetic Algorithm","Meteor Strike"],"picked":"Ball Lightning+1","floor":30},{"not_picked":["Compile Driver","Sweeping Beam","Aggregate"],"picked":"SKIP","floor":31},{"not_picked":["Rainbow","Electrodynamics"],"picked":"Creative AI","floor":33},{"not_picked":["Cold Snap","Genetic Algorithm+1"],"picked":"Reinforced Body+1","floor":35},{"not_picked":["Streamline+1","Gash"],"picked":"Loop+1","floor":36},{"not_picked":["Conserve Battery+1","Undo+1","Biased Cognition"],"picked":"SKIP","floor":40},{"not_picked":["Aggregate+1","Go for the Eyes","Leap"],"picked":"SKIP","floor":42},{"not_picked":["BootSequence","Barrage+1"],"picked":"Coolheaded+1","floor":45},{"not_picked":["Hologram+1","Coolheaded","Rip and Tear"],"picked":"SKIP","floor":47},{"not_picked":["Violence","Good Instincts"],"picked":"Panacea","floor":48}],"player_experience":1697603,"relics_obtained":[{"floor":7,"key":"Art of War"},{"floor":9,"key":"Juzu Bracelet"},{"floor":13,"key":"The Courier"},{"floor":23,"key":"Symbiotic Virus"},{"floor":26,"key":"Boot"},{"floor":26,"key":"Pen Nib"},{"floor":28,"key":"Whetstone"},{"floor":30,"key":"Oddly Smooth Stone"},{"floor":40,"key":"Thread and Needle"},{"floor":42,"key":"Dream Catcher"},{"floor":43,"key":"Regal Pillow"},{"floor":43,"key":"Happy Flower"}],"event_choices":[{"damage_healed":0,"gold_gain":0,"player_choice":"Grow","damage_taken":0,"max_hp_gain":0,"max_hp_loss":0,"event_name":"Living Wall","floor":3,"gold_loss":0,"cards_upgraded":["Zap"]},{"damage_healed":0,"gold_gain":0,"player_choice":"Take Damage","damage_taken":20,"relics_obtained":["Golden Idol"],"max_hp_gain":0,"max_hp_loss":0,"event_name":"Golden Idol","floor":5,"gold_loss":0},{"damage_healed":20,"gold_gain":0,"player_choice":"Healed and dodged fight","damage_taken":0,"max_hp_gain":0,"max_hp_loss":0,"event_name":"Mushrooms","floor":14,"gold_loss":0,"cards_obtained":["Parasite"]},{"damage_healed":0,"gold_gain":0,"cards_transformed":["Strike_B","Strike_B"],"player_choice":"Became Test Subject","damage_taken":0,"max_hp_gain":0,"max_hp_loss":0,"event_name":"Drug Dealer","floor":20,"gold_loss":0,"cards_obtained":["Force Field","Ball Lightning"]},{"damage_healed":0,"gold_gain":0,"player_choice":"Ignored","damage_taken":0,"max_hp_gain":0,"max_hp_loss":0,"event_name":"Ghosts","floor":21,"gold_loss":0},{"damage_healed":0,"gold_gain":99,"player_choice":"Stole From Cult","damage_taken":0,"max_hp_gain":0,"max_hp_loss":0,"event_name":"Nest","floor":22,"gold_loss":0},{"cards_removed":["Parasite"],"damage_healed":0,"gold_gain":0,"player_choice":"Gave Gold","damage_taken":0,"max_hp_gain":0,"max_hp_loss":0,"event_name":"Beggar","floor":24,"gold_loss":75},{"damage_healed":0,"gold_gain":0,"player_choice":"Ignored","damage_taken":0,"max_hp_gain":0,"max_hp_loss":0,"event_name":"Vampires","floor":29,"gold_loss":0},{"damage_healed":0,"gold_gain":333,"player_choice":"Gave Idol","damage_taken":0,"max_hp_gain":0,"max_hp_loss":0,"event_name":"The Moai Head","floor":37,"relics_lost":["Golden Idol"],"gold_loss":0},{"cards_removed":["Force Field"],"damage_healed":20,"gold_gain":0,"player_choice":"Offered Uncommon","damage_taken":0,"max_hp_gain":0,"max_hp_loss":0,"event_name":"Bonfire Elementals","floor":38,"gold_loss":0},{"damage_healed":0,"gold_gain":0,"player_choice":"0 cards matched","damage_taken":0,"max_hp_gain":0,"max_hp_loss":0,"event_name":"Match and Keep!","floor":39,"gold_loss":0,"cards_obtained":[]},{"damage_healed":0,"gold_gain":0,"player_choice":"Memory 1","damage_taken":0,"max_hp_gain":0,"max_hp_loss":0,"event_name":"SensoryStone","floor":48,"gold_loss":0}],"is_beta":false,"boss_relics":[{"not_picked":["Eternal Feather","Fusion Hammer"],"picked":"Sozu"},{"not_picked":["Tiny House","Philosopher\u0027s Stone"],"picked":"FrozenCore"}],"items_purged_floors":[27,46],"is_endless":false,"potions_floor_spawned":[1,7,10,16,30,35,36,42,47],"ascension_level":1}