{"gold_per_floor":[115,132,145,220,94,126,138,155,205,205],"floor_reached":10,"playtime":399,"items_purged":[],"score":84,"play_id":"e6cfea36-1b3a-42e2-b4e4-9378585dfdda","local_time":"20180815220649","is_ascension_mode":true,"campfire_choices":[],"neow_cost":"NONE","seed_source_timestamp":41492327989210,"circlet_count":0,"master_deck":["Strike_B","Strike_B","Strike_B","Strike_B","Defend_B","Defend_B","Defend_B","Defend_B","Zap","Dualcast","Capacitor","Gash","Gash","Scrape","Hologram","Core Surge","Steam","Steam"],"relics":["Cracked Core","Art of War","Cables","Regal Pillow"],"potions_floor_usage":[6,10],"damage_taken":[{"damage":2,"enemies":"Jaw Worm","floor":1,"turns":2},{"damage":6,"enemies":"Small Slimes","floor":2,"turns":3},{"damage":0,"enemies":"Cultist","floor":3,"turns":4},{"damage":30,"enemies":"3 Sentries","floor":6,"turns":6},{"damage":18,"enemies":"Large Slime","floor":7,"turns":4},{"damage":7,"enemies":"Exordium Thugs","floor":8,"turns":4},{"damage":18,"enemies":"Lagavulin","floor":10,"turns":3}],"seed_played":"-8077677942785300255","potions_obtained":[{"floor":1,"key":"Swift Potion"},{"floor":3,"key":"Regen Potion"},{"floor":6,"key":"Dexterity Potion"}],"is_trial":false,"path_per_floor":["M","M","M","?","$","E","M","M","T"],"character_chosen":"DEFECT","items_purchased":["Scrape","Hologram"],"campfire_rested":0,"item_purchase_floors":[5,5],"current_hp_per_floor":[73,67,67,56,56,41,23,16,16,0],"gold":205,"neow_bonus":"RANDOM_COMMON_RELIC","is_prod":false,"is_daily":false,"chose_seed":false,"campfire_upgraded":0,"win_rate":0,"timestamp":1534396009,"path_taken":["M","M","M","?","$","E","M","?","T","E"],"build_version":"2018-08-09","purchased_purges":0,"victory":false,"max_hp_per_floor":[75,75,75,75,75,75,75,75,75,75],"card_choices":[{"not_picked":["Steam","Go for the Eyes"],"picked":"Capacitor","floor":1},{"not_picked":["Double Energy","Force Field"],"picked":"Gash","floor":2},{"not_picked":["Capacitor","Hello World"],"picked":"Gash","floor":3},{"not_picked":["Barrage","Capacitor"],"picked":"Core Surge","floor":6},{"not_picked":["Streamline","Storm"],"picked":"Steam","floor":7},{"not_picked":["Beam Cell","Stack"],"picked":"Steam","floor":8}],"player_experience":76455,"relics_obtained":[{"floor":6,"key":"Cables"},{"floor":9,"key":"Regal Pillow"}],"event_choices":[{"event_name":"World of Goop","player_choice":"Gather Gold","floor":4,"damage_taken":0}],"is_beta":false,"boss_relics":[],"items_purged_floors":[],"is_endless":false,"potions_floor_spawned":[1,3,6],"killed_by":"Lagavulin","ascension_level":4}