{"gold_per_floor":[18,18,28,38,53,53,18,18,18,52,52,67,67,18,18,116,116,135,135,31,103,103,123,123,137,161,13,26,26,42,55,55,55],"floor_reached":33,"playtime":872,"items_purged":[],"score":284,"play_id":"1160ba8e-af7a-4960-adae-3e1fb256a4bb","local_time":"20181229182509","is_ascension_mode":true,"campfire_choices":[{"floor":6,"key":"REST"},{"floor":13,"key":"REST"},{"data":"Defragment","floor":15,"key":"SMITH"},{"floor":24,"key":"REST"},{"floor":32,"key":"REST"}],"neow_cost":"NO_GOLD","seed_source_timestamp":71573805003887,"circlet_count":0,"master_deck":["Strike_B","Strike_B","Strike_B","Defend_B","Defend_B","Defend_B","Zap","Dualcast","Swift Strike","Redo+1","Defragment+1","Sweeping Beam+1","White Noise","Ball Lightning","Rebound","Thunder Strike","Consume","Consume","Lockon","BootSequence","Rebound+1"],"relics":["Cracked Core","Pear","Anchor","Eternal Feather","Darkstone Periapt","Vajra","Strawberry"],"potions_floor_usage":[5,10,16,16,30],"damage_taken":[{"damage":7,"enemies":"2 Louse","floor":1,"turns":2},{"damage":7,"enemies":"Small Slimes","floor":3,"turns":2},{"damage":6,"enemies":"Cultist","floor":4,"turns":3},{"damage":10,"enemies":"Exordium Thugs","floor":5,"turns":3},{"damage":26,"enemies":"Lagavulin","floor":10,"turns":5},{"damage":2,"enemies":"Blue Slaver","floor":12,"turns":2},{"damage":51,"enemies":"The Guardian","floor":16,"turns":7},{"damage":42,"enemies":"3 Byrds","floor":18,"turns":5},{"damage":37,"enemies":"2 Thieves","floor":23,"turns":4},{"damage":23,"enemies":"Snecko","floor":25,"turns":4},{"damage":31,"enemies":"Cultist and Chosen","floor":28,"turns":5},{"damage":38,"enemies":"Centurion and Healer","floor":30,"turns":7},{"damage":28,"enemies":"Snecko","floor":31,"turns":5},{"damage":40,"enemies":"Automaton","floor":33,"turns":4}],"seed_played":"-9193575315502841156","potions_obtained":[{"floor":1,"key":"Energy Potion"},{"floor":5,"key":"Ancient Potion"},{"floor":10,"key":"Weak Potion"},{"floor":23,"key":"SteroidPotion"},{"floor":28,"key":"FairyPotion"}],"is_trial":false,"path_per_floor":["M","?","M","M","M","R","?","?","T","E","?","M","R","$","R","B",null,"M","?","$","T","T","M","R","M","T","$","M","?","M","M","R","B"],"character_chosen":"DEFECT","items_purchased":["Dexterity Potion","FairyPotion","Strawberry"],"campfire_rested":4,"item_purchase_floors":[14,20,27],"current_hp_per_floor":[68,68,61,55,45,67,75,60,70,44,44,42,67,67,67,16,85,43,85,85,85,85,48,82,59,59,66,35,35,9,1,40,0],"gold":55,"neow_bonus":"RANDOM_COLORLESS_2","is_prod":false,"is_daily":false,"chose_seed":false,"campfire_upgraded":1,"win_rate":0,"timestamp":1546136709,"path_taken":["M","?","M","M","M","R","?","?","T","E","?","?","R","?","R","BOSS","M","?","$","?","?","M","R","M","T","$","M","?","?","M","R","BOSS"],"build_version":"2018-12-20","purchased_purges":0,"victory":false,"max_hp_per_floor":[75,75,75,75,75,75,75,75,85,85,85,85,85,85,85,85,85,85,85,85,85,85,85,85,85,85,92,92,92,92,92,92,92],"card_choices":[{"not_picked":["Go for the Eyes","Double Energy"],"picked":"Redo","floor":1},{"not_picked":["Steam","Barrage"],"picked":"Defragment","floor":3},{"not_picked":["Force Field","Compile Driver"],"picked":"Sweeping Beam","floor":4},{"not_picked":["Steam","Barrage"],"picked":"White Noise","floor":5},{"not_picked":["Steam Power","Chill"],"picked":"Ball Lightning","floor":10},{"not_picked":["Steam Power","Ball Lightning"],"picked":"Rebound","floor":12},{"not_picked":["Meteor Strike","Fission"],"picked":"Thunder Strike","floor":16},{"not_picked":["Leap+1","Ball Lightning+1"],"picked":"Consume","floor":18},{"not_picked":["Sweeping Beam","Skim"],"picked":"Consume","floor":23},{"not_picked":["Go for the Eyes","Streamline"],"picked":"Lockon","floor":25},{"not_picked":["Stack","Turbo"],"picked":"BootSequence","floor":28},{"not_picked":["Turbo+1","Recycle"],"picked":"Rebound+1","floor":30},{"not_picked":["Scrape","Redo","Beam Cell"],"picked":"SKIP","floor":31}],"player_experience":319675,"relics_obtained":[{"floor":9,"key":"Pear"},{"floor":10,"key":"Anchor"},{"floor":22,"key":"Darkstone Periapt"},{"floor":26,"key":"Vajra"}],"event_choices":[{"damage_healed":0,"gold_gain":0,"player_choice":"Ignored","damage_taken":0,"max_hp_gain":0,"max_hp_loss":0,"event_name":"Golden Idol","floor":2,"gold_loss":0},{"damage_healed":18,"gold_gain":0,"player_choice":"Healed","damage_taken":0,"max_hp_gain":0,"max_hp_loss":0,"event_name":"The Cleric","floor":7,"gold_loss":35},{"damage_healed":0,"gold_gain":0,"player_choice":"Entered Light","damage_taken":15,"max_hp_gain":0,"max_hp_loss":0,"event_name":"Shining Light","floor":8,"gold_loss":0,"cards_upgraded":["Redo","Sweeping Beam"]},{"cards_removed":["Strike_B"],"damage_healed":0,"gold_gain":0,"player_choice":"Purged","damage_taken":0,"max_hp_gain":0,"max_hp_loss":0,"event_name":"Purifier","floor":11,"gold_loss":0},{"cards_removed":["Impatience"],"damage_healed":42,"gold_gain":0,"player_choice":"Offered Uncommon","damage_taken":0,"max_hp_gain":0,"max_hp_loss":0,"event_name":"Bonfire Elementals","floor":19,"gold_loss":0},{"cards_removed":["Defend_B"],"damage_healed":0,"gold_gain":0,"player_choice":"Card Removal","damage_taken":0,"max_hp_gain":0,"max_hp_loss":0,"event_name":"Wheel of Change","floor":29,"gold_loss":0}],"is_beta":false,"boss_relics":[{"not_picked":["Empty Cage","Pandora\u0027s Box"],"picked":"Eternal Feather"}],"items_purged_floors":[],"is_endless":false,"potions_floor_spawned":[1,5,10,23,28],"killed_by":"Automaton","ascension_level":1}