{"gold_per_floor":[112,70,70,83,103,103,138,138,138,165,181,263,275,286,286,363,363,374,374,9,29,29,55,55,55],"floor_reached":25,"playtime":1088,"items_purged":["Strike_R"],"score":427,"play_id":"b61230d7-8520-4d55-9031-0ff39c934bd8","local_time":"20190501231137","is_ascension_mode":true,"campfire_choices":[{"data":"Flame Barrier","floor":6,"key":"SMITH"},{"floor":8,"key":"REST"},{"data":"Demon Form","floor":15,"key":"SMITH"},{"data":"Heavy Blade","floor":24,"key":"SMITH"}],"neow_cost":"NONE","seed_source_timestamp":62150286105486,"circlet_count":0,"master_deck":["AscendersBane","Strike_R","Strike_R","Strike_R","Defend_R","Defend_R","Defend_R","Defend_R","Bash+1","Pummel","Flame Barrier+1","Uppercut","Wild Strike","True Grit","Demon Form+1","Flame Barrier","Anger","Heavy Blade+1","True Grit","Feed","Pummel","Reaper","Offering"],"relics":["Burning Blood","Paper Frog","Smiling Mask","Vajra","Gremlin Horn","Cursed Key","PreservedInsect","Anchor"],"potions_floor_usage":[10,18,21],"damage_taken":[{"damage":2,"enemies":"2 Louse","floor":1,"turns":2},{"damage":0,"enemies":"Cultist","floor":4,"turns":3},{"damage":0,"enemies":"Small Slimes","floor":5,"turns":4},{"damage":51,"enemies":"3 Sentries","floor":7,"turns":13},{"damage":11,"enemies":"Gremlin Nob","floor":10,"turns":4},{"damage":1,"enemies":"Exordium Thugs","floor":11,"turns":3},{"damage":0,"enemies":"2 Fungi Beasts","floor":13,"turns":3},{"damage":1,"enemies":"3 Louse","floor":14,"turns":3},{"damage":52,"enemies":"The Guardian","floor":16,"turns":12},{"damage":29,"enemies":"Shell Parasite","floor":18,"turns":6},{"damage":6,"enemies":"2 Thieves","floor":21,"turns":4},{"damage":30,"enemies":"Slavers","floor":23,"turns":4},{"damage":50,"enemies":"Gremlin Leader","floor":25,"turns":6}],"seed_played":"2773782502044566461","potions_obtained":[{"floor":7,"key":"PowerPotion"},{"floor":11,"key":"LiquidBronze"},{"floor":13,"key":"Ancient Potion"},{"floor":16,"key":"Fruit Juice"},{"floor":18,"key":"Dexterity Potion"}],"is_trial":false,"path_per_floor":["M","$","?","M","M","R","E","R","T","E","M","T","M","M","R","B",null,"M","?","$","M","?","E","R","E"],"character_chosen":"IRONCLAD","items_purchased":["Uppercut","Reaper","PreservedInsect"],"campfire_rested":1,"item_purchase_floors":[2,20,20],"current_hp_per_floor":[72,72,72,75,75,75,30,52,52,47,52,52,58,63,63,17,61,43,43,43,51,51,40,40,0],"gold":55,"neow_bonus":"TRANSFORM_CARD","is_prod":false,"is_daily":false,"chose_seed":false,"campfire_upgraded":3,"win_rate":0,"timestamp":1556777497,"path_taken":["M","$","?","M","M","R","E","R","T","E","?","?","M","M","R","BOSS","M","?","?","M","?","E","R","E"],"build_version":"2019-01-23","purchased_purges":1,"victory":false,"max_hp_per_floor":[75,75,75,75,75,75,75,75,75,75,75,75,75,75,75,75,75,80,80,80,80,80,83,83,83],"card_choices":[{"not_picked":["Warcry","Combust"],"picked":"Flame Barrier","floor":1},{"not_picked":["Clash","Perfected Strike"],"picked":"Wild Strike","floor":4},{"not_picked":["Twin Strike","Pommel Strike"],"picked":"True Grit","floor":5},{"not_picked":["Sentinel","Clash"],"picked":"Demon Form","floor":7},{"not_picked":["Metallicize","Entrench"],"picked":"Flame Barrier","floor":10},{"not_picked":["Pommel Strike","Combust"],"picked":"Anger","floor":11},{"not_picked":["Cleave","Ghostly Armor"],"picked":"Heavy Blade","floor":13},{"not_picked":["Warcry","Flex"],"picked":"True Grit","floor":14},{"not_picked":["Bludgeon","Berserk"],"picked":"Feed","floor":16},{"not_picked":["Pommel Strike","Havoc"],"picked":"Pummel","floor":18},{"not_picked":["True Grit","Iron Wave","Searing Blow"],"picked":"SKIP","floor":21},{"not_picked":["Perfected Strike","Warcry"],"picked":"Offering","floor":23}],"player_experience":529007,"relics_obtained":[{"floor":7,"key":"Paper Frog"},{"floor":9,"key":"Smiling Mask"},{"floor":10,"key":"Vajra"},{"floor":12,"key":"Gremlin Horn"},{"floor":23,"key":"Anchor"}],"event_choices":[{"damage_healed":0,"gold_gain":0,"player_choice":"Forge","damage_taken":0,"max_hp_gain":0,"max_hp_loss":0,"event_name":"Accursed Blacksmith","floor":3,"gold_loss":0,"cards_upgraded":["Bash"]},{"damage_healed":0,"gold_gain":0,"player_choice":"Ignored","damage_taken":0,"max_hp_gain":0,"max_hp_loss":0,"event_name":"The Mausoleum","floor":19,"gold_loss":0},{"damage_healed":0,"gold_gain":0,"player_choice":"Ignored","damage_taken":0,"max_hp_gain":0,"max_hp_loss":0,"event_name":"Beggar","floor":22,"gold_loss":0}],"is_beta":false,"boss_relics":[{"not_picked":["White Beast Statue","Coffee Dripper"],"picked":"Cursed Key"}],"items_purged_floors":[20],"is_endless":false,"potions_floor_spawned":[7,11,13,16,18],"killed_by":"Gremlin Leader","ascension_level":17}