{"gold_per_floor":[109,109,109,184,201,231,231,262,286,286,301,137,27,27,27,106,106,119,136,61,78,78,78,92,124,170,170],"floor_reached":27,"playtime":1057,"items_purged":["Strike_R"],"score":466,"play_id":"abb8c2bf-ab88-4650-8858-16db887723f8","local_time":"20190504220430","is_ascension_mode":true,"campfire_choices":[{"data":"Wild Strike","floor":7,"key":"SMITH"},{"floor":10,"key":"REST"},{"data":"Rampage","floor":15,"key":"SMITH"},{"floor":23,"key":"REST"}],"neow_cost":"NONE","seed_source_timestamp":138589650076836,"circlet_count":0,"master_deck":["AscendersBane","Strike_R","Strike_R","Strike_R","Strike_R","Defend_R","Defend_R","Defend_R","Defend_R","Bash+1","Warcry","Inflame+1","Wild Strike+1","Corruption","Rampage+1","Shrug It Off","Dark Embrace","Flex+1","Uppercut+1","Inflame","Pummel+1","Rage","Shrug It Off+1"],"relics":["Burning Blood","Regal Pillow","Bronze Scales","PreservedInsect","Runic Pyramid","Question Card","Potion Belt"],"potions_floor_usage":[6,16,16,21,25,25],"damage_taken":[{"damage":21,"enemies":"Small Slimes","floor":1,"turns":4},{"damage":2,"enemies":"Jaw Worm","floor":5,"turns":4},{"damage":20,"enemies":"Gremlin Nob","floor":6,"turns":4},{"damage":35,"enemies":"Lagavulin","floor":8,"turns":5},{"damage":1,"enemies":"2 Louse","floor":11,"turns":2},{"damage":39,"enemies":"Hexaghost","floor":16,"turns":9},{"damage":32,"enemies":"3 Byrds","floor":18,"turns":5},{"damage":27,"enemies":"Chosen","floor":19,"turns":6},{"damage":24,"enemies":"Snake Plant","floor":21,"turns":3},{"damage":0,"enemies":"Snecko","floor":24,"turns":3},{"damage":56,"enemies":"Gremlin Leader","floor":25,"turns":5},{"damage":13,"enemies":"Chosen and Byrds","floor":27,"turns":4}],"seed_played":"4537100917034872981","potions_obtained":[{"floor":5,"key":"Block Potion"},{"floor":8,"key":"Swift Potion"},{"floor":16,"key":"Regen Potion"},{"floor":18,"key":"Poison Potion"},{"floor":21,"key":"PowerPotion"}],"is_trial":false,"path_per_floor":["M","?","?","?","M","E","R","E","T","R","M","$","$","?","R","B",null,"M","M","$","M","$","R","M","E","T","M"],"character_chosen":"IRONCLAD","items_purchased":["Rampage","Shrug It Off","Dexterity Potion","Inflame"],"campfire_rested":2,"item_purchase_floors":[12,13,13,20],"current_hp_per_floor":[60,60,65,54,58,44,44,15,15,56,61,61,61,61,61,28,72,46,25,25,16,16,57,63,13,13,0],"gold":170,"neow_bonus":"TEN_PERCENT_HP_BONUS","is_prod":false,"is_daily":false,"chose_seed":false,"campfire_upgraded":2,"win_rate":0,"timestamp":1557032670,"path_taken":["M","?","?","?","M","E","R","E","T","R","M","?","$","?","R","BOSS","M","?","$","M","$","R","M","E","T","M"],"build_version":"2019-01-23","purchased_purges":1,"victory":false,"max_hp_per_floor":[82,82,87,87,87,87,87,87,87,87,87,87,87,87,87,87,87,87,87,87,87,87,87,87,87,87,87],"card_choices":[{"not_picked":["Sentinel","Entrench"],"picked":"Warcry","floor":1},{"not_picked":["Sword Boomerang","Wild Strike"],"picked":"Inflame","floor":5},{"not_picked":["Entrench","Infernal Blade"],"picked":"Wild Strike","floor":6},{"not_picked":["Iron Wave","Dual Wield","Entrench"],"picked":"SKIP","floor":8},{"not_picked":["Iron Wave","Thunderclap"],"picked":"Corruption","floor":11},{"not_picked":["Double Tap","Reaper"],"picked":"Dark Embrace","floor":16},{"not_picked":["Wild Strike","Second Wind"],"picked":"Flex+1","floor":18},{"not_picked":["Clash","Clothesline"],"picked":"Uppercut+1","floor":19},{"not_picked":["Fire Breathing","Sever Soul"],"picked":"Pummel+1","floor":21},{"not_picked":["Clothesline","Ghostly Armor"],"picked":"Rage","floor":24},{"not_picked":["Iron Wave","Body Slam"],"picked":"Shrug It Off+1","floor":25}],"player_experience":548689,"relics_obtained":[{"floor":6,"key":"Regal Pillow"},{"floor":8,"key":"Bronze Scales"},{"floor":9,"key":"PreservedInsect"},{"floor":25,"key":"Question Card"},{"floor":26,"key":"Potion Belt"}],"event_choices":[{"damage_healed":0,"gold_gain":0,"player_choice":"Grow","damage_taken":0,"max_hp_gain":0,"max_hp_loss":0,"event_name":"Living Wall","floor":2,"gold_loss":0,"cards_upgraded":["Bash"]},{"damage_healed":0,"gold_gain":0,"player_choice":"Donut","damage_taken":0,"max_hp_gain":5,"max_hp_loss":0,"event_name":"Big Fish","floor":3,"gold_loss":0},{"damage_healed":0,"gold_gain":75,"player_choice":"Gather Gold","damage_taken":11,"max_hp_gain":0,"max_hp_loss":0,"event_name":"World of Goop","floor":4,"gold_loss":0},{"damage_healed":0,"gold_gain":0,"player_choice":"Forge","damage_taken":0,"max_hp_gain":0,"max_hp_loss":0,"event_name":"Accursed Blacksmith","floor":14,"gold_loss":0,"cards_upgraded":["Inflame"]}],"is_beta":false,"boss_relics":[{"not_picked":["Tiny House","Velvet Choker"],"picked":"Runic Pyramid"}],"items_purged_floors":[12],"is_endless":false,"potions_floor_spawned":[5,8,16,18,21],"killed_by":"Chosen and Byrds","ascension_level":19}