{"gold_per_floor":[115,14,14,27,27,58,68,68,68,80,80,107,32,60,60,157,157,174,40,51,26,43,43,43],"floor_reached":24,"playtime":972,"items_purged":["Strike_R","Strike_R"],"score":257,"play_id":"43be31ed-2c51-4ae5-91c5-d1bad83c267b","local_time":"20190325182058","is_ascension_mode":true,"campfire_choices":[{"data":"Uppercut","floor":8,"key":"SMITH"},{"data":"Metallicize","floor":11,"key":"SMITH"},{"data":"True Grit","floor":15,"key":"SMITH"},{"data":"Demon Form","floor":23,"key":"SMITH"}],"neow_cost":"NONE","seed_source_timestamp":221796363005246,"circlet_count":0,"master_deck":["Strike_R","Strike_R","Strike_R","Defend_R+1","Defend_R","Defend_R+1","Defend_R","Bash","Iron Wave","Battle Trance","Sword Boomerang","Pommel Strike","Uppercut+1","Flash of Steel","Headbutt","Whirlwind","Metallicize+1","True Grit+1","Armaments","Demon Form+1","Twin Strike","Combust","True Grit","Clothesline","Disarm"],"relics":["Black Blood","Sundial","Orichalcum","War Paint","Bottled Flame"],"potions_floor_usage":[24,24,24],"damage_taken":[{"damage":1,"enemies":"Cultist","floor":1,"turns":3},{"damage":0,"enemies":"Small Slimes","floor":4,"turns":3},{"damage":25,"enemies":"Gremlin Nob","floor":6,"turns":4},{"damage":8,"enemies":"2 Louse","floor":7,"turns":2},{"damage":0,"enemies":"Lots of Slimes","floor":10,"turns":1},{"damage":15,"enemies":"Lagavulin","floor":12,"turns":5},{"damage":4,"enemies":"Gremlin Nob","floor":14,"turns":4},{"damage":36,"enemies":"Hexaghost","floor":16,"turns":12},{"damage":1,"enemies":"3 Byrds","floor":18,"turns":5},{"damage":26,"enemies":"2 Thieves","floor":20,"turns":4},{"damage":39,"enemies":"Snake Plant","floor":22,"turns":5},{"damage":46,"enemies":"Slavers","floor":24,"turns":3}],"seed_played":"5909979556620855858","potions_obtained":[{"floor":6,"key":"SneckoOil"},{"floor":10,"key":"Energy Potion"},{"floor":16,"key":"Block Potion"}],"is_trial":false,"path_per_floor":["M","$","?","M","?","E","M","R","T","M","R","E","$","E","R","B",null,"M","$","M","$","M","R","E"],"character_chosen":"IRONCLAD","items_purchased":["Sword Boomerang","Pommel Strike","Combust","Clothesline"],"campfire_rested":0,"item_purchase_floors":[2,2,19,21],"current_hp_per_floor":[80,80,85,85,85,66,64,64,64,70,70,61,61,63,63,33,85,85,85,69,69,40,40,0],"gold":43,"neow_bonus":"THREE_CARDS","is_prod":false,"is_daily":false,"chose_seed":false,"campfire_upgraded":4,"win_rate":0,"timestamp":1553559658,"path_taken":["M","$","?","M","?","E","M","R","T","?","R","E","$","E","R","BOSS","M","$","?","$","M","R","E"],"build_version":"2019-01-23","purchased_purges":2,"victory":false,"max_hp_per_floor":[80,80,85,85,85,85,85,85,85,85,85,85,85,85,85,85,85,85,85,85,85,85,85,85],"card_choices":[{"not_picked":["True Grit","Body Slam"],"picked":"Iron Wave","floor":0},{"not_picked":["Havoc","Ghostly Armor"],"picked":"Battle Trance","floor":1},{"not_picked":["Cleave","Pommel Strike"],"picked":"Uppercut","floor":4},{"not_picked":["Sever Soul","Fire Breathing"],"picked":"Headbutt","floor":6},{"not_picked":["Body Slam","Flex"],"picked":"Whirlwind","floor":7},{"not_picked":["Body Slam","Anger"],"picked":"Metallicize","floor":10},{"not_picked":["Heavy Blade","Seeing Red"],"picked":"True Grit","floor":12},{"not_picked":["True Grit","Blood for Blood"],"picked":"Armaments","floor":14},{"not_picked":["Limit Break","Reaper"],"picked":"Demon Form","floor":16},{"not_picked":["Entrench","Warcry"],"picked":"Twin Strike","floor":18},{"not_picked":["Twin Strike+1","Perfected Strike"],"picked":"True Grit","floor":20},{"not_picked":["Iron Wave+1","Inflame+1"],"picked":"Disarm","floor":22}],"player_experience":326774,"relics_obtained":[{"floor":6,"key":"Sundial"},{"floor":9,"key":"Orichalcum"},{"floor":12,"key":"War Paint"},{"floor":14,"key":"Bottled Flame"}],"event_choices":[{"damage_healed":0,"gold_gain":0,"player_choice":"Donut","damage_taken":0,"max_hp_gain":5,"max_hp_loss":0,"event_name":"Big Fish","floor":3,"gold_loss":0},{"damage_healed":0,"gold_gain":0,"player_choice":"1 cards matched","damage_taken":0,"max_hp_gain":0,"max_hp_loss":0,"event_name":"Match and Keep!","floor":5,"gold_loss":0,"cards_obtained":["Flash of Steel"]}],"is_beta":false,"boss_relics":[{"not_picked":["Sozu","Black Star"],"picked":"Black Blood"}],"items_purged_floors":[13,19],"is_endless":false,"potions_floor_spawned":[6,10,16],"killed_by":"Slavers","ascension_level":4}