{"gold_per_floor":[213,65,83,83,158,158,190,202,253,253,280,280,291,306,306,410,410,427,442,192,212,212],"floor_reached":22,"playtime":1184,"items_purged":["Strike_B","Strike_B"],"score":216,"play_id":"8cfbd5c3-8737-4671-a424-89d3145b17dc","local_time":"20181123185831","is_ascension_mode":true,"campfire_choices":[{"data":"Redo","floor":6,"key":"SMITH"},{"data":"Melter","floor":10,"key":"SMITH"},{"floor":15,"key":"REST"}],"neow_cost":"NONE","seed_source_timestamp":537835104871984,"circlet_count":0,"master_deck":["Strike_B","Strike_B+1","Defend_B","Defend_B","Defend_B","Defend_B","Zap","Dualcast","Redo+1","Self Repair","Redo","Ball Lightning+1","Melter+1","Coolheaded","Seek","Darkness+1","Glacier"],"relics":["Cracked Core","Bag of Marbles","Whetstone","Matryoshka","FaceOfCleric","Inserter","Orichalcum"],"potions_floor_usage":[7,11,16,19,21,22],"damage_taken":[{"damage":1,"enemies":"Cultist","floor":1,"turns":3},{"damage":0,"enemies":"Small Slimes","floor":3,"turns":3},{"damage":16,"enemies":"Lagavulin","floor":7,"turns":7},{"damage":3,"enemies":"2 Louse","floor":8,"turns":2},{"damage":31,"enemies":"3 Sentries","floor":11,"turns":4},{"damage":20,"enemies":"Exordium Wildlife","floor":13,"turns":3},{"damage":0,"enemies":"Large Slime","floor":14,"turns":3},{"damage":19,"enemies":"Slime Boss","floor":16,"turns":10},{"damage":37,"enemies":"3 Byrds","floor":18,"turns":4},{"damage":0,"enemies":"Chosen","floor":19,"turns":4},{"damage":40,"enemies":"Centurion and Healer","floor":21,"turns":7},{"damage":26,"enemies":"Masked Bandits","floor":22,"turns":3}],"seed_played":"8250157538590130688","potions_obtained":[{"floor":1,"key":"Explosive Potion"},{"floor":3,"key":"FocusPotion"},{"floor":14,"key":"EssenceOfSteel"},{"floor":16,"key":"FearPotion"},{"floor":18,"key":"EssenceOfSteel"},{"floor":21,"key":"PowerPotion"}],"is_trial":false,"path_per_floor":["M","$","M","$","?","R","E","M","T","R","E","?","M","M","R","B",null,"M","M","$","M","?"],"character_chosen":"DEFECT","items_purchased":["Self Repair","Orichalcum"],"campfire_rested":1,"item_purchase_floors":[2,20],"current_hp_per_floor":[74,74,75,75,64,64,55,59,59,59,35,35,23,31,54,43,78,49,57,57,25,0],"gold":212,"neow_bonus":"HUNDRED_GOLD","is_prod":false,"is_daily":false,"chose_seed":false,"campfire_upgraded":2,"win_rate":0,"timestamp":1542995911,"path_taken":["M","$","M","$","?","R","E","M","T","R","E","?","M","M","R","BOSS","M","M","$","?","?"],"build_version":"2018-11-15","purchased_purges":2,"victory":false,"max_hp_per_floor":[75,75,75,75,75,75,75,75,75,75,75,75,76,77,77,78,78,79,80,80,81,81],"card_choices":[{"not_picked":["Reinforced Body","Streamline"],"picked":"Redo","floor":1},{"not_picked":["Leap","White Noise"],"picked":"Redo","floor":3},{"not_picked":["Rebound","Aggregate"],"picked":"Ball Lightning","floor":7},{"not_picked":["Genetic Algorithm","Compile Driver"],"picked":"Melter","floor":8},{"not_picked":["Chaos","Double Energy","Rebound"],"picked":"SKIP","floor":11},{"not_picked":["Beam Cell","Recycle","Sweeping Beam"],"picked":"SKIP","floor":13},{"not_picked":["Scrape","Lockon"],"picked":"Coolheaded","floor":14},{"not_picked":["Core Surge","Meteor Strike"],"picked":"Seek","floor":16},{"not_picked":["Aggregate+1","Lockon","Redo"],"picked":"SKIP","floor":18},{"not_picked":["Steam","Ball Lightning+1"],"picked":"Darkness+1","floor":19},{"not_picked":["Force Field+1","Beam Cell"],"picked":"Glacier","floor":21}],"player_experience":233720,"relics_obtained":[{"floor":7,"key":"Bag of Marbles"},{"floor":9,"key":"Whetstone"},{"floor":11,"key":"Matryoshka"}],"event_choices":[{"damage_healed":0,"gold_gain":75,"player_choice":"Gather Gold","damage_taken":11,"max_hp_gain":0,"max_hp_loss":0,"event_name":"World of Goop","floor":5,"gold_loss":0},{"damage_healed":0,"gold_gain":0,"player_choice":"Trade","damage_taken":0,"relics_obtained":["FaceOfCleric"],"max_hp_gain":0,"max_hp_loss":0,"event_name":"FaceTrader","floor":12,"gold_loss":0},{"damage_healed":0,"gold_gain":0,"player_choice":"Fought Bandits","damage_taken":0,"max_hp_gain":0,"max_hp_loss":0,"event_name":"Masked Bandits","floor":22,"gold_loss":0}],"is_beta":false,"boss_relics":[{"not_picked":["Fusion Hammer","Empty Cage"],"picked":"Inserter"}],"items_purged_floors":[2,20],"is_endless":false,"potions_floor_spawned":[1,3,14,16,18,21],"killed_by":"Masked Bandits","ascension_level":2}