{"gold_per_floor":[365,330,64,64,88,88,112,112,135,151,0,18,18,43,43,168,168,184,184,259,283,302,302,318,158,184,200,220,243,278,278,278,404,404,419,432,452,476,476],"floor_reached":39,"playtime":2449,"items_purged":["Strike_B"],"score":501,"play_id":"bb9c0eb7-7967-48c6-9c87-6e479a20eb59","local_time":"20190403205515","is_ascension_mode":true,"campfire_choices":[{"data":"White Noise","floor":6.0,"key":"SMITH"},{"data":"Zap","floor":8.0,"key":"SMITH"},{"data":"Consume","floor":15.0,"key":"SMITH"},{"data":"Blizzard","floor":23.0,"key":"SMITH"},{"floor":32.0,"key":"REST"}],"neow_cost":"PERCENT_DAMAGE","seed_source_timestamp":0,"circlet_count":0,"master_deck":["Strike_B","Strike_B","Strike_B","Defend_B","Defend_B","Defend_B","Defend_B","Zap+1","Dualcast","White Noise+1","Self Repair","Cold Snap","Stack","Ball Lightning","Consume+1","Cold Snap","Amplify","Compile Driver","Blizzard+1","Hologram+1","Electrodynamics","PanicButton","Consume","Barrage+1","Chaos","Core Surge","Defragment+1","Static Discharge","Chill"],"special_seed":0,"relics":["FrozenCore","Runic Capacitor","Golden Idol","Regal Pillow","Blood Vial","MutagenicStrength","DataDisk","Bag of Preparation","Cursed Key"],"potions_floor_usage":[],"damage_taken":[{"damage":2.0,"enemies":"2 Louse","floor":1.0,"turns":2.0},{"damage":8.0,"enemies":"Jaw Worm","floor":5.0,"turns":4.0},{"damage":0.0,"enemies":"Cultist","floor":7.0,"turns":3.0},{"damage":12.0,"enemies":"Gremlin Gang","floor":10.0,"turns":5.0},{"damage":0.0,"enemies":"Exordium Wildlife","floor":12.0,"turns":3.0},{"damage":7.0,"enemies":"Blue Slaver","floor":14.0,"turns":3.0},{"damage":5.0,"enemies":"Slime Boss","floor":16.0,"turns":6.0},{"damage":0.0,"enemies":"Spheric Guardian","floor":18.0,"turns":6.0},{"damage":4.0,"enemies":"Chosen","floor":21.0,"turns":4.0},{"damage":34.0,"enemies":"3 Cultists","floor":22.0,"turns":8.0},{"damage":16.0,"enemies":"Chosen and Byrds","floor":24.0,"turns":6.0},{"damage":17.0,"enemies":"Centurion and Healer","floor":27.0,"turns":5.0},{"damage":2.0,"enemies":"Snecko","floor":28.0,"turns":3.0},{"damage":18.0,"enemies":"Cultist and Chosen","floor":29.0,"turns":6.0},{"damage":9.0,"enemies":"Book of Stabbing","floor":30.0,"turns":5.0},{"damage":6.0,"enemies":"Shelled Parasite and Fungi","floor":31.0,"turns":2.0},{"damage":49.0,"enemies":"Automaton","floor":33.0,"turns":9.0},{"damage":16,"enemies":"3 Darklings","floor":35,"turns":4},{"damage":19,"enemies":"3 Shapes","floor":36,"turns":4},{"damage":27,"enemies":"Transient","floor":37,"turns":5},{"damage":18,"enemies":"Spire Growth","floor":38,"turns":4},{"damage":16,"enemies":"Maw","floor":39,"turns":5}],"seed_played":"2823785391275101587","potions_obtained":[{"floor":1.0,"key":"SpeedPotion"},{"floor":10.0,"key":"Fire Potion"},{"floor":18.0,"key":"FocusPotion"},{"floor":27.0,"key":"AttackPotion"},{"floor":28.0,"key":"SmokeBomb"},{"floor":29.0,"key":"Swift Potion"}],"is_trial":false,"path_per_floor":["M","?","$","?","M","R","M","R","T","M","$","M","$","M","R","B",null,"M","?","?","M","M","R","M","$","T","M","M","M","E","M","R","B",null,"M","M","M","M","M"],"character_chosen":"DEFECT","items_purchased":["Self Repair","Runic Capacitor","Blood Vial","PanicButton"],"campfire_rested":1,"item_purchase_floors":[3,3,11,25],"current_hp_per_floor":[52,70,70,52,51,51,58,58,58,53,53,62,62,64,64,68,73,75,75,68,73,48,48,48,48,48,40,40,38,38,41,75,33,65,58,48,30,14,0],"gold":476,"neow_bonus":"TWO_FIFTY_GOLD","is_prod":false,"is_daily":false,"chose_seed":false,"campfire_upgraded":4,"win_rate":0,"timestamp":1554292515,"path_taken":["M","?","$","?","M","R","M","R","T","M","$","M","$","M","R","BOSS","M","?","?","M","M","R","M","$","T","M","M","M","E","?","R","BOSS","M","M","M","?","M"],"build_version":"2019-01-23","purchased_purges":1,"victory":false,"max_hp_per_floor":[75,75,75,75,75,75,75,75,75,75,75,75,75,75,75,75,75,75,75,75,75,75,75,75,75,75,75,75,75,75,75,75,75,75,75,75,75,75,75],"card_choices":[{"not_picked":["Heatsinks","Barrage"],"picked":"White Noise","floor":1.0},{"not_picked":["Static Discharge","Steam"],"picked":"Cold Snap","floor":5.0},{"not_picked":["Hologram","Barrage"],"picked":"Stack","floor":7.0},{"not_picked":["Sunder","Hologram"],"picked":"Ball Lightning","floor":10.0},{"not_picked":["White Noise","Steam"],"picked":"Consume","floor":12.0},{"not_picked":["Sweeping Beam","Streamline"],"picked":"Cold Snap","floor":14.0},{"not_picked":["Buffer","Machine Learning"],"picked":"Amplify","floor":16.0},{"not_picked":["Storm","FTL"],"picked":"Compile Driver","floor":18.0},{"not_picked":["Go for the Eyes","Rebound"],"picked":"Blizzard","floor":21.0},{"not_picked":["Ball Lightning","Coolheaded"],"picked":"Hologram+1","floor":22.0},{"not_picked":["Genetic Algorithm","Turbo"],"picked":"Electrodynamics","floor":24.0},{"not_picked":["Static Discharge","Barrage"],"picked":"Consume","floor":27.0},{"not_picked":["Steam","Go for the Eyes"],"picked":"Barrage+1","floor":28.0},{"not_picked":["Streamline","Genetic Algorithm"],"picked":"Chaos","floor":29.0},{"not_picked":["Beam Cell","Scrape+1","Doom and Gloom"],"picked":"SKIP","floor":30.0},{"not_picked":["Meteor Strike","Hyperbeam"],"picked":"Core Surge","floor":33.0},{"not_picked":["Rebound","Barrage","Streamline"],"picked":"SKIP","floor":35},{"not_picked":["Recycle","Go for the Eyes"],"picked":"Defragment+1","floor":36},{"not_picked":["Gash+1","Streamline"],"picked":"Static Discharge","floor":37},{"not_picked":["Go for the Eyes+1","Ball Lightning+1"],"picked":"Chill","floor":38}],"player_experience":235266,"relics_obtained":[{"floor":9.0,"key":"Regal Pillow"},{"floor":26.0,"key":"DataDisk"},{"floor":30.0,"key":"Bag of Preparation"}],"event_choices":[{"damage_healed":18.0,"max_hp_gain":0.0,"max_hp_loss":0.0,"gold_gain":0.0,"event_name":"The Cleric","player_choice":"Healed","floor":2.0,"gold_loss":35.0,"damage_taken":0.0},{"damage_healed":0.0,"max_hp_gain":0.0,"max_hp_loss":0.0,"gold_gain":0.0,"event_name":"Golden Idol","player_choice":"Take Damage","floor":4.0,"gold_loss":0.0,"damage_taken":18.0,"relics_obtained":["Golden Idol"]},{"damage_healed":0.0,"max_hp_gain":0.0,"max_hp_loss":0.0,"gold_gain":0.0,"event_name":"Drug Dealer","player_choice":"Inject Mutagens","floor":19.0,"gold_loss":0.0,"damage_taken":0.0,"relics_obtained":["MutagenicStrength"]},{"damage_healed":0.0,"max_hp_gain":0.0,"max_hp_loss":0.0,"gold_gain":75.0,"event_name":"FaceTrader","player_choice":"Touch","floor":20.0,"gold_loss":0.0,"damage_taken":7.0}],"is_beta":false,"boss_relics":[{"not_picked":["Busted Crown","Runic Pyramid"],"picked":"FrozenCore"},{"not_picked":["Coffee Dripper","Pandora\u0027s Box"],"picked":"Cursed Key"}],"items_purged_floors":[25],"is_endless":false,"potions_floor_spawned":[1,10,18,27,28,29,31],"killed_by":"Maw","ascension_level":5}