{"gold_per_floor":[109,182,201,201,212,212,14,14,14,25,44,114,139,155,155,254,304,317,416,168,93,104,104,132,132,132,158,171,187,213,37,37,136,136,152,152,152,171,171],"floor_reached":39,"playtime":3744,"items_purged":[],"score":612,"play_id":"b176468f-6760-4a61-ba94-2a9be99b6cfa","local_time":"20190502160612","is_ascension_mode":true,"campfire_choices":[{"data":"Neutralize","floor":6,"key":"SMITH"},{"data":"Caltrops","floor":8,"key":"SMITH"},{"floor":15,"key":"REST"},{"floor":23,"key":"REST"},{"floor":25,"key":"REST"},{"floor":32,"key":"REST"}],"neow_cost":"NONE","seed_source_timestamp":1204194290897000,"circlet_count":0,"master_deck":["Defend_G","Defend_G","Defend_G","Defend_G","Defend_G","Strike_G+1","Strike_G","Strike_G","Strike_G","Survivor","Neutralize+1","Terror","Catalyst","Caltrops+1","PiercingWail","Dodge and Roll","Endless Agony+1","Dagger Throw+1","Tools of the Trade","Bouncing Flask","Phantasmal Killer","Caltrops","Flying Knee+1","Dramatic Entrance+1","Deflect","Noxious Fumes","Choke+1","Noxious Fumes","Noxious Fumes","Apotheosis","Night Terror","Reflex","Mayhem","Violence","Flash of Steel+1","Predator+1"],"relics":["Ring of the Snake","Molten Egg 2","Regal Pillow","Blue Candle","Mummified Hand","Pocketwatch","Tiny House","Blood Vial","Darkstone Periapt","Dodecahedron","Matryoshka","Happy Flower","Centennial Puzzle","HoveringKite"],"potions_floor_usage":[11,13,24,27,28,33,38,38,39],"damage_taken":[{"damage":0,"enemies":"Cultist","floor":1,"turns":3},{"damage":2,"enemies":"Jaw Worm","floor":3,"turns":4},{"damage":4,"enemies":"2 Louse","floor":5,"turns":4},{"damage":14,"enemies":"Exordium Thugs","floor":10,"turns":8},{"damage":10,"enemies":"Exordium Wildlife","floor":11,"turns":5},{"damage":21,"enemies":"Lagavulin","floor":13,"turns":6},{"damage":1,"enemies":"Red Slaver","floor":14,"turns":4},{"damage":23,"enemies":"Slime Boss","floor":16,"turns":5},{"damage":19,"enemies":"3 Byrds","floor":18,"turns":3},{"damage":29,"enemies":"Shell Parasite","floor":22,"turns":6},{"damage":37,"enemies":"Book of Stabbing","floor":24,"turns":5},{"damage":1,"enemies":"Gremlin Leader","floor":27,"turns":5},{"damage":20,"enemies":"Snake Plant","floor":28,"turns":3},{"damage":18,"enemies":"Sentry and Sphere","floor":29,"turns":5},{"damage":46,"enemies":"Automaton","floor":33,"turns":9},{"damage":20,"enemies":"Orb Walker","floor":35,"turns":4},{"damage":35,"enemies":"3 Darklings","floor":38,"turns":6},{"damage":9,"enemies":"Sphere and 2 Shapes","floor":39,"turns":1}],"seed_played":"-3600881969641590941","potions_obtained":[{"floor":5,"key":"Weak Potion"},{"floor":10,"key":"EssenceOfSteel"},{"floor":13,"key":"Fire Potion"},{"floor":14,"key":"SpeedPotion"},{"floor":17,"key":"SkillPotion"},{"floor":24,"key":"Strength Potion"},{"floor":27,"key":"Weak Potion"},{"floor":35,"key":"Block Potion"},{"floor":38,"key":"Strength Potion"}],"is_trial":false,"path_per_floor":["T","M","?","T","?","?","M","T","$","?","?"],"character_chosen":"THE_SILENT","items_purchased":["Regal Pillow","Dodge and Roll","Blood Vial","Dramatic Entrance+1","Apotheosis"],"campfire_rested":4,"item_purchase_floors":[7,7,20,20,31],"current_hp_per_floor":[63,63,61,66,62,62,62,62,62,48,38,38,17,16,53,30,69,50,50,50,50,23,62,27,66,66,67,49,33,33,33,72,28,67,49,39,39,6,0],"gold":171,"neow_bonus":"THREE_CARDS","is_prod":false,"is_daily":false,"chose_seed":false,"campfire_upgraded":2,"win_rate":0,"timestamp":1556834772,"path_taken":["M","?","?","?","M","R","$","R","T","M","M","?","E","M","R","BOSS","M","?","$","?","M","R","E","R","T","E","?","M","?","?","R","BOSS","M","?","?","M","M"],"build_version":"2019-01-23","purchased_purges":0,"victory":false,"max_hp_per_floor":[70,70,70,75,75,75,75,75,75,75,75,75,75,75,75,75,80,80,80,80,80,80,80,80,80,80,80,80,80,80,80,80,80,80,80,80,80,80,80],"card_choices":[{"not_picked":["Prepared","Calculated Gamble"],"picked":"Terror","floor":0},{"not_picked":["Poisoned Stab","Flying Knee"],"picked":"Catalyst","floor":1},{"not_picked":["Sucker Punch+1","Concentrate"],"picked":"Caltrops","floor":3},{"not_picked":["Flying Knee+1","Concentrate"],"picked":"PiercingWail","floor":5},{"not_picked":["Backflip","Skewer+1"],"picked":"Endless Agony+1","floor":10},{"not_picked":["Bane+1","Infinite Blades"],"picked":"Dagger Throw+1","floor":11},{"not_picked":["Dagger Spray+1","Blade Dance"],"picked":"Tools of the Trade","floor":13},{"not_picked":["Underhanded Strike+1","Outmaneuver"],"picked":"Bouncing Flask","floor":14},{"not_picked":["Storm of Steel","Grand Finale+1"],"picked":"Phantasmal Killer","floor":16},{"not_picked":["Dagger Spray+1","Underhanded Strike+1"],"picked":"Caltrops","floor":17},{"not_picked":["Bane+1","Dagger Throw+1"],"picked":"Flying Knee+1","floor":18},{"not_picked":["Prepared","Underhanded Strike+1"],"picked":"Deflect","floor":22},{"not_picked":["Flying Knee+1","Cloak And Dagger"],"picked":"Noxious Fumes","floor":24},{"not_picked":["Storm of Steel","Blade Dance"],"picked":"Choke+1","floor":27},{"not_picked":["Dagger Spray+1","Escape Plan+1"],"picked":"Noxious Fumes","floor":28},{"not_picked":["Bane+1","Acrobatics"],"picked":"Noxious Fumes","floor":29},{"not_picked":["Wraith Form v2","Doppelganger"],"picked":"Night Terror","floor":33},{"not_picked":["Backstab+1","Dagger Throw+1"],"picked":"Reflex","floor":35},{"not_picked":["Blind","Madness"],"picked":"Mayhem","floor":36},{"not_picked":["Blind","PanicButton"],"picked":"Violence","floor":36},{"not_picked":["Good Instincts","Bandage Up"],"picked":"Flash of Steel+1","floor":36},{"not_picked":["Quick Slash+1","Finisher+1"],"picked":"Predator+1","floor":38}],"player_experience":604926,"relics_obtained":[{"floor":2,"key":"Molten Egg 2"},{"floor":9,"key":"Blue Candle"},{"floor":12,"key":"Mummified Hand"},{"floor":13,"key":"Pocketwatch"},{"floor":24,"key":"Darkstone Periapt"},{"floor":26,"key":"Dodecahedron"},{"floor":27,"key":"Matryoshka"},{"floor":30,"key":"Happy Flower"},{"floor":30,"key":"Centennial Puzzle"}],"event_choices":[{"damage_healed":0,"gold_gain":0,"player_choice":"Donut","damage_taken":0,"max_hp_gain":5,"max_hp_loss":0,"event_name":"Big Fish","floor":4,"gold_loss":0},{"damage_healed":0,"gold_gain":99,"player_choice":"Stole From Cult","damage_taken":0,"max_hp_gain":0,"max_hp_loss":0,"event_name":"Nest","floor":19,"gold_loss":0},{"cards_removed":["Strike_G"],"damage_healed":0,"gold_gain":0,"player_choice":"Gave Gold","damage_taken":0,"max_hp_gain":0,"max_hp_loss":0,"event_name":"Beggar","floor":21,"gold_loss":75},{"damage_healed":0,"gold_gain":0,"player_choice":"Memory 3","damage_taken":10,"max_hp_gain":0,"max_hp_loss":0,"event_name":"SensoryStone","floor":36,"gold_loss":0},{"damage_healed":0,"gold_gain":0,"player_choice":"Ignored","damage_taken":0,"max_hp_gain":0,"max_hp_loss":0,"event_name":"Tomb of Lord Red Mask","floor":37,"gold_loss":0}],"is_beta":false,"boss_relics":[{"not_picked":["WristBlade","Runic Dome"],"picked":"Tiny House"},{"not_picked":["Coffee Dripper","Philosopher\u0027s Stone"],"picked":"HoveringKite"}],"items_purged_floors":[],"is_endless":false,"potions_floor_spawned":[5,10,13,14,24,27,35,38],"killed_by":"Sphere and 2 Shapes","ascension_level":8}