{"gold_per_floor":[209,284,284,52,52,84,84,84,141,174,174,3,3,26,26,149,149,169,194,44,143,159,197,217,217,217,217],"floor_reached":27,"playtime":1373,"items_purged":["Regret","Strike_B"],"score":249,"play_id":"5c6fad3a-e694-46ec-b474-3c1dc1241fa6","local_time":"20190419152528","is_ascension_mode":true,"campfire_choices":[{"data":"Dualcast","floor":7,"key":"SMITH"},{"data":"Beam Cell","floor":11,"key":"SMITH"},{"data":"Go for the Eyes","floor":15,"key":"SMITH"}],"neow_cost":"NONE","seed_source_timestamp":403360319356773,"circlet_count":0,"master_deck":["Strike_B+1","Strike_B","Strike_B","Defend_B","Defend_B","Defend_B","Defend_B","Zap+1","Dualcast+1","Cold Snap+1","Beam Cell+1","Go for the Eyes+1","Storm","Ball Lightning","Echo Form","Cold Snap","Steam+1","Loop","Chaos","Reboot"],"relics":["Cracked Core","Regal Pillow","Omamori","Symbiotic Virus","Bloody Idol","Tiny Chest","Mummified Hand","Black Star","Pantograph","Bronze Scales","Whetstone"],"potions_floor_usage":[23,23],"damage_taken":[{"damage":0,"enemies":"Small Slimes","floor":1,"turns":2},{"damage":17,"enemies":"3 Sentries","floor":6,"turns":9},{"damage":14,"enemies":"Gremlin Nob","floor":10,"turns":3},{"damage":0,"enemies":"2 Louse","floor":14,"turns":1},{"damage":4,"enemies":"Slime Boss","floor":16,"turns":7},{"damage":23,"enemies":"3 Byrds","floor":18,"turns":4},{"damage":6,"enemies":"Shell Parasite","floor":19,"turns":3},{"damage":17,"enemies":"Snecko","floor":22,"turns":4},{"damage":30,"enemies":"Gremlin Leader","floor":23,"turns":8},{"damage":6,"enemies":"Cultist and Chosen","floor":24,"turns":5},{"damage":5,"enemies":"Snake Plant","floor":27,"turns":3}],"seed_played":"2278327641505316609","potions_obtained":[{"floor":14,"key":"Weak Potion"},{"floor":18,"key":"FairyPotion"},{"floor":19,"key":"Energy Potion"}],"is_trial":false,"path_per_floor":["M","?","?","$","?","E","R","?","T","E","R","$","?","M","R","B",null,"M","M","$","?","M","E","M","?","T","M"],"character_chosen":"DEFECT","items_purchased":["Omamori","Storm","Loop","Chaos"],"campfire_rested":0,"item_purchase_floors":[4,12,20,20],"current_hp_per_floor":[75,64,64,64,64,47,47,47,47,33,33,33,33,33,33,29,75,52,46,46,46,29,7,1,1,1,0],"gold":217,"neow_bonus":"HUNDRED_GOLD","is_prod":false,"is_daily":false,"chose_seed":false,"campfire_upgraded":3,"win_rate":0,"timestamp":1555683928,"path_taken":["M","?","?","$","?","E","R","?","T","E","R","$","?","M","R","BOSS","M","M","$","?","M","E","M","?","T","M"],"build_version":"2019-01-23","purchased_purges":2,"victory":false,"max_hp_per_floor":[75,75,75,75,75,75,75,75,75,75,75,75,75,75,75,75,75,75,75,75,75,75,75,75,75,75,75],"card_choices":[{"not_picked":["Double Energy","Stack"],"picked":"Cold Snap","floor":1},{"not_picked":["Auto Shields","Redo"],"picked":"Beam Cell","floor":6},{"not_picked":["Hologram","BootSequence"],"picked":"Go for the Eyes","floor":10},{"not_picked":["Hologram","Cold Snap"],"picked":"Ball Lightning","floor":14},{"not_picked":["Creative AI","All For One"],"picked":"Echo Form","floor":16},{"not_picked":["Stack+1","Compile Driver"],"picked":"Cold Snap","floor":18},{"not_picked":["Leap","Redo"],"picked":"Steam+1","floor":19},{"not_picked":["Conserve Battery","Sweeping Beam","Compile Driver"],"picked":"SKIP","floor":22},{"not_picked":["Rebound","Doom and Gloom"],"picked":"Reboot","floor":23},{"not_picked":["Turbo+1","Lockon","Cold Snap"],"picked":"SKIP","floor":24}],"player_experience":1789811,"relics_obtained":[{"floor":6,"key":"Symbiotic Virus"},{"floor":9,"key":"Tiny Chest"},{"floor":10,"key":"Mummified Hand"},{"floor":23,"key":"Pantograph"},{"floor":23,"key":"Bronze Scales"},{"floor":26,"key":"Whetstone"}],"event_choices":[{"damage_healed":0,"gold_gain":75,"player_choice":"Gather Gold","damage_taken":11,"max_hp_gain":0,"max_hp_loss":0,"event_name":"World of Goop","floor":2,"gold_loss":0},{"damage_healed":0,"gold_gain":0,"player_choice":"Box","damage_taken":0,"relics_obtained":["Regal Pillow"],"max_hp_gain":0,"max_hp_loss":0,"event_name":"Big Fish","floor":3,"gold_loss":0,"cards_obtained":["Regret"]},{"damage_healed":0,"gold_gain":0,"player_choice":"Grow","damage_taken":0,"max_hp_gain":0,"max_hp_loss":0,"event_name":"Living Wall","floor":5,"gold_loss":0,"cards_upgraded":["Zap"]},{"damage_healed":0,"gold_gain":0,"player_choice":"Take Wound","damage_taken":0,"relics_obtained":["Golden Idol"],"max_hp_gain":0,"max_hp_loss":0,"event_name":"Golden Idol","floor":8,"gold_loss":0,"cards_obtained":["Injury"]},{"damage_healed":0,"gold_gain":0,"player_choice":"Ignored","damage_taken":0,"max_hp_gain":0,"max_hp_loss":0,"event_name":"Golden Wing","floor":13,"gold_loss":0},{"damage_healed":0,"gold_gain":99,"player_choice":"Stole From Cult","damage_taken":0,"max_hp_gain":0,"max_hp_loss":0,"event_name":"Nest","floor":21,"gold_loss":0},{"damage_healed":0,"gold_gain":0,"player_choice":"Gave Idol","damage_taken":0,"relics_obtained":["Bloody Idol"],"max_hp_gain":0,"max_hp_loss":0,"event_name":"Forgotten Altar","floor":25,"relics_lost":["Golden Idol"],"gold_loss":0}],"is_beta":false,"boss_relics":[{"not_picked":["Eternal Feather","Fusion Hammer"],"picked":"Black Star"}],"items_purged_floors":[4,12],"is_endless":false,"potions_floor_spawned":[14,18,19],"killed_by":"Snake Plant","ascension_level":1}