{"gold_per_floor":[117,42,42,53,76,111,127,127,127,138,154,189,189,222,222,301,301,320,320,34,48,59,90,90,119,119,174,174,185,185],"floor_reached":30,"playtime":2269,"items_purged":[],"score":608,"play_id":"6e07ab3a-299a-475a-8c4b-f1e721dc632f","local_time":"20190505220823","is_ascension_mode":true,"campfire_choices":[{"data":"Body Slam","floor":8,"key":"SMITH"},{"data":"Juggernaut","floor":15,"key":"SMITH"},{"data":"Barricade","floor":24,"key":"SMITH"},{"data":"Havoc","floor":28,"key":"SMITH"}],"neow_cost":"NONE","seed_source_timestamp":510225488089900,"circlet_count":0,"master_deck":["AscendersBane","Strike_R","Strike_R","Strike_R","Strike_R","Defend_R","Defend_R","Defend_R","Defend_R","Bash","Disarm","Juggernaut+1","Ghostly Armor","Shrug It Off","Uppercut","Body Slam+1","Shrug It Off","Flame Barrier","Body Slam","Barricade+1","Havoc+1","Headbutt","Havoc+1","Disarm","Pain","Pain","Disarm+1"],"relics":["Burning Blood","NeowsBlessing","Happy Flower","Gambling Chip","Kunai","Gremlin Horn","Pear","Cursed Key","Mercury Hourglass","Bag of Marbles","Juzu Bracelet","Toxic Egg 2","PreservedInsect"],"potions_floor_usage":[12,14,18,30],"damage_taken":[{"damage":0,"enemies":"Jaw Worm","floor":1,"turns":1},{"damage":0,"enemies":"2 Louse","floor":4,"turns":2},{"damage":0,"enemies":"3 Sentries","floor":6,"turns":2},{"damage":0,"enemies":"Cultist","floor":7,"turns":4},{"damage":15,"enemies":"Exordium Thugs","floor":10,"turns":5},{"damage":11,"enemies":"Gremlin Gang","floor":11,"turns":5},{"damage":28,"enemies":"Gremlin Nob","floor":12,"turns":4},{"damage":25,"enemies":"Lagavulin","floor":14,"turns":8},{"damage":20,"enemies":"Hexaghost","floor":16,"turns":10},{"damage":6,"enemies":"3 Byrds","floor":18,"turns":4},{"damage":16,"enemies":"Chosen","floor":21,"turns":5},{"damage":12,"enemies":"Centurion and Healer","floor":22,"turns":6},{"damage":0,"enemies":"Gremlin Leader","floor":23,"turns":5},{"damage":25,"enemies":"Book of Stabbing","floor":25,"turns":5},{"damage":14,"enemies":"Snake Plant","floor":29,"turns":5},{"damage":33,"enemies":"Slavers","floor":30,"turns":2}],"seed_played":"5794462145805747378","potions_obtained":[{"floor":1,"key":"Regen Potion"},{"floor":7,"key":"Fire Potion"},{"floor":12,"key":"LiquidBronze"},{"floor":23,"key":"Ancient Potion"},{"floor":25,"key":"Poison Potion"}],"is_trial":false,"path_per_floor":["M","?","?","M","T","E","M","R","T","M","M","E","?","E","R","B",null,"M","?","$","M","M","E","R","E","T","T","R","M","E"],"character_chosen":"IRONCLAD","items_purchased":["Mercury Hourglass"],"campfire_rested":0,"item_purchase_floors":[20],"current_hp_per_floor":[74,74,74,75,75,75,75,75,75,66,61,39,64,70,70,56,78,78,66,66,56,50,56,56,37,37,37,37,29,0],"gold":185,"neow_bonus":"THREE_ENEMY_KILL","is_prod":false,"is_daily":false,"chose_seed":false,"campfire_upgraded":4,"win_rate":0,"timestamp":1557086903,"path_taken":["M","?","?","?","?","E","M","R","T","?","M","E","?","E","R","BOSS","M","?","$","M","?","E","R","E","T","?","R","M","E"],"build_version":"2019-01-23","purchased_purges":0,"victory":false,"max_hp_per_floor":[75,75,75,75,75,75,75,75,75,75,75,75,75,85,85,85,85,85,85,85,85,85,85,85,85,85,85,85,85,85],"card_choices":[{"not_picked":["Dual Wield","Rupture"],"picked":"Disarm","floor":1},{"not_picked":["Combust","Entrench"],"picked":"Shrug It Off","floor":4},{"not_picked":["Blood for Blood","Clash"],"picked":"Uppercut","floor":6},{"not_picked":["Infernal Blade","Flex"],"picked":"Body Slam","floor":7},{"not_picked":["Clash","Heavy Blade","Twin Strike"],"picked":"SKIP","floor":10},{"not_picked":["Cleave","Power Through"],"picked":"Shrug It Off","floor":11},{"not_picked":["Entrench","Hemokinesis"],"picked":"Flame Barrier","floor":12},{"not_picked":["Feel No Pain","Evolve"],"picked":"Body Slam","floor":14},{"not_picked":["Feed","Berserk"],"picked":"Barricade","floor":16},{"not_picked":["Pommel Strike","Headbutt"],"picked":"Havoc+1","floor":18},{"not_picked":["Warcry","Twin Strike"],"picked":"Headbutt","floor":21},{"not_picked":["Armaments","Rampage","Combust"],"picked":"SKIP","floor":22},{"not_picked":["Thunderclap","Armaments"],"picked":"Havoc","floor":23},{"not_picked":["Burning Pact","Shrug It Off"],"picked":"Disarm","floor":25},{"not_picked":["Pommel Strike","Corruption+1"],"picked":"Disarm+1","floor":29}],"player_experience":1127572,"relics_obtained":[{"floor":5,"key":"Happy Flower"},{"floor":6,"key":"Gambling Chip"},{"floor":9,"key":"Kunai"},{"floor":12,"key":"Gremlin Horn"},{"floor":14,"key":"Pear"},{"floor":23,"key":"Bag of Marbles"},{"floor":25,"key":"Juzu Bracelet"},{"floor":26,"key":"Toxic Egg 2"},{"floor":27,"key":"PreservedInsect"}],"event_choices":[{"cards_removed":["Strike_R"],"damage_healed":0,"gold_gain":0,"player_choice":"Card Removal","damage_taken":0,"max_hp_gain":0,"max_hp_loss":0,"event_name":"The Cleric","floor":2,"gold_loss":75},{"damage_healed":0,"gold_gain":0,"player_choice":"2 cards matched","damage_taken":0,"max_hp_gain":0,"max_hp_loss":0,"event_name":"Match and Keep!","floor":3,"gold_loss":0,"cards_obtained":["Juggernaut","Ghostly Armor"]},{"damage_healed":25,"gold_gain":0,"player_choice":"Banana","damage_taken":0,"max_hp_gain":0,"max_hp_loss":0,"event_name":"Big Fish","floor":13,"gold_loss":0},{"damage_healed":0,"gold_gain":0,"player_choice":"Damaged","damage_taken":12,"max_hp_gain":0,"max_hp_loss":0,"event_name":"Wheel of Change","floor":19,"gold_loss":0}],"is_beta":false,"boss_relics":[{"not_picked":["Velvet Choker","Empty Cage"],"picked":"Cursed Key"}],"items_purged_floors":[],"is_endless":false,"potions_floor_spawned":[1,7,11,12,23,25,29],"killed_by":"Slavers","ascension_level":16}