{"gold_per_floor":[118,118,130,142,131,159,159,194,194,194,194],"floor_reached":11,"playtime":289,"items_purged":[],"score":87,"play_id":"b7b1cc9a-ba11-4104-affb-acfb40ebdaf3","local_time":"20181213222330","is_ascension_mode":true,"campfire_choices":[{"floor":7,"key":"REST"}],"neow_cost":"NONE","seed_source_timestamp":92074774272705,"circlet_count":0,"master_deck":["Strike_B","Strike_B","Strike_B","Strike_B","Defend_B","Defend_B","Defend_B","Defend_B","Zap","Dualcast","Defragment","Static Discharge","Gash","Stack","Rebound"],"relics":["Cracked Core","NlothsMask","Bottled Lightning","Lantern"],"potions_floor_usage":[6,8,8],"damage_taken":[{"damage":6,"enemies":"Cultist","floor":1,"turns":3},{"damage":3,"enemies":"2 Louse","floor":3,"turns":3},{"damage":3,"enemies":"Small Slimes","floor":4,"turns":3},{"damage":12,"enemies":"Exordium Thugs","floor":5,"turns":4},{"damage":46,"enemies":"Gremlin Nob","floor":6,"turns":5},{"damage":29,"enemies":"Lagavulin","floor":8,"turns":7},{"damage":8,"enemies":"Red Slaver","floor":11,"turns":1}],"seed_played":"-5632156774438292692","potions_obtained":[{"floor":4,"key":"Dexterity Potion"},{"floor":5,"key":"EssenceOfSteel"},{"floor":6,"key":"Dexterity Potion"},{"floor":8,"key":"SpeedPotion"}],"is_trial":false,"path_per_floor":["M","?","M","M","M","E","R","E","T","?","M"],"character_chosen":"DEFECT","items_purchased":[],"campfire_rested":1,"item_purchase_floors":[],"current_hp_per_floor":[76,76,73,70,58,12,36,7,7,7,0],"gold":194,"neow_bonus":"TEN_PERCENT_HP_BONUS","is_prod":false,"is_daily":false,"chose_seed":false,"campfire_upgraded":0,"win_rate":0,"timestamp":1544768610,"path_taken":["M","?","M","?","M","E","R","E","T","?","M"],"build_version":"2018-12-13","purchased_purges":0,"victory":false,"max_hp_per_floor":[82,82,82,82,82,82,82,82,82,82,82],"card_choices":[{"not_picked":["Conserve Battery","Capacitor"],"picked":"Defragment","floor":1},{"not_picked":["Beam Cell","Barrage"],"picked":"Static Discharge","floor":3},{"not_picked":["Sweeping Beam","Streamline"],"picked":"Gash","floor":4},{"not_picked":["Leap","Capacitor"],"picked":"Stack","floor":5},{"not_picked":["Steam","Turbo"],"picked":"Rebound","floor":6},{"not_picked":["Steam","Stack","Compile Driver"],"picked":"SKIP","floor":8}],"player_experience":256397,"relics_obtained":[{"floor":6,"key":"Bottled Lightning"},{"floor":8,"key":"Lantern"}],"event_choices":[{"damage_healed":0,"gold_gain":0,"player_choice":"Trade","damage_taken":0,"relics_obtained":["NlothsMask"],"max_hp_gain":0,"max_hp_loss":0,"event_name":"FaceTrader","floor":2,"gold_loss":0},{"damage_healed":0,"gold_gain":0,"player_choice":"Ignored","damage_taken":0,"max_hp_gain":0,"max_hp_loss":0,"event_name":"Golden Idol","floor":10,"gold_loss":0}],"is_beta":false,"boss_relics":[],"items_purged_floors":[],"is_endless":false,"potions_floor_spawned":[4,5,6,8],"killed_by":"Red Slaver","ascension_level":1}