{"gold_per_floor":[118,118,133,108,128,128,139,167,192,192,223,213,233,233,233,364,364,289,289,289,289,289,289,289,289,289,289,289,289,289,289,289,289,289,289,289,17,0,0,0,0,0,0,0,0,0,0,0,0,0],"floor_reached":51,"playtime":4459,"items_purged":["Strike_R"],"score":913,"play_id":"48ce608d-6625-4827-870a-d9a04b6e23fe","local_time":"20190427203733","is_ascension_mode":true,"campfire_choices":[{"data":"1","floor":6,"key":"LIFT"},{"data":"2","floor":10,"key":"LIFT"},{"data":"3","floor":15,"key":"LIFT"},{"data":"Inflame","floor":23,"key":"SMITH"},{"data":"Disarm","floor":25,"key":"SMITH"},{"data":"RitualDagger","floor":30,"key":"SMITH"},{"data":"Offering","floor":32,"key":"SMITH"},{"data":"Limit Break","floor":42,"key":"SMITH"},{"data":"Madness","floor":47,"key":"SMITH"},{"data":"Madness","floor":49,"key":"SMITH"}],"neow_cost":"PERCENT_DAMAGE","seed_source_timestamp":1544873635336900,"circlet_count":0,"master_deck":["Strike_R","Strike_R","Strike_R+1","Defend_R","Defend_R","Defend_R+1","Bash+1","Cleave","Uppercut","Shrug It Off","Disarm+1","Disarm+1","Reaper","Burning Pact","Shrug It Off","Immolate","Shrug It Off","Inflame+1","Inflame+1","RitualDagger+1","Offering+1","Limit Break+1","Armaments+1","Madness+1","Madness+1","Heavy Blade","Seeing Red","Writhe","Pummel","Shrug It Off+1"],"relics":["Burning Blood","Girya","Whetstone","War Paint","Blood Vial","Bloody Idol","Ectoplasm","Meat on the Bone","Potion Belt","Cursed Key","Vajra","Red Mask","Bottled Lightning","Shuriken","Charon\u0027s Ashes","Happy Flower"],"potions_floor_usage":[24,33,33,50,50,50,50,50],"damage_taken":[{"damage":0,"enemies":"Small Slimes","floor":1,"turns":3},{"damage":1,"enemies":"Cultist","floor":3,"turns":3},{"damage":0,"enemies":"2 Louse","floor":5,"turns":2},{"damage":0,"enemies":"Large Slime","floor":7,"turns":4},{"damage":40,"enemies":"3 Sentries","floor":8,"turns":8},{"damage":13,"enemies":"Lagavulin","floor":11,"turns":8},{"damage":15,"enemies":"Exordium Thugs","floor":12,"turns":4},{"damage":19,"enemies":"3 Louse","floor":13,"turns":3},{"damage":31,"enemies":"The Guardian","floor":16,"turns":13},{"damage":28,"enemies":"2 Thieves","floor":18,"turns":4},{"damage":16,"enemies":"Spheric Guardian","floor":19,"turns":4},{"damage":8,"enemies":"Snecko","floor":22,"turns":4},{"damage":31,"enemies":"Gremlin Leader","floor":24,"turns":5},{"damage":2,"enemies":"3 Cultists","floor":29,"turns":5},{"damage":5,"enemies":"Cultist and Chosen","floor":31,"turns":5},{"damage":103,"enemies":"Collector","floor":33,"turns":13},{"damage":29,"enemies":"Orb Walker","floor":35,"turns":4},{"damage":11,"enemies":"Reptomancer","floor":40,"turns":3},{"damage":6,"enemies":"3 Shapes","floor":41,"turns":2},{"damage":46,"enemies":"Jaw Worm Horde","floor":44,"turns":4},{"damage":14,"enemies":"2 Orb Walkers","floor":45,"turns":2},{"damage":9,"enemies":"Writhing Mass","floor":46,"turns":3},{"damage":22,"enemies":"Nemesis","floor":48,"turns":7},{"damage":54,"enemies":"Time Eater","floor":50,"turns":8}],"seed_played":"3987975219428250216","potions_obtained":[{"floor":1,"key":"BloodPotion"},{"floor":5,"key":"LiquidBronze"},{"floor":8,"key":"Block Potion"},{"floor":22,"key":"Explosive Potion"},{"floor":29,"key":"BloodPotion"},{"floor":33,"key":"Block Potion"},{"floor":35,"key":"AttackPotion"},{"floor":41,"key":"Regen Potion"},{"floor":44,"key":"Fire Potion"}],"is_trial":false,"path_per_floor":["M","?","M","$","M","R","M","E","T","R","E","M","M","?","R","B",null,"M","M","?","T","M","R","E","R","T","?","$","M","R","M","R","B",null,"M","?","$","?","?","E","M","R","T","M","?","M","R","E","R","B",null],"character_chosen":"IRONCLAD","items_purchased":["Shrug It Off","Vajra","Heavy Blade"],"campfire_rested":0,"item_purchase_floors":[4,37,37],"current_hp_per_floor":[62,62,67,67,73,73,79,45,45,45,38,37,44,44,44,31,63,43,45,45,45,52,52,59,59,59,53,53,67,67,70,70,21,61,51,42,42,42,42,74,74,74,74,54,48,47,47,47,47,35],"gold":0,"neow_bonus":"ONE_RARE_RELIC","is_prod":false,"is_daily":false,"chose_seed":false,"campfire_upgraded":7,"win_rate":0,"timestamp":1556390253,"path_taken":["M","?","M","?","M","R","M","E","T","R","E","M","M","?","R","BOSS","M","M","?","?","M","R","E","R","T","?","$","M","R","M","R","BOSS","M","?","$","?","?","E","M","R","T","M","?","M","R","E","R","BOSS"],"build_version":"2019-01-23","purchased_purges":1,"victory":true,"max_hp_per_floor":[80,80,80,80,80,80,80,80,80,80,80,80,80,74,74,74,74,74,74,74,74,74,74,74,74,74,74,74,74,74,74,74,74,74,74,74,74,74,74,74,74,74,74,74,74,74,74,74,74,74],"card_choices":[{"not_picked":["Bloodletting","True Grit"],"picked":"Cleave","floor":1},{"not_picked":["Wild Strike","Pommel Strike"],"picked":"Uppercut","floor":3},{"not_picked":["Clash","Second Wind"],"picked":"Disarm","floor":5},{"not_picked":["Thunderclap","True Grit"],"picked":"Disarm","floor":7},{"not_picked":["Thunderclap","Headbutt"],"picked":"Reaper","floor":8},{"not_picked":["Flex","Wild Strike"],"picked":"Burning Pact","floor":11},{"not_picked":["Havoc","Armaments"],"picked":"Shrug It Off","floor":12},{"not_picked":["Flex","Anger","Clothesline"],"picked":"SKIP","floor":13},{"not_picked":["Fiend Fire","Dark Embrace"],"picked":"Immolate","floor":16},{"not_picked":["Flex","Perfected Strike"],"picked":"Shrug It Off","floor":18},{"not_picked":["Shrug It Off","Thunderclap","Corruption"],"picked":"SKIP","floor":19},{"not_picked":["Sword Boomerang","Cleave"],"picked":"Inflame","floor":22},{"not_picked":["Clothesline+1","Blood for Blood"],"picked":"Inflame+1","floor":24},{"not_picked":["Armaments","Bloodletting","Havoc"],"picked":"SKIP","floor":29},{"not_picked":["Armaments","Disarm+1"],"picked":"Offering","floor":31},{"not_picked":["Dark Embrace","Impervious"],"picked":"Limit Break","floor":33},{"not_picked":["Evolve","Shrug It Off+1"],"picked":"Armaments+1","floor":35},{"not_picked":["True Grit","Blood for Blood"],"picked":"Seeing Red","floor":40},{"not_picked":["Perfected Strike+1","Sever Soul+1","Sentinel"],"picked":"SKIP","floor":41},{"not_picked":["Evolve+1","Second Wind+1"],"picked":"Pummel","floor":44},{"not_picked":["Dropkick","Carnage+1"],"picked":"Shrug It Off+1","floor":45},{"not_picked":["Headbutt","Sever Soul","Rampage+1"],"picked":"SKIP","floor":46},{"not_picked":["Sword Boomerang","Searing Blow+1","Pommel Strike+1"],"picked":"SKIP","floor":48}],"player_experience":804137,"relics_obtained":[{"floor":8,"key":"Whetstone"},{"floor":9,"key":"War Paint"},{"floor":11,"key":"Blood Vial"},{"floor":24,"key":"Meat on the Bone"},{"floor":26,"key":"Potion Belt"},{"floor":40,"key":"Bottled Lightning"},{"floor":43,"key":"Shuriken"},{"floor":45,"key":"Charon\u0027s Ashes"},{"floor":48,"key":"Happy Flower"}],"event_choices":[{"cards_removed":["Strike_R"],"damage_healed":0,"gold_gain":0,"player_choice":"Purged","damage_taken":0,"max_hp_gain":0,"max_hp_loss":0,"event_name":"Purifier","floor":2,"gold_loss":0},{"damage_healed":0,"gold_gain":0,"player_choice":"Lose Max HP","damage_taken":0,"relics_obtained":["Golden Idol"],"max_hp_gain":0,"max_hp_loss":6,"event_name":"Golden Idol","floor":14,"gold_loss":0},{"damage_healed":0,"gold_gain":0,"player_choice":"Gave Idol","damage_taken":0,"relics_obtained":["Bloody Idol"],"max_hp_gain":0,"max_hp_loss":0,"event_name":"Forgotten Altar","floor":20,"relics_lost":["Golden Idol"],"gold_loss":0},{"damage_healed":0,"gold_gain":0,"player_choice":"Joined the Cult","damage_taken":6,"max_hp_gain":0,"max_hp_loss":0,"event_name":"Nest","floor":27,"gold_loss":0,"cards_obtained":["RitualDagger"]},{"damage_healed":0,"gold_gain":0,"player_choice":"Embrace Madness","damage_taken":9,"max_hp_gain":0,"max_hp_loss":0,"event_name":"Winding Halls","floor":36,"gold_loss":0,"cards_obtained":["Madness","Madness"]},{"damage_healed":0,"gold_gain":0,"player_choice":"Paid","damage_taken":0,"relics_obtained":["Red Mask"],"max_hp_gain":0,"max_hp_loss":0,"event_name":"Tomb of Lord Red Mask","floor":38,"gold_loss":17},{"cards_removed":["Defend_R"],"damage_healed":0,"gold_gain":0,"player_choice":"Removed Skill","damage_taken":0,"max_hp_gain":0,"max_hp_loss":0,"event_name":"Falling","floor":39,"gold_loss":0},{"damage_healed":0,"gold_gain":0,"player_choice":"Fight","damage_taken":0,"max_hp_gain":0,"max_hp_loss":0,"event_name":"Mysterious Sphere","floor":45,"gold_loss":0}],"is_beta":false,"boss_relics":[{"not_picked":["Astrolabe","Runic Cube"],"picked":"Ectoplasm"},{"not_picked":["Tiny House","Lizard Tail"],"picked":"Cursed Key"}],"items_purged_floors":[37],"is_endless":false,"potions_floor_spawned":[1,5,8,13,16,22,29,33,35,41,44,45],"ascension_level":5}