{"gold_per_floor":[114,129,32,107,125,145,145,176,176,193,193],"floor_reached":11,"playtime":470,"items_purged":[],"score":116,"play_id":"a52fc929-287d-4bd9-a849-c9ab9bdde6ea","local_time":"20190429225449","is_ascension_mode":true,"campfire_choices":[],"neow_cost":"PERCENT_DAMAGE","seed_source_timestamp":1729899966318700,"circlet_count":0,"master_deck":["AscendersBane","Strike_R","Strike_R","Strike_R","Strike_R","Defend_R","Defend_R","Defend_R","Defend_R","Bash","Demon Form","Power Through","Ghostly Armor","Bandage Up","True Grit"],"relics":["Burning Blood","Smiling Mask","Bag of Preparation"],"potions_floor_usage":[6,8,11],"damage_taken":[{"damage":12,"enemies":"Jaw Worm","floor":1,"turns":3},{"damage":8,"enemies":"2 Louse","floor":2,"turns":6},{"damage":1,"enemies":"Cultist","floor":5,"turns":5},{"damage":6,"enemies":"Blue Slaver","floor":6,"turns":5},{"damage":30,"enemies":"Lagavulin","floor":8,"turns":9},{"damage":5,"enemies":"2 Fungi Beasts","floor":10,"turns":7},{"damage":30,"enemies":"3 Sentries","floor":11,"turns":12}],"seed_played":"-4182405840463451332","potions_obtained":[{"floor":1,"key":"Fire Potion"},{"floor":5,"key":"Explosive Potion"},{"floor":6,"key":"Energy Potion"}],"is_trial":false,"path_per_floor":["M","M","$","?","M","M","?","E","T","M","E"],"character_chosen":"IRONCLAD","items_purchased":["Bandage Up"],"campfire_rested":0,"item_purchase_floors":[3],"current_hp_per_floor":[45,43,43,32,41,45,45,25,25,30,4],"gold":193,"neow_bonus":"THREE_RARE_CARDS","is_prod":false,"is_daily":false,"chose_seed":false,"campfire_upgraded":0,"win_rate":0,"timestamp":1556571289,"path_taken":["M","M","$","?","M","M","?","E","T","?","E"],"build_version":"2019-01-23","purchased_purges":0,"victory":false,"max_hp_per_floor":[80,80,80,80,80,80,80,80,80,80,80],"card_choices":[{"not_picked":["Reaper","Fiend Fire"],"picked":"Demon Form","floor":0},{"not_picked":["Fire Breathing","Flex"],"picked":"Power Through","floor":1},{"not_picked":["Flex","Reckless Charge"],"picked":"Ghostly Armor","floor":2},{"not_picked":["Thunderclap","Feel No Pain"],"picked":"True Grit","floor":5},{"not_picked":["Armaments","Sword Boomerang","Fire Breathing"],"picked":"SKIP","floor":6},{"not_picked":["Clash","Flex","Rampage"],"picked":"SKIP","floor":8},{"not_picked":["Twin Strike","Body Slam","Reckless Charge"],"picked":"SKIP","floor":10}],"player_experience":877191,"relics_obtained":[{"floor":8,"key":"Smiling Mask"},{"floor":9,"key":"Bag of Preparation"}],"event_choices":[{"damage_healed":0,"gold_gain":75,"player_choice":"Gather Gold","damage_taken":11,"max_hp_gain":0,"max_hp_loss":0,"event_name":"World of Goop","floor":4,"gold_loss":0},{"cards_removed":["Strike_R"],"damage_healed":0,"gold_gain":0,"player_choice":"Offered Basic","damage_taken":0,"max_hp_gain":0,"max_hp_loss":0,"event_name":"Bonfire Elementals","floor":7,"gold_loss":0}],"is_beta":false,"boss_relics":[],"items_purged_floors":[],"is_endless":false,"potions_floor_spawned":[1,5,6],"killed_by":"3 Sentries","ascension_level":11}