{"gold_per_floor":[118,132,149,159,171,171,35,61,84,97,97,165,195,245,245,245],"floor_reached":16,"playtime":869,"items_purged":[],"score":125,"play_id":"c37027a6-0bf6-4b14-a5ca-cccf4cec653d","local_time":"20190414011058","is_ascension_mode":true,"campfire_choices":[{"data":"Rainbow","floor":6,"key":"SMITH"},{"data":"Conserve Battery","floor":15,"key":"SMITH"}],"neow_cost":"TEN_PERCENT_HP_LOSS","seed_source_timestamp":355269458479700,"circlet_count":0,"master_deck":["Strike_B","Strike_B","Strike_B+1","Strike_B","Defend_B","Defend_B","Defend_B","Defend_B","Zap","Dualcast","Rebound+1","Self Repair","Compile Driver","Cold Snap","Rainbow+1","Conserve Battery+1","Bandage Up","Self Repair","Glacier","Compile Driver","Conserve Battery"],"relics":["Cracked Core","Girya","Gremlin Horn","Centennial Puzzle","SsserpentHead","Whetstone"],"potions_floor_usage":[8,13,13,16],"damage_taken":[{"damage":0,"enemies":"Cultist","floor":1,"turns":3},{"damage":13,"enemies":"Small Slimes","floor":2,"turns":3},{"damage":7,"enemies":"2 Louse","floor":3,"turns":3},{"damage":16,"enemies":"Blue Slaver","floor":4,"turns":4},{"damage":18,"enemies":"3 Louse","floor":5,"turns":3},{"damage":23,"enemies":"Lagavulin","floor":8,"turns":10},{"damage":1,"enemies":"Looter","floor":10,"turns":4},{"damage":9,"enemies":"Gremlin Gang","floor":12,"turns":7},{"damage":17,"enemies":"Gremlin Nob","floor":13,"turns":4},{"damage":44,"enemies":"The Guardian","floor":16,"turns":12}],"seed_played":"-1131041506983099129","potions_obtained":[{"floor":2,"key":"FairyPotion"},{"floor":4,"key":"PowerPotion"},{"floor":5,"key":"Strength Potion"},{"floor":12,"key":"FearPotion"},{"floor":13,"key":"Ancient Potion"}],"is_trial":false,"path_per_floor":["M","M","M","M","M","R","$","E","T","M","?","M","E","T","R","B"],"character_chosen":"DEFECT","items_purchased":["Conserve Battery","Bandage Up"],"campfire_rested":0,"item_purchase_floors":[7,7],"current_hp_per_floor":[68,55,55,46,28,28,28,16,16,33,33,42,29,29,29,0],"gold":245,"neow_bonus":"ONE_RARE_RELIC","is_prod":false,"is_daily":false,"chose_seed":false,"campfire_upgraded":2,"win_rate":0,"timestamp":1555197058,"path_taken":["M","M","M","M","M","R","$","E","T","M","?","?","E","?","R","BOSS"],"build_version":"2019-01-23","purchased_purges":0,"victory":false,"max_hp_per_floor":[68,68,68,68,68,68,68,68,68,68,68,68,68,68,68,68],"card_choices":[{"not_picked":["Gash","Steam"],"picked":"Rebound","floor":1},{"not_picked":["Fission","Beam Cell"],"picked":"Self Repair","floor":2},{"not_picked":["Sweeping Beam","Streamline"],"picked":"Compile Driver","floor":3},{"not_picked":["Blizzard","Coolheaded"],"picked":"Cold Snap","floor":4},{"not_picked":["Hologram","Leap"],"picked":"Rainbow","floor":5},{"not_picked":["Steam Power","Streamline"],"picked":"Self Repair","floor":8},{"not_picked":["Sweeping Beam","Static Discharge"],"picked":"Glacier","floor":10},{"not_picked":["Tempest","Hologram"],"picked":"Compile Driver","floor":12},{"not_picked":["Heatsinks","Scrape"],"picked":"Conserve Battery","floor":13}],"player_experience":432764,"relics_obtained":[{"floor":8,"key":"Gremlin Horn"},{"floor":9,"key":"Centennial Puzzle"},{"floor":13,"key":"Whetstone"}],"event_choices":[{"damage_healed":0,"gold_gain":0,"player_choice":"Trade","damage_taken":0,"relics_obtained":["SsserpentHead"],"max_hp_gain":0,"max_hp_loss":0,"event_name":"FaceTrader","floor":11,"gold_loss":0}],"is_beta":false,"boss_relics":[],"items_purged_floors":[],"is_endless":false,"potions_floor_spawned":[2,4,5,12,13],"killed_by":"The Guardian","ascension_level":2}