{"gold_per_floor":[116,116,136,136,211,242,260,260,286,286,310,56,91,115,115,244,244,262,277,117,216,216,216,247,272,272,272,287,287,303,303,303,303],"floor_reached":33,"playtime":7131,"items_purged":[],"score":275,"play_id":"47ea2f3e-00a3-4ba5-bcbb-278b678fc53e","local_time":"20190218193055","is_ascension_mode":false,"campfire_choices":[{"data":"True Grit","floor":8,"key":"SMITH"},{"data":"Bash","floor":10,"key":"SMITH"},{"data":"Perfected Strike","floor":15,"key":"SMITH"},{"data":"Barricade","floor":23,"key":"SMITH"},{"floor":27,"key":"REST"},{"data":"Perfected Strike","floor":29,"key":"SMITH"},{"data":"Iron Wave","floor":32,"key":"SMITH"}],"neow_cost":"NONE","seed_source_timestamp":262943848604674,"circlet_count":0,"master_deck":["Strike_R","Strike_R","Strike_R","Strike_R","Strike_R","Defend_R+1","Defend_R+1","Defend_R","Defend_R","Bash+1","Anger","True Grit+1","Iron Wave+1","Evolve","Perfected Strike+1","Pommel Strike","Inflame","Perfected Strike+1","Barricade+1","Wild Strike","Spot Weakness","Pommel Strike","Twin Strike","Perfected Strike+1","Warcry","Double Tap","PanicButton","Flame Barrier","Armaments+1","Limit Break","Wild Strike+1","Writhe"],"relics":["Burning Blood","Golden Idol","Regal Pillow","War Paint","Lee\u0027s Waffle","Mercury Hourglass","Orrery","Enchiridion","Sundial","Kunai","Juzu Bracelet"],"potions_floor_usage":[24,33,33],"damage_taken":[{"damage":7,"enemies":"2 Louse","floor":1,"turns":3},{"damage":3,"enemies":"Jaw Worm","floor":3,"turns":3},{"damage":24,"enemies":"Lagavulin","floor":6,"turns":6},{"damage":0,"enemies":"Cultist","floor":7,"turns":3},{"damage":12,"enemies":"Blue Slaver","floor":11,"turns":4},{"damage":10,"enemies":"Gremlin Nob","floor":13,"turns":4},{"damage":6,"enemies":"Large Slime","floor":14,"turns":5},{"damage":59,"enemies":"Hexaghost","floor":16,"turns":8},{"damage":17,"enemies":"2 Thieves","floor":18,"turns":4},{"damage":14,"enemies":"Shell Parasite","floor":19,"turns":4},{"damage":36,"enemies":"Book of Stabbing","floor":24,"turns":4},{"damage":9,"enemies":"Snake Plant","floor":25,"turns":4},{"damage":11,"enemies":"Shelled Parasite and Fungi","floor":28,"turns":5},{"damage":22,"enemies":"3 Cultists","floor":30,"turns":5},{"damage":43,"enemies":"Automaton","floor":33,"turns":6}],"seed_played":"-1718827674487293132","potions_obtained":[{"floor":0,"key":"Dexterity Potion"},{"floor":0,"key":"SteroidPotion"},{"floor":0,"key":"PowerPotion"},{"floor":3,"key":"Fire Potion"},{"floor":14,"key":"LiquidBronze"}],"is_trial":false,"path_per_floor":["?","?","?","$","M","?","?","?"],"character_chosen":"IRONCLAD","items_purchased":["Pommel Strike","Lee\u0027s Waffle","Double Tap","PanicButton"],"campfire_rested":1,"item_purchase_floors":[12,12,20,20],"current_hp_per_floor":[79,59,62,62,51,33,39,39,39,39,33,87,83,83,83,30,87,76,68,68,68,52,52,22,19,19,60,55,55,39,39,39,0],"gold":303,"neow_bonus":"THREE_SMALL_POTIONS","is_prod":false,"is_daily":false,"chose_seed":false,"campfire_upgraded":6,"win_rate":0.0,"timestamp":1550543455,"path_taken":["M","?","M","?","?","E","M","R","T","R","M","?","E","M","R","BOSS","M","?","$","?","?","R","E","M","T","R","M","R","M","?","R","BOSS"],"build_version":"2019-01-23","purchased_purges":0,"victory":false,"max_hp_per_floor":[80,80,80,80,80,80,80,80,80,80,80,87,87,87,87,87,87,87,87,87,87,87,87,87,87,87,87,87,87,87,87,87,87],"card_choices":[{"not_picked":["Clash","Heavy Blade"],"picked":"Anger","floor":1},{"not_picked":["Bloodletting","Rage"],"picked":"True Grit","floor":3},{"not_picked":["Warcry","Body Slam"],"picked":"Iron Wave","floor":6},{"not_picked":["Cleave","Armaments"],"picked":"Evolve","floor":7},{"not_picked":["Flex","Sword Boomerang"],"picked":"Perfected Strike","floor":11},{"not_picked":["Dropkick","Fiend Fire"],"picked":"Inflame","floor":13},{"not_picked":["Shrug It Off","Combust"],"picked":"Perfected Strike","floor":14},{"not_picked":["Dark Embrace","Impervious"],"picked":"Barricade","floor":16},{"not_picked":["Flex","Pommel Strike"],"picked":"Wild Strike","floor":17},{"not_picked":["Flex","Rage"],"picked":"Spot Weakness","floor":17},{"not_picked":["Fire Breathing","Ghostly Armor"],"picked":"Pommel Strike","floor":17},{"not_picked":["Sword Boomerang","Heavy Blade"],"picked":"Twin Strike","floor":17},{"not_picked":["Burning Pact","Shockwave"],"picked":"Perfected Strike+1","floor":18},{"not_picked":["True Grit","Shrug It Off"],"picked":"Warcry","floor":19},{"not_picked":["Seeing Red","Shrug It Off"],"picked":"Flame Barrier","floor":24},{"not_picked":["Wild Strike","Fire Breathing"],"picked":"Armaments+1","floor":25},{"not_picked":["Pummel","Pommel Strike"],"picked":"Limit Break","floor":28},{"not_picked":["Clothesline+1","Hemokinesis+1"],"picked":"Wild Strike+1","floor":30}],"player_experience":27640,"relics_obtained":[{"floor":6,"key":"Regal Pillow"},{"floor":9,"key":"War Paint"},{"floor":13,"key":"Mercury Hourglass"},{"floor":22,"key":"Enchiridion"},{"floor":24,"key":"Sundial"},{"floor":26,"key":"Kunai"}],"event_choices":[{"damage_healed":0,"gold_gain":0,"player_choice":"Take Damage","damage_taken":20,"relics_obtained":["Golden Idol"],"max_hp_gain":0,"max_hp_loss":0,"event_name":"Golden Idol","floor":2,"gold_loss":0},{"damage_healed":0,"gold_gain":0,"player_choice":"Ignored","damage_taken":0,"max_hp_gain":0,"max_hp_loss":0,"event_name":"Liars Game","floor":4,"gold_loss":0},{"damage_healed":0,"gold_gain":75,"player_choice":"Gather Gold","damage_taken":11,"max_hp_gain":0,"max_hp_loss":0,"event_name":"World of Goop","floor":5,"gold_loss":0},{"damage_healed":0,"gold_gain":99,"player_choice":"Stole From Cult","damage_taken":0,"max_hp_gain":0,"max_hp_loss":0,"event_name":"Nest","floor":21,"gold_loss":0},{"damage_healed":0,"gold_gain":0,"player_choice":"Obtained Book","damage_taken":16,"max_hp_gain":0,"max_hp_loss":0,"event_name":"Cursed Tome","floor":22,"gold_loss":0},{"damage_healed":0,"gold_gain":0,"player_choice":"Opened","damage_taken":0,"relics_obtained":["Juzu Bracelet"],"max_hp_gain":0,"max_hp_loss":0,"event_name":"The Mausoleum","floor":31,"gold_loss":0,"cards_obtained":["Writhe"]}],"is_beta":false,"boss_relics":[{"not_picked":["Empty Cage","Runic Dome"],"picked":"Orrery"}],"items_purged_floors":[],"is_endless":false,"potions_floor_spawned":[3,13,14,19],"killed_by":"Automaton","ascension_level":0}