{"gold_per_floor":[118,134,134,147,165,197,197,230,230,230,230,230,243,277,277,377,377,397,410,410],"floor_reached":20,"playtime":710,"items_purged":[],"score":252,"play_id":"02fc1907-b7ed-4fe3-be67-c408e4a58ecf","local_time":"20190331175931","is_ascension_mode":true,"campfire_choices":[{"data":"Poisoned Stab","floor":7.0,"key":"SMITH"},{"floor":10,"key":"REST"},{"floor":15,"key":"REST"}],"neow_cost":"NONE","seed_source_timestamp":0,"circlet_count":0,"master_deck":["Defend_G","Defend_G","Defend_G","Defend_G","Defend_G","Strike_G","Strike_G","Survivor","Neutralize+1","Flying Knee","Poisoned Stab+1","Dagger Throw","Flying Knee","Bouncing Flask+1","Corpse Explosion+1","Well Laid Plans+1","Corpse Explosion+1","Dagger Throw+1","Outmaneuver+1","Backflip+1"],"special_seed":0,"relics":["Ring of the Snake","Ginger","Sundial","SsserpentHead","Toxic Egg 2","Astrolabe"],"potions_floor_usage":[16,16,18,19],"damage_taken":[{"damage":2.0,"enemies":"Cultist","floor":1.0,"turns":4.0},{"damage":0.0,"enemies":"Small Slimes","floor":2.0,"turns":3.0},{"damage":2.0,"enemies":"2 Louse","floor":4.0,"turns":4.0},{"damage":3.0,"enemies":"Blue Slaver","floor":5.0,"turns":4.0},{"damage":31.0,"enemies":"3 Sentries","floor":6.0,"turns":10.0},{"damage":14.0,"enemies":"Lagavulin","floor":8.0,"turns":5.0},{"damage":3,"enemies":"Looter","floor":13,"turns":3},{"damage":17,"enemies":"Gremlin Nob","floor":14,"turns":4},{"damage":8,"enemies":"Slime Boss","floor":16,"turns":5},{"damage":20,"enemies":"3 Byrds","floor":18,"turns":3},{"damage":31,"enemies":"2 Thieves","floor":19,"turns":3},{"damage":33,"enemies":"Snake Plant","floor":20,"turns":2}],"seed_played":"9020846521055740120","potions_obtained":[{"floor":3.0,"key":"PowerPotion"},{"floor":3.0,"key":"EssenceOfSteel"},{"floor":3.0,"key":"Strength Potion"},{"floor":6.0,"key":"SteroidPotion"},{"floor":8.0,"key":"Poison Potion"},{"floor":16,"key":"Dexterity Potion"},{"floor":18,"key":"Regen Potion"}],"is_trial":false,"path_per_floor":["M","M","?","M","M","E","R","E","T","R","?","?","M","E","R","B",null,"M","M","M"],"character_chosen":"THE_SILENT","items_purchased":[],"campfire_rested":2,"item_purchase_floors":[],"current_hp_per_floor":[68,68,68,66,63,32,32,18,18,41,41,41,38,21,44,36,67,47,28,0],"gold":410,"neow_bonus":"TEN_PERCENT_HP_BONUS","is_prod":false,"is_daily":false,"chose_seed":false,"campfire_upgraded":1,"win_rate":0,"timestamp":1554080371,"path_taken":["M","M","?","?","M","E","R","E","T","R","?","?","M","E","R","BOSS","M","M","M"],"build_version":"2019-01-23","purchased_purges":0,"victory":false,"max_hp_per_floor":[77,77,77,77,77,77,77,77,77,77,77,77,77,77,77,77,77,77,77,77],"card_choices":[{"not_picked":["Bane","Infinite Blades"],"picked":"Flying Knee","floor":1.0},{"not_picked":["Deadly Poison","Well Laid Plans"],"picked":"Poisoned Stab","floor":2.0},{"not_picked":["Sucker Punch","Distraction","Heel Hook"],"picked":"SKIP","floor":4.0},{"not_picked":["Dagger Throw","Cloak And Dagger","Outmaneuver"],"picked":"SKIP","floor":5.0},{"not_picked":["Flechettes","Riddle With Holes"],"picked":"Dagger Throw","floor":6.0},{"not_picked":["Slice","Underhanded Strike","Setup"],"picked":"SKIP","floor":8.0},{"not_picked":["Dodge and Roll","Underhanded Strike"],"picked":"Flying Knee","floor":13},{"not_picked":["Flechettes","Choke"],"picked":"Bouncing Flask","floor":14},{"not_picked":["Glass Knife","Adrenaline+1"],"picked":"Corpse Explosion+1","floor":16},{"not_picked":["Quick Slash","Underhanded Strike"],"picked":"Outmaneuver+1","floor":18},{"not_picked":["Prepared+1","Bane+1"],"picked":"Backflip+1","floor":19}],"player_experience":111361,"relics_obtained":[{"floor":6.0,"key":"Ginger"},{"floor":8.0,"key":"Sundial"},{"floor":14,"key":"Toxic Egg 2"}],"event_choices":[{"damage_healed":0.0,"max_hp_gain":0.0,"max_hp_loss":0.0,"gold_gain":0.0,"event_name":"Lab","player_choice":"Got Potions","floor":3.0,"gold_loss":0.0,"damage_taken":0.0},{"damage_healed":0,"gold_gain":0,"player_choice":"Grow","damage_taken":0,"max_hp_gain":0,"max_hp_loss":0,"event_name":"Living Wall","floor":11,"gold_loss":0,"cards_upgraded":["Neutralize"]},{"damage_healed":0,"gold_gain":0,"player_choice":"Trade","damage_taken":0,"relics_obtained":["SsserpentHead"],"max_hp_gain":0,"max_hp_loss":0,"event_name":"FaceTrader","floor":12,"gold_loss":0}],"is_beta":false,"boss_relics":[{"not_picked":["Calling Bell","Orrery"],"picked":"Astrolabe"}],"items_purged_floors":[],"is_endless":false,"potions_floor_spawned":[6,8,14,16,18],"killed_by":"Snake Plant","ascension_level":6}