{"gold_per_floor":[114,114,126,151,171,201,213,259,271,310,322,200,200,200,200,200],"floor_reached":16,"playtime":614,"items_purged":["Strike_R"],"score":209,"play_id":"b54fd2f5-d3b7-4772-8390-d060073a8672","local_time":"20190423121812","is_ascension_mode":true,"campfire_choices":[{"data":"Bash","floor":7,"key":"SMITH"},{"floor":13,"key":"REST"},{"data":"Clothesline","floor":15,"key":"SMITH"}],"neow_cost":"NONE","seed_source_timestamp":148310166358599,"circlet_count":0,"master_deck":["AscendersBane","Strike_R","Strike_R","Strike_R","Strike_R","Defend_R","Defend_R","Defend_R","Defend_R","Bash+1","Clothesline+1","Shrug It Off","Corruption","Inflame","Shrug It Off","Shrug It Off"],"relics":["Burning Blood","Art of War","MawBank","PreservedInsect","StoneCalendar","Ginger"],"potions_floor_usage":[5,6,6,8,16],"damage_taken":[{"damage":3,"enemies":"Small Slimes","floor":1,"turns":4},{"damage":1,"enemies":"Cultist","floor":3,"turns":3},{"damage":4,"enemies":"Jaw Worm","floor":5,"turns":3},{"damage":45,"enemies":"Lagavulin","floor":6,"turns":8},{"damage":6,"enemies":"Gremlin Nob","floor":8,"turns":4},{"damage":41,"enemies":"Lagavulin","floor":10,"turns":7},{"damage":31,"enemies":"Hexaghost","floor":16,"turns":11}],"seed_played":"5958088145290974841","potions_obtained":[{"floor":2,"key":"EntropicBrew"},{"floor":2,"key":"Strength Potion"},{"floor":3,"key":"AttackPotion"},{"floor":6,"key":"PowerPotion"},{"floor":10,"key":"SteroidPotion"}],"is_trial":false,"path_per_floor":["M","?","M","T","M","E","R","E","T","E","?","$","R","?","R","B"],"character_chosen":"IRONCLAD","items_purchased":["Shrug It Off"],"campfire_rested":1,"item_purchase_floors":[12],"current_hp_per_floor":[78,78,82,82,82,43,43,43,43,8,8,8,32,27,27,0],"gold":200,"neow_bonus":"TEN_PERCENT_HP_BONUS","is_prod":false,"is_daily":false,"chose_seed":false,"campfire_upgraded":2,"win_rate":0,"timestamp":1556047092,"path_taken":["M","?","?","?","M","E","R","E","T","E","?","?","R","?","R","BOSS"],"build_version":"2019-01-23","purchased_purges":1,"victory":false,"max_hp_per_floor":[82,82,82,82,82,82,82,82,82,82,82,82,82,82,82,82],"card_choices":[{"not_picked":["Clash","Combust"],"picked":"Clothesline","floor":1},{"not_picked":["Flex","Clash","Entrench"],"picked":"SKIP","floor":3},{"not_picked":["Combust","Pommel Strike"],"picked":"Shrug It Off","floor":5},{"not_picked":["Hemokinesis","Wild Strike"],"picked":"Corruption","floor":6},{"not_picked":["Headbutt","Shrug It Off"],"picked":"Inflame","floor":8},{"not_picked":["Whirlwind","Dual Wield"],"picked":"Shrug It Off","floor":10}],"player_experience":467804,"relics_obtained":[{"floor":4,"key":"Art of War"},{"floor":6,"key":"MawBank"},{"floor":8,"key":"PreservedInsect"},{"floor":9,"key":"StoneCalendar"},{"floor":10,"key":"Ginger"}],"event_choices":[{"damage_healed":0,"gold_gain":0,"player_choice":"Got Potions","damage_taken":0,"max_hp_gain":0,"max_hp_loss":0,"event_name":"Lab","floor":2,"gold_loss":0},{"damage_healed":0,"gold_gain":0,"player_choice":"Ignored","damage_taken":0,"max_hp_gain":0,"max_hp_loss":0,"event_name":"Shining Light","floor":11,"gold_loss":0},{"damage_healed":0,"gold_gain":0,"player_choice":"Fled","damage_taken":5,"max_hp_gain":0,"max_hp_loss":0,"event_name":"Scrap Ooze","floor":14,"gold_loss":0}],"is_beta":false,"boss_relics":[],"items_purged_floors":[12],"is_endless":false,"potions_floor_spawned":[3,6,10],"killed_by":"Hexaghost","ascension_level":16}