{"gold_per_floor":[114,91,108,127,105,130,144,144,171,194,209,227,227,227,227,356,356,380,18,18,32,32,57,57,34,34,34,34,101,101,32,32,132,132,163,237,237,5,21,53,53,53],"floor_reached":42,"playtime":2568,"items_purged":["Strike_B","Defend_B","Strike_B"],"score":704,"play_id":"741fc11d-c2ce-40ae-bca5-fcc1f3efa9f3","local_time":"20190324120743","is_ascension_mode":true,"campfire_choices":[{"data":"Zap","floor":13,"key":"SMITH"},{"floor":15,"key":"REST"},{"floor":28,"key":"DIG"},{"floor":30,"key":"DIG"},{"floor":32,"key":"REST"},{"floor":41,"key":"REST"}],"neow_cost":"NONE","seed_source_timestamp":830426340658651,"circlet_count":0,"master_deck":["Strike_B","Strike_B","Defend_B+1","Defend_B","Defend_B","Zap+1","Dualcast","Rebound","Coolheaded","Rip and Tear","Hologram+1","Ball Lightning","Sweeping Beam","Auto Shields","Stack","Steam","Echo Form","Gash+1","Chill","HandOfGreed","Sunder+1","Go for the Eyes","Conserve Battery","Reinforced Body+1","Defragment","Meteor Strike","Double Energy+1","Self Repair","Bandage Up","Recycle","Chaos+1"],"special_seed":0,"relics":["Cracked Core","Omamori","Lantern","Bloody Idol","War Paint","Centennial Puzzle","Nuclear Battery","Membership Card","Strawberry","Shovel","Mercury Hourglass","Question Card","Shuriken","Ancient Tea Set","Sozu","Thread and Needle","Bottled Lightning","Happy Flower"],"potions_floor_usage":[6,10,11,23,23,29,33],"damage_taken":[{"damage":0,"enemies":"Small Slimes","floor":1,"turns":2},{"damage":2,"enemies":"Jaw Worm","floor":3,"turns":3},{"damage":5,"enemies":"2 Louse","floor":4,"turns":3},{"damage":26,"enemies":"Lagavulin","floor":6,"turns":6},{"damage":0,"enemies":"Large Slime","floor":7,"turns":4},{"damage":3,"enemies":"Blue Slaver","floor":10,"turns":2},{"damage":3,"enemies":"2 Fungi Beasts","floor":11,"turns":2},{"damage":3,"enemies":"3 Louse","floor":12,"turns":3},{"damage":27,"enemies":"The Guardian","floor":16,"turns":11},{"damage":0,"enemies":"Spheric Guardian","floor":18,"turns":3},{"damage":9,"enemies":"Shell Parasite","floor":21,"turns":4},{"damage":34,"enemies":"Gremlin Leader","floor":23,"turns":6},{"damage":34,"enemies":"Slavers","floor":29,"turns":5},{"damage":50,"enemies":"Automaton","floor":33,"turns":10},{"damage":4,"enemies":"3 Shapes","floor":35,"turns":4},{"damage":45,"enemies":"2 Orb Walkers","floor":36,"turns":6},{"damage":7,"enemies":"Orb Walker","floor":39,"turns":3},{"damage":56,"enemies":"Nemesis","floor":40,"turns":9},{"damage":62,"enemies":"Reptomancer","floor":42,"turns":4}],"seed_played":"-3122256492532059512","potions_obtained":[{"floor":4,"key":"SteroidPotion"},{"floor":7,"key":"EntropicBrew"},{"floor":12,"key":"Weak Potion"},{"floor":16,"key":"Dexterity Potion"},{"floor":18,"key":"PowerPotion"},{"floor":21,"key":"Ancient Potion"},{"floor":29,"key":"Fruit Juice"}],"is_trial":false,"path_per_floor":["M","$","M","M","?","E","M","?","T","M","M","M","R","T","R","B",null,"M","$","?","M","?","E","?","$","T","?","R","E","R","$","R","B",null,"M","?","?","$","M","E","R","E"],"character_chosen":"DEFECT","items_purchased":["Coolheaded","Membership Card","Chill","HandOfGreed","Conserve Battery","Defragment","Bottled Lightning","Bandage Up"],"campfire_rested":3,"item_purchase_floors":[2,19,19,19,25,31,38,38],"current_hp_per_floor":[75,75,73,68,68,42,42,42,42,39,36,33,33,33,55,28,75,75,75,75,71,78,49,49,49,49,49,49,35,35,35,61,16,87,87,52,52,52,65,29,55,0],"gold":53,"neow_bonus":"RANDOM_COMMON_RELIC","is_prod":false,"is_daily":false,"chose_seed":false,"campfire_upgraded":1,"win_rate":0,"timestamp":1553396863,"path_taken":["M","$","M","M","?","E","M","?","T","M","M","M","R","?","R","BOSS","M","$","?","M","?","E","?","$","T","?","R","E","R","$","R","BOSS","M","?","?","$","M","E","R","E"],"build_version":"2019-01-23","purchased_purges":3,"victory":false,"max_hp_per_floor":[75,75,75,75,75,75,75,75,75,75,75,75,75,75,75,75,75,75,75,75,75,82,82,82,82,82,82,82,87,87,87,87,87,87,87,87,87,87,87,87,87,87],"card_choices":[{"not_picked":["Turbo","Coolheaded"],"picked":"Rebound","floor":1},{"not_picked":["Lockon","Aggregate"],"picked":"Rip and Tear","floor":3},{"not_picked":["Turbo","Compile Driver"],"picked":"Hologram","floor":4},{"not_picked":["Skim","Redo"],"picked":"Ball Lightning","floor":6},{"not_picked":["Doom and Gloom","Hello World"],"picked":"Sweeping Beam","floor":7},{"not_picked":["Coolheaded","Cold Snap"],"picked":"Auto Shields","floor":10},{"not_picked":["Redo","Blizzard"],"picked":"Stack","floor":11},{"not_picked":["Lockon","Hello World"],"picked":"Steam","floor":12},{"not_picked":["Hyperbeam","Amplify"],"picked":"Echo Form","floor":16},{"not_picked":["Storm","Hello World+1"],"picked":"Gash+1","floor":18},{"not_picked":["Hologram","Turbo+1"],"picked":"Sunder+1","floor":21},{"not_picked":["Recycle","Hologram"],"picked":"Go for the Eyes","floor":23},{"not_picked":["Sweeping Beam+1","Cold Snap+1","Heatsinks"],"picked":"Reinforced Body+1","floor":29},{"not_picked":["Reboot","Multi-Cast","Thunder Strike"],"picked":"Meteor Strike","floor":33},{"not_picked":["Gash","Redo+1","Auto Shields"],"picked":"Double Energy+1","floor":35},{"not_picked":["Turbo+1","Sunder","Beam Cell"],"picked":"Self Repair","floor":36},{"not_picked":["Sweeping Beam+1","Hologram","Barrage"],"picked":"Recycle","floor":39},{"not_picked":["Turbo+1","Stack+1","Beam Cell"],"picked":"Chaos+1","floor":40}],"player_experience":158083,"relics_obtained":[{"floor":6,"key":"Lantern"},{"floor":9,"key":"War Paint"},{"floor":14,"key":"Centennial Puzzle"},{"floor":23,"key":"Shovel"},{"floor":26,"key":"Mercury Hourglass"},{"floor":28,"key":"Question Card"},{"floor":29,"key":"Shuriken"},{"floor":30,"key":"Ancient Tea Set"},{"floor":36,"key":"Thread and Needle"},{"floor":40,"key":"Happy Flower"}],"event_choices":[{"damage_healed":0,"gold_gain":0,"player_choice":"Left Gold","damage_taken":0,"max_hp_gain":0,"max_hp_loss":0,"event_name":"World of Goop","floor":5,"gold_loss":22},{"damage_healed":0,"gold_gain":0,"player_choice":"Take Wound","damage_taken":0,"relics_obtained":["Golden Idol"],"max_hp_gain":0,"max_hp_loss":0,"event_name":"Golden Idol","floor":8,"gold_loss":0,"cards_obtained":["Injury"]},{"damage_healed":0,"gold_gain":0,"player_choice":"Gave Idol","damage_taken":0,"relics_obtained":["Bloody Idol"],"max_hp_gain":0,"max_hp_loss":0,"event_name":"Forgotten Altar","floor":20,"relics_lost":["Golden Idol"],"gold_loss":0},{"damage_healed":0,"gold_gain":0,"player_choice":"Opened","damage_taken":0,"relics_obtained":["Strawberry"],"max_hp_gain":0,"max_hp_loss":0,"event_name":"The Mausoleum","floor":22,"gold_loss":0},{"damage_healed":0,"gold_gain":0,"player_choice":"Ignored","damage_taken":0,"max_hp_gain":0,"max_hp_loss":0,"event_name":"Vampires","floor":24,"gold_loss":0},{"damage_healed":0,"gold_gain":0,"player_choice":"Ignored","damage_taken":0,"max_hp_gain":0,"max_hp_loss":0,"event_name":"Ghosts","floor":27,"gold_loss":0},{"damage_healed":0,"gold_gain":0,"player_choice":"Fight","damage_taken":0,"max_hp_gain":0,"max_hp_loss":0,"event_name":"Mysterious Sphere","floor":36,"gold_loss":0},{"damage_healed":0,"gold_gain":0,"player_choice":"Ignored","damage_taken":0,"max_hp_gain":0,"max_hp_loss":0,"event_name":"Tomb of Lord Red Mask","floor":37,"gold_loss":0}],"is_beta":false,"boss_relics":[{"not_picked":["White Beast Statue","Empty Cage"],"picked":"Nuclear Battery"},{"not_picked":["Snecko Eye","Lizard Tail"],"picked":"Sozu"}],"items_purged_floors":[19,31,38],"is_endless":false,"potions_floor_spawned":[4,7,12,16,18,21,29,35,36,39],"killed_by":"Reptomancer","ascension_level":3}