{"gold_per_floor":[212,229,404,21,37,37,69,69,95,110,136,57,68,88,88,185,185,110,123,38,38,55,90,90,90],"floor_reached":25,"playtime":1291,"items_purged":["Doubt"],"score":371,"play_id":"4d17f3a2-7dd7-4e4c-afa0-d55aca830da9","local_time":"20190428225003","is_ascension_mode":true,"campfire_choices":[{"data":"Metallicize","floor":6,"key":"SMITH"},{"data":"Disarm","floor":8,"key":"SMITH"},{"data":"Disarm","floor":15,"key":"SMITH"},{"data":"Barricade","floor":24,"key":"SMITH"}],"neow_cost":"NONE","seed_source_timestamp":1642392237657300,"circlet_count":0,"master_deck":["Strike_R","Strike_R","Strike_R","Strike_R","Strike_R","Defend_R","Defend_R","Defend_R","Defend_R","Bash","Ghostly Armor","True Grit","Metallicize+1","Panacea","Clothesline","Disarm+1","Ghostly Armor","Shrug It Off","Disarm+1","Barricade+1","Ghostly Armor+1","Body Slam","Entrench"],"relics":["Burning Blood","OrangePellets","Boot","Anchor","Charon\u0027s Ashes","Black Star","Shuriken","Nilry\u0027s Codex","Thread and Needle","Vajra"],"potions_floor_usage":[11,16,25,25],"damage_taken":[{"damage":6,"enemies":"Cultist","floor":1,"turns":3},{"damage":10,"enemies":"Small Slimes","floor":2,"turns":4},{"damage":0,"enemies":"2 Louse","floor":5,"turns":4},{"damage":17,"enemies":"3 Sentries","floor":7,"turns":15},{"damage":8,"enemies":"Looter","floor":10,"turns":5},{"damage":18,"enemies":"Lagavulin","floor":11,"turns":9},{"damage":4,"enemies":"Exordium Thugs","floor":13,"turns":6},{"damage":4,"enemies":"Large Slime","floor":14,"turns":8},{"damage":27,"enemies":"The Guardian","floor":16,"turns":12},{"damage":22,"enemies":"2 Thieves","floor":18,"turns":5},{"damage":4,"enemies":"Shell Parasite","floor":19,"turns":15},{"damage":20,"enemies":"Snake Plant","floor":22,"turns":11},{"damage":17,"enemies":"Book of Stabbing","floor":23,"turns":11},{"damage":15,"enemies":"3 Cultists","floor":25,"turns":4}],"seed_played":"2253468564339713157","potions_obtained":[{"floor":1,"key":"PowerPotion"},{"floor":2,"key":"PowerPotion"},{"floor":5,"key":"SpeedPotion"},{"floor":13,"key":"Swift Potion"}],"is_trial":false,"path_per_floor":["M","M","?","$","M","R","E","R","T","M","E","$","M","M","R","B",null,"M","M","?","?","M","E","R","M"],"character_chosen":"IRONCLAD","items_purchased":["OrangePellets","Metallicize","Panacea","Ghostly Armor"],"campfire_rested":0,"item_purchase_floors":[4,4,4,12],"current_hp_per_floor":[72,68,68,68,74,74,63,63,63,61,49,49,51,53,53,32,68,52,54,54,38,24,13,13,0],"gold":90,"neow_bonus":"HUNDRED_GOLD","is_prod":false,"is_daily":false,"chose_seed":false,"campfire_upgraded":4,"win_rate":0,"timestamp":1556484603,"path_taken":["M","M","?","$","M","R","E","R","T","M","E","$","M","M","R","BOSS","M","M","?","?","M","E","R","M"],"build_version":"2019-01-23","purchased_purges":1,"victory":false,"max_hp_per_floor":[80,80,80,80,80,80,80,80,80,80,80,80,80,80,80,80,80,80,80,80,80,80,80,80,80],"card_choices":[{"not_picked":["Twin Strike","Corruption"],"picked":"Ghostly Armor","floor":1},{"not_picked":["Hemokinesis","Entrench"],"picked":"True Grit","floor":2},{"not_picked":["Thunderclap","Havoc"],"picked":"Clothesline","floor":5},{"not_picked":["Evolve","Whirlwind"],"picked":"Disarm","floor":7},{"not_picked":["Armaments","Body Slam","Wild Strike"],"picked":"SKIP","floor":10},{"not_picked":["Burning Pact","Clash","Headbutt"],"picked":"SKIP","floor":11},{"not_picked":["Shockwave","Berserk"],"picked":"Shrug It Off","floor":13},{"not_picked":["Anger","Metallicize"],"picked":"Disarm","floor":14},{"not_picked":["Dark Embrace","Exhume"],"picked":"Barricade","floor":16},{"not_picked":["Fire Breathing+1","Sword Boomerang"],"picked":"Ghostly Armor+1","floor":18},{"not_picked":["Clothesline","Iron Wave+1"],"picked":"Body Slam","floor":19},{"not_picked":["Iron Wave","Heavy Blade","Clash"],"picked":"SKIP","floor":22},{"not_picked":["Headbutt","Perfected Strike"],"picked":"Entrench","floor":23}],"player_experience":845112,"relics_obtained":[{"floor":7,"key":"Boot"},{"floor":9,"key":"Anchor"},{"floor":11,"key":"Charon\u0027s Ashes"},{"floor":21,"key":"Nilry\u0027s Codex"},{"floor":23,"key":"Thread and Needle"},{"floor":23,"key":"Vajra"}],"event_choices":[{"damage_healed":0,"gold_gain":175,"player_choice":"AGREE","damage_taken":0,"max_hp_gain":0,"max_hp_loss":0,"event_name":"Liars Game","floor":3,"gold_loss":0,"cards_obtained":["Doubt"]},{"damage_healed":0,"gold_gain":0,"player_choice":"Obtained Relic","damage_taken":0,"relics_obtained":["Shuriken"],"max_hp_gain":0,"max_hp_loss":0,"event_name":"Addict","floor":20,"gold_loss":85},{"damage_healed":0,"gold_gain":0,"player_choice":"Obtained Book","damage_taken":16,"max_hp_gain":0,"max_hp_loss":0,"event_name":"Cursed Tome","floor":21,"gold_loss":0}],"is_beta":false,"boss_relics":[{"not_picked":["Calling Bell","White Beast Statue"],"picked":"Black Star"}],"items_purged_floors":[4],"is_endless":false,"potions_floor_spawned":[1,2,5,13,14],"killed_by":"3 Cultists","ascension_level":9}