{"gold_per_floor":[118,67,78,88,53,53,73,73,73,89,89,103,133,133,133,229,229,243,11,11,11,11,42,42,42,42,54,54],"floor_reached":28,"playtime":861,"items_purged":[],"score":260,"play_id":"72e75090-cf18-4ceb-85af-56910714b54f","local_time":"20190312074834","is_ascension_mode":true,"campfire_choices":[{"data":"Static Discharge","floor":6,"key":"SMITH"},{"floor":11,"key":"REST"},{"data":"Loop","floor":15,"key":"SMITH"},{"floor":25,"key":"REST"}],"neow_cost":"NONE","seed_source_timestamp":79999899146520,"circlet_count":0,"master_deck":["Strike_B","Strike_B","Strike_B","Strike_B","Defend_B","Defend_B","Defend_B","Defend_B","Zap+1","Dualcast","Static Discharge+1","Gash","Gash","Glacier","Rebound","BootSequence","Loop+1","Seek","All For One","Ball Lightning","Defragment","Darkness","BootSequence"],"relics":["Cracked Core","Cables","Sozu","DataDisk","Du-Vu Doll","MutagenicStrength","Sundial"],"potions_floor_usage":[4,7,13,18],"damage_taken":[{"damage":3,"enemies":"2 Louse","floor":1,"turns":3},{"damage":4,"enemies":"Small Slimes","floor":3,"turns":3},{"damage":12,"enemies":"Jaw Worm","floor":4,"turns":2},{"damage":16,"enemies":"Exordium Wildlife","floor":7,"turns":3},{"damage":7,"enemies":"2 Fungi Beasts","floor":10,"turns":3},{"damage":1,"enemies":"Looter","floor":12,"turns":2},{"damage":26,"enemies":"3 Sentries","floor":13,"turns":6},{"damage":30,"enemies":"The Guardian","floor":16,"turns":8},{"damage":23,"enemies":"Shell Parasite","floor":18,"turns":3},{"damage":64,"enemies":"Gremlin Leader","floor":23,"turns":5},{"damage":5,"enemies":"Spheric Guardian","floor":27,"turns":4},{"damage":33,"enemies":"3 Cultists","floor":28,"turns":3}],"seed_played":"7228448310548118860","potions_obtained":[{"floor":3,"key":"Weak Potion"},{"floor":4,"key":"Strength Potion"},{"floor":12,"key":"Ancient Potion"},{"floor":16,"key":"Ancient Potion"}],"is_trial":false,"path_per_floor":["M","$","M","M","?","R","M","?","T","M","R","M","E","?","R","B",null,"M","$","?","?","$","E","?","R","T","M","M"],"character_chosen":"DEFECT","items_purchased":["Gash","Defragment","DataDisk"],"campfire_rested":2,"item_purchase_floors":[2,19,19],"current_hp_per_floor":[79,79,75,63,82,82,66,66,66,59,82,81,55,75,75,45,82,59,59,59,79,79,15,15,38,38,33,0],"gold":54,"neow_bonus":"TEN_PERCENT_HP_BONUS","is_prod":false,"is_daily":false,"chose_seed":false,"campfire_upgraded":2,"win_rate":0,"timestamp":1552402114,"path_taken":["M","$","M","M","?","R","M","?","T","M","R","M","E","?","R","BOSS","M","$","?","?","$","E","?","R","T","?","M"],"build_version":"2019-01-23","purchased_purges":0,"victory":false,"max_hp_per_floor":[82,82,82,82,82,82,82,82,82,82,82,82,82,82,82,82,82,82,82,79,79,79,79,79,79,79,79,79],"card_choices":[{"not_picked":["Barrage","Streamline"],"picked":"Static Discharge","floor":1},{"not_picked":["Stack","Double Energy"],"picked":"Gash","floor":3},{"not_picked":["Chaos","Coolheaded"],"picked":"Glacier","floor":4},{"not_picked":["Beam Cell","Steam"],"picked":"Rebound","floor":7},{"not_picked":["Go for the Eyes","Compile Driver"],"picked":"BootSequence","floor":10},{"not_picked":["Chill","White Noise"],"picked":"Loop","floor":12},{"not_picked":["Streamline","Cold Snap"],"picked":"Seek","floor":13},{"not_picked":["Creative AI","Biased Cognition"],"picked":"All For One","floor":16},{"not_picked":["Cold Snap","Steam"],"picked":"Ball Lightning","floor":18},{"not_picked":["Melter+1","Reprogram+1"],"picked":"Darkness","floor":23},{"not_picked":["Barrage","Gash"],"picked":"BootSequence","floor":27}],"player_experience":361045,"relics_obtained":[{"floor":13,"key":"Cables"},{"floor":23,"key":"Du-Vu Doll"},{"floor":26,"key":"Sundial"}],"event_choices":[{"damage_healed":20,"gold_gain":0,"player_choice":"Healed","damage_taken":0,"max_hp_gain":0,"max_hp_loss":0,"event_name":"The Cleric","floor":5,"gold_loss":35},{"damage_healed":0,"gold_gain":0,"player_choice":"Grow","damage_taken":0,"max_hp_gain":0,"max_hp_loss":0,"event_name":"Living Wall","floor":8,"gold_loss":0,"cards_upgraded":["Zap"]},{"damage_healed":20,"gold_gain":0,"player_choice":"Healed and dodged fight","damage_taken":0,"max_hp_gain":0,"max_hp_loss":0,"event_name":"Mushrooms","floor":14,"gold_loss":0,"cards_obtained":["Parasite"]},{"cards_removed":["Parasite"],"damage_healed":0,"gold_gain":0,"player_choice":"Elegance","damage_taken":0,"max_hp_gain":0,"max_hp_loss":0,"event_name":"Back to Basics","floor":20,"gold_loss":0},{"damage_healed":26,"gold_gain":0,"player_choice":"Heal","damage_taken":0,"max_hp_gain":0,"max_hp_loss":0,"event_name":"The Library","floor":21,"gold_loss":0},{"damage_healed":0,"gold_gain":0,"player_choice":"Inject Mutagens","damage_taken":0,"relics_obtained":["MutagenicStrength"],"max_hp_gain":0,"max_hp_loss":0,"event_name":"Drug Dealer","floor":24,"gold_loss":0}],"is_beta":false,"boss_relics":[{"not_picked":["Pandora\u0027s Box","Coffee Dripper"],"picked":"Sozu"}],"items_purged_floors":[],"is_endless":false,"potions_floor_spawned":[3,4,12,16,23],"killed_by":"3 Cultists","ascension_level":2}