{"gold_per_floor":[114,114,289,305,315,344,344,378,378,378,389,415,155,227,227,330,330,348,3,22,22,37,37,51,77,77,107,125,125,139,149,149,254,254,274,293,168,168,187,218,231,231,257,257,273,33,33,33,33,33],"floor_reached":51,"playtime":3606,"items_purged":["Doubt","Decay","Strike_B"],"score":826,"play_id":"67ed425c-6058-4450-8495-594b5884319e","local_time":"20190426194817","is_ascension_mode":true,"campfire_choices":[{"data":"Doom and Gloom","floor":7,"key":"SMITH"},{"data":"Zap","floor":10,"key":"SMITH"},{"floor":15,"key":"REST"},{"data":"Loop","floor":23,"key":"SMITH"},{"floor":29,"key":"REST"},{"floor":32,"key":"REST"},{"data":"Beam Cell","floor":42,"key":"SMITH"},{"floor":47,"key":"REST"},{"data":"Dualcast","floor":49,"key":"SMITH"}],"neow_cost":"TEN_PERCENT_HP_LOSS","seed_source_timestamp":1021625408676532,"circlet_count":0,"master_deck":["Strike_B","Defend_B","Defend_B","Zap+1","Dualcast+1","Coolheaded","Ball Lightning","Doom and Gloom+1","Leap+1","Glacier+1","Beam Cell+1","Steam+1","Loop+1","Electrodynamics","Coolheaded+1","Storm+1","Redo+1","Multi-Cast+1","Tempest+1","Fission+1","White Noise+1","Transmutation+1"],"relics":["Cracked Core","Toxic Egg 2","Anchor","Dodecahedron","Omamori","Happy Flower","Calling Bell","Oddly Smooth Stone","Cables","Du-Vu Doll","Matryoshka","Ice Cream","Art of War","Regal Pillow","Question Card","Inserter","Nunchaku","Orichalcum","Juzu Bracelet","FaceOfCleric","Toy Ornithopter"],"potions_floor_usage":[16,20,22,25,27,33,40,50],"damage_taken":[{"damage":0,"enemies":"Cultist","floor":1,"turns":3},{"damage":5,"enemies":"Small Slimes","floor":4,"turns":4},{"damage":0,"enemies":"2 Louse","floor":5,"turns":3},{"damage":25,"enemies":"3 Sentries","floor":6,"turns":7},{"damage":20,"enemies":"Lagavulin","floor":8,"turns":8},{"damage":1,"enemies":"2 Fungi Beasts","floor":11,"turns":3},{"damage":2,"enemies":"3 Sentries","floor":12,"turns":7},{"damage":1,"enemies":"The Guardian","floor":16,"turns":11},{"damage":0,"enemies":"Shell Parasite","floor":18,"turns":4},{"damage":0,"enemies":"Chosen","floor":20,"turns":3},{"damage":0,"enemies":"Snecko","floor":22,"turns":4},{"damage":4,"enemies":"Sentry and Sphere","floor":24,"turns":3},{"damage":9,"enemies":"Slavers","floor":25,"turns":3},{"damage":20,"enemies":"Gremlin Leader","floor":27,"turns":5},{"damage":0,"enemies":"Cultist and Chosen","floor":28,"turns":4},{"damage":22,"enemies":"Shelled Parasite and Fungi","floor":30,"turns":4},{"damage":5,"enemies":"Snake Plant","floor":31,"turns":4},{"damage":0,"enemies":"Champ","floor":33,"turns":4},{"damage":2,"enemies":"3 Darklings","floor":35,"turns":3},{"damage":0,"enemies":"3 Shapes","floor":36,"turns":3},{"damage":0,"enemies":"Jaw Worm Horde","floor":39,"turns":2},{"damage":8,"enemies":"Reptomancer","floor":40,"turns":5},{"damage":4,"enemies":"Writhing Mass","floor":41,"turns":5},{"damage":36,"enemies":"Spire Growth","floor":45,"turns":5},{"damage":7,"enemies":"Awakened One","floor":50,"turns":10}],"seed_played":"6013579627368469658","potions_obtained":[{"floor":8,"key":"AttackPotion"},{"floor":11,"key":"Ancient Potion"},{"floor":12,"key":"Swift Potion"},{"floor":20,"key":"SneckoOil"},{"floor":24,"key":"Dexterity Potion"},{"floor":28,"key":"PowerPotion"},{"floor":30,"key":"Explosive Potion"},{"floor":35,"key":"FearPotion"},{"floor":40,"key":"SneckoOil"}],"is_trial":false,"path_per_floor":["M","?","?","M","M","E","R","E","T","R","M","E","$","?","R","B",null,"M","$","M","?","M","R","M","E","T","E","M","R","M","M","R","B",null,"M","M","$","?","M","E","M","R","T","?","M","$","R","?","R","B",null],"character_chosen":"DEFECT","items_purchased":["Loop","Happy Flower","Matryoshka","PowerPotion","Toy Ornithopter"],"campfire_rested":4,"item_purchase_floors":[13,13,19,46,46],"current_hp_per_floor":[68,73,73,68,68,43,43,23,23,23,22,20,20,20,41,40,73,73,73,73,73,73,73,69,60,60,40,40,73,51,46,73,73,73,71,71,71,71,71,63,59,59,59,59,24,24,61,61,61,60],"gold":33,"neow_bonus":"REMOVE_TWO","is_prod":false,"is_daily":false,"chose_seed":false,"campfire_upgraded":5,"win_rate":0,"timestamp":1556304497,"path_taken":["M","?","?","M","M","E","R","E","T","R","M","E","$","?","R","BOSS","M","$","M","?","M","R","M","E","T","E","M","R","M","M","R","BOSS","M","M","$","?","M","E","M","R","T","?","M","$","R","?","R","BOSS"],"build_version":"2019-01-23","purchased_purges":3,"victory":true,"max_hp_per_floor":[68,73,73,73,73,73,73,73,73,73,73,73,73,73,73,73,73,73,73,73,73,73,73,73,73,73,73,73,73,73,73,73,73,73,73,73,73,73,73,73,73,73,73,73,74,74,74,74,74,75],"card_choices":[{"not_picked":["Stack","Leap"],"picked":"Coolheaded","floor":1},{"not_picked":["Sweeping Beam","Go for the Eyes"],"picked":"Ball Lightning","floor":4},{"not_picked":["Reprogram","Cold Snap"],"picked":"Doom and Gloom","floor":5},{"not_picked":["Barrage","Meteor Strike"],"picked":"Leap","floor":6},{"not_picked":["Reprogram+1","Redo+1"],"picked":"Glacier+1","floor":8},{"not_picked":["Ball Lightning","Go for the Eyes"],"picked":"Beam Cell","floor":11},{"not_picked":["Meteor Strike","Barrage"],"picked":"Steam+1","floor":12},{"not_picked":["Fission+1","Amplify+1"],"picked":"Electrodynamics","floor":16},{"not_picked":["Hello World","Recycle+1"],"picked":"Coolheaded+1","floor":18},{"not_picked":["Barrage","Compile Driver","Turbo+1"],"picked":"SKIP","floor":20},{"not_picked":["Loop","Ball Lightning"],"picked":"Storm+1","floor":22},{"not_picked":["Skim+1","Coolheaded+1"],"picked":"Redo+1","floor":24},{"not_picked":["Compile Driver","Ball Lightning"],"picked":"Multi-Cast+1","floor":25},{"not_picked":["Sweeping Beam","Cold Snap","Compile Driver+1"],"picked":"SKIP","floor":27},{"not_picked":["Cold Snap","Rip and Tear","Barrage"],"picked":"Tempest+1","floor":28},{"not_picked":["Stack+1","Cold Snap","Sweeping Beam","Steam Power+1"],"picked":"SKIP","floor":30},{"not_picked":["Force Field+1","Barrage","Loop","Melter+1"],"picked":"SKIP","floor":31},{"not_picked":["Multi-Cast+1","Reboot+1","Hyperbeam"],"picked":"Fission+1","floor":33},{"not_picked":["Stack+1","Beam Cell+1","Loop","Ball Lightning"],"picked":"SKIP","floor":35},{"not_picked":["Beam Cell","Steam+1","Recycle+1","Ball Lightning"],"picked":"SKIP","floor":36},{"not_picked":["Gash","Undo+1","Sweeping Beam+1","Amplify+1"],"picked":"SKIP","floor":39},{"not_picked":["Beam Cell","Blizzard+1","Streamline"],"picked":"White Noise+1","floor":40},{"not_picked":["Ball Lightning+1","Turbo+1","Beam Cell+1","Conserve Battery+1"],"picked":"SKIP","floor":41},{"not_picked":["Hologram+1","Blizzard+1","Turbo+1","Stack+1"],"picked":"SKIP","floor":45},{"not_picked":["Thinking Ahead+1","Finesse+1","The Bomb+1"],"picked":"Transmutation+1","floor":48}],"player_experience":1852430,"relics_obtained":[{"floor":6,"key":"Toxic Egg 2"},{"floor":8,"key":"Anchor"},{"floor":9,"key":"Dodecahedron"},{"floor":12,"key":"Omamori"},{"floor":17,"key":"Oddly Smooth Stone"},{"floor":17,"key":"Cables"},{"floor":17,"key":"Du-Vu Doll"},{"floor":25,"key":"Ice Cream"},{"floor":26,"key":"Art of War"},{"floor":26,"key":"Regal Pillow"},{"floor":27,"key":"Question Card"},{"floor":40,"key":"Nunchaku"},{"floor":43,"key":"Orichalcum"},{"floor":43,"key":"Juzu Bracelet"}],"event_choices":[{"damage_healed":0,"gold_gain":0,"player_choice":"Donut","damage_taken":0,"max_hp_gain":5,"max_hp_loss":0,"event_name":"Big Fish","floor":2,"gold_loss":0},{"damage_healed":0,"gold_gain":175,"player_choice":"AGREE","damage_taken":0,"max_hp_gain":0,"max_hp_loss":0,"event_name":"Liars Game","floor":3,"gold_loss":0,"cards_obtained":["Doubt"]},{"damage_healed":0,"gold_gain":72,"player_choice":"Gained Gold","damage_taken":0,"max_hp_gain":0,"max_hp_loss":0,"event_name":"Golden Wing","floor":14,"gold_loss":0},{"cards_removed":["Defend_B"],"damage_healed":0,"gold_gain":0,"player_choice":"Elegance","damage_taken":0,"max_hp_gain":0,"max_hp_loss":0,"event_name":"Back to Basics","floor":21,"gold_loss":0},{"cards_removed":["Defend_B"],"damage_healed":0,"gold_gain":0,"player_choice":"Purged","damage_taken":0,"max_hp_gain":0,"max_hp_loss":0,"event_name":"Purifier","floor":38,"gold_loss":0},{"damage_healed":0,"gold_gain":0,"player_choice":"Trade","damage_taken":0,"relics_obtained":["FaceOfCleric"],"max_hp_gain":0,"max_hp_loss":0,"event_name":"FaceTrader","floor":44,"gold_loss":0},{"damage_healed":0,"gold_gain":0,"player_choice":"Memory 1","damage_taken":0,"max_hp_gain":0,"max_hp_loss":0,"event_name":"SensoryStone","floor":48,"gold_loss":0}],"is_beta":false,"boss_relics":[{"not_picked":["Astrolabe","Orrery"],"picked":"Calling Bell"},{"not_picked":["Lizard Tail","Eternal Feather"],"picked":"Inserter"}],"items_purged_floors":[13,19,37],"is_endless":false,"potions_floor_spawned":[8,11,12,20,24,28,30,35,40],"ascension_level":1}