{"gold_per_floor":[110,128,146,2,21,21,35,35,35,64,64,81,98,109,109,204,204,221,253,253,272,125,158,158,174,200,125,156,169,169,183,183,285,285,305,305,527,144,160,191,191,191,218,218,250,263,277,290,320,320],"floor_reached":50,"playtime":2132,"items_purged":["Defend_R","Defend_R","Defend_R"],"score":596,"play_id":"3346a0e9-0ee4-470d-a910-ab96ae2819b8","local_time":"20180913144339","is_ascension_mode":false,"campfire_choices":[{"data":"Rage","floor":6,"key":"SMITH"},{"data":"Inflame","floor":15,"key":"SMITH"},{"data":"Demon Form","floor":24,"key":"SMITH"},{"data":"Clash","floor":30,"key":"SMITH"},{"data":"Rage","floor":32,"key":"SMITH"},{"data":"Shockwave","floor":41,"key":"SMITH"},{"floor":49,"key":"DIG"}],"neow_cost":"NONE","seed_source_timestamp":928283114129168,"circlet_count":0,"master_deck":["Strike_R","Strike_R+1","Strike_R","Strike_R","Strike_R","Bash","Twin Strike","Inflame+1","Rage+1","Reaper","Headbutt","Iron Wave","Clash","Demon Form+1","Body Slam+1","Iron Wave","Headbutt","Clash+1","Shockwave+1","Iron Wave","Rage+1","Reaper+1","Iron Wave+1","Madness","Madness","Iron Wave+1","Whirlwind+1","Clash+1","Clash+1","Corruption"],"relics":["Black Blood","Centennial Puzzle","Pantograph","Kunai","Self Forming Clay","Velvet Choker","Red Mask","Strawberry","Pen Nib","Bottled Flame","Meat on the Bone","Dead Branch","Shovel","Whetstone","Boot","Tiny Chest"],"potions_floor_usage":[23,25,45,48,50],"damage_taken":[{"damage":6,"enemies":"Cultist","floor":1,"turns":3},{"damage":0,"enemies":"2 Louse","floor":2,"turns":3},{"damage":3,"enemies":"Small Slimes","floor":3,"turns":3},{"damage":8,"enemies":"Blue Slaver","floor":5,"turns":3},{"damage":0,"enemies":"Exordium Wildlife","floor":7,"turns":4},{"damage":27,"enemies":"3 Sentries","floor":10,"turns":8},{"damage":2,"enemies":"3 Louse","floor":12,"turns":4},{"damage":10,"enemies":"Looter","floor":13,"turns":2},{"damage":0,"enemies":"Blue Slaver","floor":14,"turns":3},{"damage":41,"enemies":"Hexaghost","floor":16,"turns":9},{"damage":5,"enemies":"3 Byrds","floor":18,"turns":5},{"damage":18,"enemies":"Masked Bandits","floor":19,"turns":5},{"damage":6,"enemies":"Chosen","floor":21,"turns":3},{"damage":28,"enemies":"Slavers","floor":23,"turns":5},{"damage":15,"enemies":"Snecko","floor":25,"turns":4},{"damage":10,"enemies":"Book of Stabbing","floor":28,"turns":3},{"damage":0,"enemies":"Centurion and Healer","floor":29,"turns":4},{"damage":18,"enemies":"Snake Plant","floor":31,"turns":3},{"damage":59,"enemies":"Automaton","floor":33,"turns":7},{"damage":35,"enemies":"3 Darklings","floor":35,"turns":6},{"damage":13,"enemies":"Orb Walker","floor":39,"turns":3},{"damage":7,"enemies":"Giant Head","floor":40,"turns":7},{"damage":21,"enemies":"Mind Bloom Boss Battle","floor":42,"turns":6},{"damage":18,"enemies":"2 Orb Walkers","floor":45,"turns":4},{"damage":23,"enemies":"Reptomancer","floor":46,"turns":9},{"damage":23,"enemies":"Spire Growth","floor":47,"turns":4},{"damage":1,"enemies":"Transient","floor":48,"turns":5},{"damage":87,"enemies":"Time Eater","floor":50,"turns":5}],"seed_played":"-2642823720913899911","potions_obtained":[{"floor":2,"key":"SpeedPotion"},{"floor":5,"key":"SpeedPotion"},{"floor":12,"key":"GamblersBrew"},{"floor":16,"key":"BloodPotion"},{"floor":21,"key":"Strength Potion"},{"floor":25,"key":"Ancient Potion"},{"floor":28,"key":"Weak Potion"},{"floor":42,"key":"SkillPotion"},{"floor":46,"key":"SteroidPotion"},{"floor":48,"key":"Fire Potion"}],"is_trial":false,"path_per_floor":["M","M","M","$","M","R","M","?","T","E","$","M","M","M","R","B",null,"M","?","?","M","$","E","R","M","T","?","E","M","R","M","R","B",null,"M","?","?","$","M","E","R","?","T","?","E","M","M","M","R"],"character_chosen":"IRONCLAD","items_purchased":["Reaper","Headbutt","Meat on the Bone"],"campfire_rested":0,"item_purchase_floors":[4,22,38],"current_hp_per_floor":[80,80,80,80,78,78,80,73,73,52,52,67,63,69,69,52,80,80,73,73,73,73,58,58,57,57,57,53,59,59,61,61,33,87,87,76,76,76,73,87,87,87,87,87,79,87,74,83,83,0],"gold":320,"neow_bonus":"RANDOM_COMMON_RELIC","is_prod":false,"is_daily":false,"chose_seed":false,"campfire_upgraded":6,"win_rate":0,"timestamp":1536875019,"path_taken":["M","M","M","?","M","R","M","?","T","E","?","M","M","M","R","BOSS","M","?","?","M","?","E","R","M","T","?","E","?","R","M","R","BOSS","M","?","?","$","M","E","R","?","T","?","E","M","?","M","R","BOSS"],"build_version":"2018-09-06","purchased_purges":3,"victory":false,"max_hp_per_floor":[80,80,80,80,80,80,80,80,80,80,80,80,80,80,80,80,80,80,80,80,80,80,87,87,87,87,87,87,87,87,87,87,87,87,87,87,87,87,87,87,87,87,87,87,87,87,87,87,87,87],"card_choices":[{"not_picked":["Sword Boomerang","Heavy Blade"],"picked":"Twin Strike","floor":1},{"not_picked":["True Grit","Pummel"],"picked":"Inflame","floor":2},{"not_picked":["Sword Boomerang","Bloodletting"],"picked":"Rage","floor":3},{"not_picked":["Ghostly Armor","Body Slam","Twin Strike"],"picked":"SKIP","floor":5},{"not_picked":["Pommel Strike","Armaments"],"picked":"Headbutt","floor":7},{"not_picked":["Burning Pact","Exhume","Bloodletting"],"picked":"SKIP","floor":10},{"not_picked":["Havoc","Reckless Charge","True Grit"],"picked":"SKIP","floor":12},{"not_picked":["Heavy Blade","Fire Breathing"],"picked":"Iron Wave","floor":13},{"not_picked":["Battle Trance","Headbutt"],"picked":"Clash","floor":14},{"not_picked":["Exhume","Feed"],"picked":"Demon Form","floor":16},{"not_picked":["Ghostly Armor","Thunderclap"],"picked":"Body Slam+1","floor":18},{"not_picked":["Sever Soul","Shrug It Off"],"picked":"Iron Wave","floor":21},{"not_picked":["Heavy Blade","Wild Strike","Headbutt"],"picked":"SKIP","floor":23},{"not_picked":["True Grit+1","Heavy Blade+1"],"picked":"Clash","floor":25},{"not_picked":["Perfected Strike+1","True Grit"],"picked":"Shockwave","floor":28},{"not_picked":["Burning Pact","Infernal Blade"],"picked":"Iron Wave","floor":29},{"not_picked":["Heavy Blade+1","Headbutt+1"],"picked":"Rage","floor":31},{"not_picked":["Offering","Fiend Fire"],"picked":"Reaper","floor":33},{"not_picked":["Combust","Cleave+1"],"picked":"Iron Wave+1","floor":35},{"not_picked":["Twin Strike","Entrench"],"picked":"Iron Wave+1","floor":39},{"not_picked":["Metallicize+1","Wild Strike+1"],"picked":"Whirlwind+1","floor":40},{"not_picked":["Clothesline","Uppercut+1"],"picked":"Clash+1","floor":42},{"not_picked":["Pommel Strike","Cleave","Shrug It Off+1"],"picked":"SKIP","floor":45},{"not_picked":["Cleave+1","Rupture"],"picked":"Clash+1","floor":46},{"not_picked":["Heavy Blade","Second Wind","Inflame"],"picked":"SKIP","floor":47},{"not_picked":["Havoc","Sword Boomerang+1"],"picked":"Corruption","floor":48}],"player_experience":214390,"relics_obtained":[{"floor":9,"key":"Kunai"},{"floor":10,"key":"Self Forming Clay"},{"floor":19,"key":"Red Mask"},{"floor":23,"key":"Strawberry"},{"floor":26,"key":"Pen Nib"},{"floor":28,"key":"Bottled Flame"},{"floor":40,"key":"Dead Branch"},{"floor":42,"key":"Shovel"},{"floor":43,"key":"Whetstone"},{"floor":45,"key":"Boot"},{"floor":49,"key":"Tiny Chest"}],"event_choices":[{"event_name":"Scrap Ooze","player_choice":"success","floor":8,"damage_taken":7},{"event_name":"Masked Bandits","player_choice":"Fought Bandits","floor":19,"damage_taken":0},{"event_name":"Ghosts","player_choice":"Ignored","floor":20,"damage_taken":0},{"event_name":"Beggar","player_choice":"Gave Gold","floor":27,"damage_taken":0},{"event_name":"Winding Halls","player_choice":"Embrace Madness","floor":36,"damage_taken":0},{"event_name":"Tomb of Lord Red Mask","player_choice":"Wore Mask","floor":37,"damage_taken":0},{"event_name":"MindBloom","player_choice":"Fight","floor":42,"damage_taken":0},{"event_name":"The Woman in Blue","player_choice":"Bought 0 Potions","floor":44,"damage_taken":0}],"is_beta":false,"boss_relics":[{"not_picked":["Coffee Dripper","Black Star"],"picked":"Velvet Choker"},{"not_picked":["Calling Bell","Lizard Tail"],"picked":"Black Blood"}],"items_purged_floors":[4,22,38],"is_endless":false,"potions_floor_spawned":[2,5,12,16,21,25,28,42,46,48],"killed_by":"Time Eater","ascension_level":0}