{"gold_per_floor":[109,120,130,146,146,146,146,146,146,146],"floor_reached":10,"playtime":809,"items_purged":[],"score":113,"play_id":"fc74a490-ef66-4453-9424-a337de7e58cc","local_time":"20190407214651","daily_mods":["Draft","Heirloom","DeadlyEvents","Elite Swarm"],"is_ascension_mode":true,"campfire_choices":[{"data":"Armaments","floor":6,"key":"SMITH"},{"data":"Seeing Red","floor":8,"key":"SMITH"}],"neow_cost":"","seed_source_timestamp":1304385364478500,"circlet_count":0,"master_deck":["Body Slam","Clash","Armaments","True Grit","Iron Wave","Havoc","Seeing Red+1","Flame Barrier","Armaments+1","Iron Wave","Power Through","Spot Weakness","Searing Blow","Entrench","Armaments","Shrug It Off","Regret"],"relics":["Burning Blood","Bird Faced Urn","Mummified Hand","Meat on the Bone"],"potions_floor_usage":[10],"damage_taken":[{"damage":1,"enemies":"2 Louse","floor":1,"turns":3},{"damage":0,"enemies":"Small Slimes","floor":2,"turns":4},{"damage":0,"enemies":"Jaw Worm","floor":3,"turns":5},{"damage":2,"enemies":"Exordium Wildlife","floor":4,"turns":7},{"damage":104,"enemies":"Gremlin Nob","floor":10,"turns":6}],"seed_played":"-6366892396030288188","potions_obtained":[{"floor":1,"key":"EssenceOfSteel"}],"is_trial":true,"path_per_floor":["M","M","M","M","$","R","?","R","T","?"],"character_chosen":"IRONCLAD","items_purchased":[],"campfire_rested":0,"item_purchase_floors":[],"current_hp_per_floor":[80,80,80,80,80,80,80,80,80,0],"gold":146,"neow_bonus":"","is_prod":false,"is_daily":false,"chose_seed":true,"campfire_upgraded":2,"win_rate":0,"timestamp":1554666411,"path_taken":["M","M","M","M","$","R","?","R","T","?"],"build_version":"2019-01-23","purchased_purges":0,"victory":false,"max_hp_per_floor":[80,80,80,80,80,80,80,80,80,80],"card_choices":[{"not_picked":["Power Through","Uppercut"],"picked":"Body Slam","floor":0},{"not_picked":["Twin Strike","Sword Boomerang"],"picked":"Clash","floor":0},{"not_picked":["Perfected Strike","Sword Boomerang"],"picked":"Armaments","floor":0},{"not_picked":["Heavy Blade","Sword Boomerang"],"picked":"True Grit","floor":0},{"not_picked":["Havoc","Body Slam"],"picked":"Iron Wave","floor":0},{"not_picked":["Inflame","Shockwave"],"picked":"Havoc","floor":0},{"not_picked":["Armaments","Thunderclap"],"picked":"Seeing Red","floor":0},{"not_picked":["Heavy Blade","Wild Strike"],"picked":"Flame Barrier","floor":0},{"not_picked":["Havoc","Perfected Strike"],"picked":"Armaments","floor":0},{"not_picked":["Clothesline","Rupture"],"picked":"Iron Wave","floor":0},{"not_picked":["Headbutt","Armaments"],"picked":"Power Through","floor":0},{"not_picked":["Carnage","Clothesline"],"picked":"Spot Weakness","floor":0},{"not_picked":["Sword Boomerang","Headbutt"],"picked":"Searing Blow","floor":0},{"not_picked":["Warcry","Iron Wave"],"picked":"Entrench","floor":0},{"not_picked":["Shrug It Off","Anger"],"picked":"Armaments","floor":0},{"not_picked":["Heavy Blade","Twin Strike","Sword Boomerang"],"picked":"SKIP","floor":1},{"not_picked":["Clash","Headbutt"],"picked":"Shrug It Off","floor":2},{"not_picked":["Perfected Strike","Flex","Intimidate"],"picked":"SKIP","floor":3},{"not_picked":["Armaments","Corruption","Clothesline"],"picked":"SKIP","floor":4}],"player_experience":196342,"relics_obtained":[{"floor":9,"key":"Meat on the Bone"}],"event_choices":[{"damage_healed":0,"gold_gain":0,"player_choice":"Box","damage_taken":0,"relics_obtained":["Mummified Hand"],"max_hp_gain":0,"max_hp_loss":0,"event_name":"Big Fish","floor":7,"gold_loss":0,"cards_obtained":["Regret"]},{"damage_healed":0,"gold_gain":0,"player_choice":"Searched \u00272\u0027 times","damage_taken":0,"max_hp_gain":0,"max_hp_loss":0,"event_name":"Dead Adventurer","floor":10,"gold_loss":0}],"is_beta":false,"boss_relics":[],"items_purged_floors":[],"is_endless":true,"potions_floor_spawned":[1],"killed_by":"Gremlin Nob","ascension_level":1}