{"gold_per_floor":[199,45,61,72,89,123,123,73,150,150,183,193,193,203,203,303,303,321,23,35,48,148,148,176,186,186,196,207,207,241,241,241,346,346,360,360,360,39,39,71,85,85,134,161,161,173,192,209,209,209],"floor_reached":51,"playtime":3103,"items_purged":["Defend_G","Strike_G"],"score":729,"play_id":"f576f288-93db-4ebc-9550-9d676698f86b","local_time":"20181116220751","is_ascension_mode":false,"campfire_choices":[{"data":"Bouncing Flask","floor":7,"key":"SMITH"},{"data":"Bouncing Flask","floor":10,"key":"SMITH"},{"data":"Prepared","floor":13,"key":"SMITH"},{"floor":15,"key":"REST"},{"floor":23,"key":"REST"},{"floor":29,"key":"REST"},{"floor":32,"key":"REST"},{"data":"Adrenaline","floor":42,"key":"SMITH"},{"data":"Bullet Time","floor":45,"key":"SMITH"},{"floor":49,"key":"REST"}],"neow_cost":"NONE","seed_source_timestamp":272978219043700,"circlet_count":0,"master_deck":["Defend_G","Defend_G","Defend_G","Strike_G","Strike_G","Survivor","Neutralize","Prepared+1","Bouncing Flask+1","Crippling Poison+1","Bouncing Flask+1","Tools of the Trade","Bullet Time+1","Catalyst","Quick Slash","Backflip","Catalyst+1","Bouncing Flask+1","Deadly Poison+1","Adrenaline+1","Noxious Fumes","Backflip"],"relics":["Ring of the Snake","Orichalcum","Du-Vu Doll","Paper Crane","Happy Flower","Empty Cage","TwistedFunnel","Ice Cream","Ninja Scroll","Dream Catcher","Bronze Scales","StoneCalendar","Lizard Tail","War Paint","Letter Opener","Strawberry","Oddly Smooth Stone"],"potions_floor_usage":[4,6,18,21,22,27,28,33,35,47,48],"damage_taken":[{"damage":0,"enemies":"Small Slimes","floor":1,"turns":3},{"damage":0,"enemies":"2 Louse","floor":3,"turns":3},{"damage":2,"enemies":"Jaw Worm","floor":4,"turns":2},{"damage":0,"enemies":"Exordium Wildlife","floor":5,"turns":3},{"damage":10,"enemies":"Gremlin Nob","floor":6,"turns":4},{"damage":14,"enemies":"Lagavulin","floor":11,"turns":5},{"damage":2,"enemies":"Large Slime","floor":12,"turns":4},{"damage":7,"enemies":"Blue Slaver","floor":14,"turns":3},{"damage":12,"enemies":"Hexaghost","floor":16,"turns":6},{"damage":0,"enemies":"Spheric Guardian","floor":18,"turns":2},{"damage":0,"enemies":"3 Byrds","floor":20,"turns":3},{"damage":9,"enemies":"Snake Plant","floor":21,"turns":3},{"damage":14,"enemies":"Colosseum Slavers","floor":22,"turns":3},{"damage":16,"enemies":"Colosseum Nobs","floor":22,"turns":4},{"damage":7,"enemies":"Gremlin Leader","floor":24,"turns":4},{"damage":8,"enemies":"3 Cultists","floor":25,"turns":4},{"damage":1,"enemies":"Centurion and Healer","floor":27,"turns":4},{"damage":4,"enemies":"Cultist and Chosen","floor":28,"turns":3},{"damage":44,"enemies":"Slavers","floor":30,"turns":5},{"damage":10,"enemies":"Champ","floor":33,"turns":6},{"damage":4,"enemies":"3 Shapes","floor":35,"turns":3},{"damage":10,"enemies":"Giant Head","floor":40,"turns":4},{"damage":0,"enemies":"Orb Walker","floor":41,"turns":2},{"damage":11,"enemies":"Maw","floor":46,"turns":4},{"damage":10,"enemies":"Sphere and 2 Shapes","floor":47,"turns":3},{"damage":0,"enemies":"Jaw Worm Horde","floor":48,"turns":2},{"damage":33,"enemies":"Time Eater","floor":50,"turns":3}],"seed_played":"-2681953976534289587","potions_obtained":[{"floor":3,"key":"FearPotion"},{"floor":4,"key":"FearPotion"},{"floor":6,"key":"Ancient Potion"},{"floor":14,"key":"Swift Potion"},{"floor":16,"key":"SkillPotion"},{"floor":18,"key":"Block Potion"},{"floor":22,"key":"FearPotion"},{"floor":30,"key":"Energy Potion"},{"floor":33,"key":"Swift Potion"},{"floor":46,"key":"Fire Potion"},{"floor":47,"key":"Swift Potion"}],"is_trial":false,"path_per_floor":["M","$","M","M","M","E","R","?","T","R","E","M","R","M","R","B",null,"M","$","M","M","?","R","E","M","T","M","M","R","E","?","R","B",null,"M","?","?","$","?","E","M","R","T","T","R","M","M","M","R","B",null],"character_chosen":"THE_SILENT","items_purchased":["Orichalcum","TwistedFunnel","Quick Slash","Noxious Fumes","War Paint"],"campfire_rested":5,"item_purchase_floors":[2,19,19,38,38],"current_hp_per_floor":[70,70,70,68,68,58,58,58,58,58,44,42,42,35,56,44,70,70,70,70,61,31,52,45,37,37,36,32,53,9,9,30,20,70,66,66,66,66,66,56,56,56,63,63,63,52,42,42,63,30],"gold":209,"neow_bonus":"HUNDRED_GOLD","is_prod":false,"is_daily":false,"chose_seed":false,"campfire_upgraded":5,"win_rate":0,"timestamp":1542402471,"path_taken":["M","$","M","M","M","E","R","?","T","R","E","M","R","M","R","BOSS","M","$","M","M","?","R","E","M","T","M","M","R","E","?","R","BOSS","M","?","?","?","?","E","M","R","T","?","R","M","M","?","R","BOSS"],"build_version":"2018-11-15","purchased_purges":2,"victory":true,"max_hp_per_floor":[70,70,70,70,70,70,70,70,70,70,70,70,70,70,70,70,70,70,70,70,70,70,70,70,70,70,70,70,70,70,70,70,70,70,70,66,66,66,66,66,66,66,73,73,73,73,73,73,73,73],"card_choices":[{"not_picked":["PiercingWail","Bane"],"picked":"Prepared","floor":1},{"not_picked":["Bane","Choke"],"picked":"Bouncing Flask","floor":3},{"not_picked":["Tactician","Concentrate"],"picked":"Crippling Poison","floor":4},{"not_picked":["Slice","PiercingWail","Dagger Spray"],"picked":"SKIP","floor":5},{"not_picked":["Flying Knee","Infinite Blades"],"picked":"Bouncing Flask","floor":6},{"not_picked":["Blade Dance","Deadly Poison"],"picked":"Tools of the Trade","floor":11},{"not_picked":["PiercingWail","Underhanded Strike","Deflect"],"picked":"SKIP","floor":12},{"not_picked":["Outmaneuver","Sucker Punch","Dagger Throw"],"picked":"SKIP","floor":14},{"not_picked":["Storm of Steel","Die Die Die"],"picked":"Bullet Time","floor":16},{"not_picked":["Heel Hook+1","Acrobatics"],"picked":"Catalyst","floor":18},{"not_picked":["Prepared","Riddle With Holes","Setup"],"picked":"SKIP","floor":20},{"not_picked":["Dodge and Roll","Dagger Throw","Underhanded Strike+1"],"picked":"SKIP","floor":21},{"not_picked":["Endless Agony","Dodge and Roll+1"],"picked":"Backflip","floor":22},{"not_picked":["Dagger Throw+1","Underhanded Strike"],"picked":"Catalyst","floor":24},{"not_picked":["Riddle With Holes","Dagger Spray","Predator"],"picked":"SKIP","floor":25},{"not_picked":["Riddle With Holes","Poisoned Stab"],"picked":"Bouncing Flask+1","floor":27},{"not_picked":["Distraction","Concentrate","Dodge and Roll"],"picked":"SKIP","floor":28},{"not_picked":["Night Terror","Calculated Gamble+1","Dodge and Roll"],"picked":"SKIP","floor":30},{"not_picked":["Bane+1","Riddle With Holes"],"picked":"Deadly Poison+1","floor":32},{"not_picked":["Malaise","After Image"],"picked":"Adrenaline","floor":33},{"not_picked":["Dodge and Roll","Quick Slash","Flechettes+1"],"picked":"SKIP","floor":35},{"not_picked":["Deadly Poison","After Image"],"picked":"Backflip","floor":40},{"not_picked":["Prepared","Flying Knee","Heel Hook+1"],"picked":"SKIP","floor":41},{"not_picked":["Deflect+1","Bane+1","PiercingWail+1"],"picked":"SKIP","floor":46},{"not_picked":["Distraction","Poisoned Stab","PiercingWail"],"picked":"SKIP","floor":47},{"not_picked":["Envenom","Calculated Gamble","Dash"],"picked":"SKIP","floor":48}],"player_experience":206971,"relics_obtained":[{"floor":6,"key":"Du-Vu Doll"},{"floor":9,"key":"Paper Crane"},{"floor":11,"key":"Happy Flower"},{"floor":22,"key":"Ice Cream"},{"floor":22,"key":"Ninja Scroll"},{"floor":24,"key":"Dream Catcher"},{"floor":26,"key":"Bronze Scales"},{"floor":30,"key":"StoneCalendar"},{"floor":40,"key":"Letter Opener"},{"floor":43,"key":"Strawberry"},{"floor":44,"key":"Oddly Smooth Stone"}],"event_choices":[{"cards_removed":["Strike_G"],"damage_healed":0,"gold_gain":0,"player_choice":"Card Removal","damage_taken":0,"max_hp_gain":0,"max_hp_loss":0,"event_name":"The Cleric","floor":8,"gold_loss":50},{"damage_healed":0,"gold_gain":0,"player_choice":"Fight","damage_taken":0,"max_hp_gain":0,"max_hp_loss":0,"event_name":"Colosseum","floor":22,"gold_loss":0},{"damage_healed":0,"gold_gain":0,"player_choice":"Fought Nobs","damage_taken":0,"max_hp_gain":0,"max_hp_loss":0,"event_name":"Colosseum","floor":22,"gold_loss":0},{"damage_healed":0,"gold_gain":0,"player_choice":"Ignored","damage_taken":0,"max_hp_gain":0,"max_hp_loss":0,"event_name":"Ghosts","floor":31,"gold_loss":0},{"damage_healed":0,"gold_gain":0,"player_choice":"Max HP","damage_taken":0,"max_hp_gain":0,"max_hp_loss":4,"event_name":"Winding Halls","floor":36,"gold_loss":0},{"damage_healed":0,"gold_gain":0,"player_choice":"Ignored","damage_taken":0,"max_hp_gain":0,"max_hp_loss":0,"event_name":"Tomb of Lord Red Mask","floor":37,"gold_loss":0},{"damage_healed":0,"gold_gain":0,"player_choice":"Ignored","damage_taken":0,"max_hp_gain":0,"max_hp_loss":0,"event_name":"Mysterious Sphere","floor":39,"gold_loss":0}],"is_beta":false,"boss_relics":[{"not_picked":["Runic Pyramid","WristBlade"],"picked":"Empty Cage"},{"not_picked":["HoveringKite","Velvet Choker"],"picked":"Lizard Tail"}],"items_purged_floors":[19,38],"is_endless":false,"potions_floor_spawned":[3,4,6,14,16,18,22,22,30,33,46,47],"ascension_level":0}