{"gold_per_floor":[114,124,124,10,25,54,54,69,117,135,145,163,174,74,74,175,175,185,197,197,197,217,217,228,258,258,269,269,284,284,284,284,384,384,398,201,220,220,220,255,267,280,280,280,299,299,299,315,315,315],"floor_reached":51,"playtime":2213,"items_purged":["Strike_R","Strike_R"],"score":730,"play_id":"31eaa1d2-e759-4249-b06d-0e12432b7668","local_time":"20180825143818","is_ascension_mode":false,"campfire_choices":[{"data":"Bash","floor":7,"key":"SMITH"},{"data":"Armaments","floor":15,"key":"SMITH"},{"data":"Demon Form","floor":23,"key":"SMITH"},{"data":"Pummel","floor":28,"key":"SMITH"},{"data":"Spot Weakness","floor":32,"key":"SMITH"},{"data":"Inflame","floor":44,"key":"SMITH"},{"data":"Whirlwind","floor":47,"key":"SMITH"},{"data":"Shrug It Off","floor":49,"key":"SMITH"}],"neow_cost":"NONE","seed_source_timestamp":609739824792819,"circlet_count":0,"master_deck":["Strike_R+1","Strike_R+1","Defend_R+1","Defend_R+1","Defend_R+1","Bash+1","Headbutt","Spot Weakness+1","Pummel+1","Armaments+1","Shrug It Off+1","Whirlwind+1","Inflame+1","Clash","Iron Wave","Demon Form+1","Clothesline+1","Pommel Strike+1","Offering","Heavy Blade+1","Corruption+1","Reaper","Exhume","Pummel+1","Heavy Blade+1","Reaper"],"relics":["Burning Blood","Paper Frog","Omamori","Cursed Key","MutagenicStrength","Orichalcum","Pantograph","Velvet Choker","DollysMirror","Dodecahedron","Vajra"],"potions_floor_usage":[5,10,25,33,40,41,50,50,50],"damage_taken":[{"damage":12,"enemies":"2 Louse","floor":1,"turns":3},{"damage":5,"enemies":"Small Slimes","floor":2,"turns":4},{"damage":1,"enemies":"Cultist","floor":5,"turns":3},{"damage":21,"enemies":"3 Sentries","floor":6,"turns":6},{"damage":13,"enemies":"Lots of Slimes","floor":8,"turns":6},{"damage":0,"enemies":"Exordium Wildlife","floor":10,"turns":2},{"damage":4,"enemies":"Blue Slaver","floor":11,"turns":5},{"damage":4,"enemies":"2 Fungi Beasts","floor":12,"turns":4},{"damage":10,"enemies":"Looter","floor":13,"turns":2},{"damage":28,"enemies":"Slime Boss","floor":16,"turns":7},{"damage":5,"enemies":"Spheric Guardian","floor":18,"turns":3},{"damage":13,"enemies":"Shell Parasite","floor":19,"turns":5},{"damage":6,"enemies":"Shelled Parasite and Fungi","floor":22,"turns":4},{"damage":17,"enemies":"Sentry and Sphere","floor":24,"turns":5},{"damage":18,"enemies":"Book of Stabbing","floor":25,"turns":4},{"damage":12,"enemies":"Centurion and Healer","floor":27,"turns":4},{"damage":10,"enemies":"Cultist and Chosen","floor":29,"turns":5},{"damage":16,"enemies":"Collector","floor":33,"turns":5},{"damage":0,"enemies":"3 Shapes","floor":35,"turns":1},{"damage":12,"enemies":"Orb Walker","floor":37,"turns":3},{"damage":19,"enemies":"2 Orb Walkers","floor":40,"turns":4},{"damage":6,"enemies":"Flame Bruiser 2 Orb","floor":41,"turns":3},{"damage":1,"enemies":"4 Shapes","floor":42,"turns":6},{"damage":0,"enemies":"3 Darklings","floor":45,"turns":1},{"damage":10,"enemies":"Spire Growth","floor":48,"turns":3},{"damage":52,"enemies":"Awakened One","floor":50,"turns":7}],"seed_played":"3127896813713730807","potions_obtained":[{"floor":1,"key":"SteroidPotion"},{"floor":2,"key":"Fruit Juice"},{"floor":8,"key":"Weak Potion"},{"floor":10,"key":"Swift Potion"},{"floor":16,"key":"Strength Potion"},{"floor":25,"key":"Strength Potion"},{"floor":33,"key":"Dexterity Potion"},{"floor":41,"key":"Poison Potion"},{"floor":42,"key":"Regen Potion"}],"is_trial":false,"path_per_floor":["M","M","?","$","M","E","R","M","T","M","M","M","M","$","R","B",null,"M","M","?","?","M","R","M","E","T","M","R","M","?","?","R","B",null,"M","$","M","?","?","E","M","M","T","R","M","$","R","M","R","B"],"character_chosen":"IRONCLAD","items_purchased":["Pummel","DollysMirror"],"campfire_rested":0,"item_purchase_floors":[4,36],"current_hp_per_floor":[74,75,68,68,78,63,63,56,56,62,64,66,62,62,62,40,85,85,78,78,78,78,78,67,55,55,49,49,45,45,45,45,60,85,85,85,85,85,85,72,85,85,85,85,85,85,85,81,81,63],"gold":315,"neow_bonus":"REMOVE_CARD","is_prod":false,"is_daily":false,"chose_seed":false,"campfire_upgraded":8,"win_rate":0,"timestamp":1535233098,"path_taken":["M","M","?","$","?","E","R","M","T","M","M","M","M","$","R","BOSS","M","M","?","?","M","R","?","E","T","M","R","?","?","?","R","BOSS","M","$","M","?","?","E","M","M","T","R","M","?","R","M","R","BOSS"],"build_version":"2018-08-23v2","purchased_purges":2,"victory":true,"max_hp_per_floor":[80,80,80,80,85,85,85,85,85,85,85,85,85,85,85,85,85,85,85,85,85,85,85,85,85,85,85,85,85,85,85,85,85,85,85,85,85,85,85,85,85,85,85,85,85,85,85,85,85,85],"card_choices":[{"not_picked":["Power Through","Carnage"],"picked":"Headbutt","floor":1},{"not_picked":["Ghostly Armor","Cleave"],"picked":"Spot Weakness","floor":2},{"not_picked":["Headbutt","Warcry"],"picked":"Armaments","floor":5},{"not_picked":["Perfected Strike","Warcry"],"picked":"Shrug It Off","floor":6},{"not_picked":["Bloodletting","Clash"],"picked":"Whirlwind","floor":8},{"not_picked":["Entrench","Flex"],"picked":"Inflame","floor":10},{"not_picked":["Twin Strike","Dark Embrace"],"picked":"Clash","floor":11},{"not_picked":["Perfected Strike","Whirlwind","Uppercut"],"picked":"SKIP","floor":12},{"not_picked":["Uppercut","Anger"],"picked":"Iron Wave","floor":13},{"not_picked":["Dark Embrace","Offering"],"picked":"Demon Form","floor":16},{"not_picked":["Wild Strike","Shrug It Off"],"picked":"Clothesline+1","floor":18},{"not_picked":["Twin Strike","True Grit"],"picked":"Pommel Strike+1","floor":19},{"not_picked":["True Grit","Thunderclap+1"],"picked":"Heavy Blade+1","floor":22},{"not_picked":["Sword Boomerang+1","Armaments","Sever Soul"],"picked":"SKIP","floor":24},{"not_picked":["Pummel","Fire Breathing"],"picked":"Corruption+1","floor":25},{"not_picked":["Blood for Blood","Perfected Strike","Rage+1"],"picked":"SKIP","floor":27},{"not_picked":["Spot Weakness","Disarm"],"picked":"Reaper","floor":29},{"not_picked":["Barricade","Bludgeon"],"picked":"Exhume","floor":33},{"not_picked":["Dropkick","Pommel Strike"],"picked":"Pummel+1","floor":35},{"not_picked":["Sentinel","Perfected Strike+1","Whirlwind"],"picked":"SKIP","floor":37},{"not_picked":["Armaments","Seeing Red","Carnage"],"picked":"SKIP","floor":40},{"not_picked":["Ghostly Armor","Twin Strike","Armaments"],"picked":"SKIP","floor":41},{"not_picked":["Dropkick+1","Body Slam+1","Searing Blow"],"picked":"SKIP","floor":42},{"not_picked":["Rupture+1","Headbutt+1"],"picked":"Heavy Blade+1","floor":45},{"not_picked":["Shockwave","True Grit+1"],"picked":"Reaper","floor":48}],"player_experience":146870,"relics_obtained":[{"floor":6,"key":"Paper Frog"},{"floor":9,"key":"Omamori"},{"floor":25,"key":"Orichalcum"},{"floor":26,"key":"Pantograph"},{"floor":40,"key":"Dodecahedron"},{"floor":43,"key":"Vajra"}],"event_choices":[{"event_name":"Golden Wing","player_choice":"Card Removal","floor":3,"damage_taken":0},{"event_name":"Drug Dealer","player_choice":"Inject Mutagens","floor":20,"damage_taken":0},{"event_name":"The Library","player_choice":"Read","floor":21,"damage_taken":0},{"event_name":"Back to Basics","player_choice":"Simplicity","floor":30,"damage_taken":0},{"event_name":"Ghosts","player_choice":"Ignored","floor":31,"damage_taken":0},{"event_name":"Tomb of Lord Red Mask","player_choice":"Ignored","floor":38,"damage_taken":0},{"event_name":"Falling","player_choice":"Removed Attack","floor":39,"damage_taken":0}],"is_beta":false,"boss_relics":[{"not_picked":["Coffee Dripper","Black Blood"],"picked":"Cursed Key"},{"not_picked":["Eternal Feather","Orrery"],"picked":"Velvet Choker"}],"items_purged_floors":[4,14],"is_endless":false,"potions_floor_spawned":[1,2,8,10,16,25,27,29,33,37,41,42],"ascension_level":0}