{"gold_per_floor":[118,132,132,132,307,343,362,362,362,386,430,430,430,455,455,455],"floor_reached":16,"playtime":559,"items_purged":[],"score":110,"play_id":"7ece2bac-4987-497e-b04c-f61e233b47ee","local_time":"20180921152458","is_ascension_mode":false,"campfire_choices":[{"data":"Bash","floor":8,"key":"SMITH"},{"data":"Rage","floor":15,"key":"SMITH"}],"neow_cost":"NONE","seed_source_timestamp":666048424819130,"circlet_count":0,"master_deck":["Strike_R","Strike_R","Strike_R","Strike_R","Defend_R","Defend_R","Defend_R","Defend_R","Bash+1","Thunderclap","Rage+1","Burning Pact"],"relics":["Burning Blood","Golden Idol","Anchor","Centennial Puzzle","The Courier","Juzu Bracelet"],"potions_floor_usage":[6,11,11],"damage_taken":[{"damage":2,"enemies":"Small Slimes","floor":1,"turns":4},{"damage":7,"enemies":"2 Louse","floor":2,"turns":3},{"damage":25,"enemies":"Gremlin Nob","floor":6,"turns":5},{"damage":4,"enemies":"Cultist","floor":7,"turns":4},{"damage":0,"enemies":"Looter","floor":10,"turns":4},{"damage":12,"enemies":"Lagavulin","floor":11,"turns":6},{"damage":2,"enemies":"2 Fungi Beasts","floor":14,"turns":4},{"damage":55,"enemies":"The Guardian","floor":16,"turns":11}],"seed_played":"-2650087124539223919","potions_obtained":[{"floor":2,"key":"SteroidPotion"},{"floor":7,"key":"Poison Potion"},{"floor":10,"key":"AttackPotion"},{"floor":11,"key":"FearPotion"}],"is_trial":false,"path_per_floor":["M","M","?","?","?","E","M","R","T","M","E","?","?","M","R"],"character_chosen":"IRONCLAD","items_purchased":[],"campfire_rested":0,"item_purchase_floors":[],"current_hp_per_floor":[80,79,59,59,59,40,42,42,42,48,42,47,47,51,51,0],"gold":455,"neow_bonus":"TRANSFORM_CARD","is_prod":false,"is_daily":false,"chose_seed":false,"campfire_upgraded":2,"win_rate":0,"timestamp":1537568698,"path_taken":["M","M","?","?","?","E","M","R","T","?","E","?","?","M","R","BOSS"],"build_version":"2018-09-20","purchased_purges":0,"victory":false,"max_hp_per_floor":[80,80,80,80,80,80,80,80,80,80,80,85,85,85,85,85],"card_choices":[{"not_picked":["Warcry","Cleave"],"picked":"Thunderclap","floor":1},{"not_picked":["Pummel","Dual Wield","Wild Strike"],"picked":"SKIP","floor":2},{"not_picked":["Evolve","Fire Breathing"],"picked":"Rage","floor":6},{"not_picked":["Clash","Clothesline"],"picked":"Burning Pact","floor":7},{"not_picked":["Warcry","Power Through","Wild Strike"],"picked":"SKIP","floor":10},{"not_picked":["Shrug It Off","Sword Boomerang","Carnage"],"picked":"SKIP","floor":11},{"not_picked":["Blood for Blood","Burning Pact","True Grit"],"picked":"SKIP","floor":14}],"player_experience":246559,"relics_obtained":[{"floor":6,"key":"Centennial Puzzle"},{"floor":9,"key":"The Courier"},{"floor":11,"key":"Juzu Bracelet"}],"event_choices":[{"event_name":"Golden Idol","player_choice":"Take Damage","floor":3,"damage_taken":0},{"event_name":"WeMeetAgain","player_choice":"Card","floor":4,"damage_taken":0},{"event_name":"Liars Game","player_choice":"agreed","floor":5,"damage_taken":0},{"event_name":"Big Fish","player_choice":"Donut","floor":12,"damage_taken":0},{"event_name":"Living Wall","player_choice":"Forget","floor":13,"damage_taken":0}],"is_beta":false,"boss_relics":[],"items_purged_floors":[],"is_endless":false,"potions_floor_spawned":[2,7,10,11],"killed_by":"The Guardian","ascension_level":0}