{"gold_per_floor":[118,43,56,74,74,74,105,105,105,181,181,216,216,231,231,231],"floor_reached":16,"playtime":431,"items_purged":["Writhe"],"score":194,"play_id":"ba000ae3-d635-4b77-a53d-c5dc580ec114","local_time":"20190505131135","is_ascension_mode":true,"campfire_choices":[{"data":"Bash","floor":6,"key":"SMITH"},{"floor":8,"key":"REST"},{"floor":11,"key":"REST"},{"data":"Clothesline","floor":15,"key":"SMITH"}],"neow_cost":"NONE","seed_source_timestamp":479855581649000,"circlet_count":0,"master_deck":["AscendersBane","Strike_R","Strike_R","Strike_R","Strike_R","Strike_R","Defend_R","Defend_R","Defend_R","Defend_R","Bash+1","Writhe","Headbutt","Clothesline+1","Ghostly Armor"],"relics":["Calling Bell","Omamori","Letter Opener","Thread and Needle","Sundial","Singing Bowl","The Courier"],"potions_floor_usage":[12,12,16],"damage_taken":[{"damage":9,"enemies":"2 Louse","floor":1,"turns":4},{"damage":3,"enemies":"Small Slimes","floor":3,"turns":4},{"damage":3,"enemies":"Jaw Worm","floor":4,"turns":4},{"damage":58,"enemies":"3 Sentries","floor":7,"turns":11},{"damage":21,"enemies":"Gremlin Nob","floor":12,"turns":4},{"damage":0,"enemies":"Red Slaver","floor":14,"turns":5},{"damage":42,"enemies":"The Guardian","floor":16,"turns":11}],"seed_played":"-3419257885528239752","potions_obtained":[{"floor":4,"key":"FearPotion"},{"floor":7,"key":"Poison Potion"},{"floor":12,"key":"FearPotion"}],"is_trial":false,"path_per_floor":["M","$","M","M","?","R","E","R","T","?","R","E","?","M","R","B"],"character_chosen":"IRONCLAD","items_purchased":[],"campfire_rested":2,"item_purchase_floors":[],"current_hp_per_floor":[59,59,56,53,75,75,17,39,39,39,61,40,40,42,42,0],"gold":231,"neow_bonus":"BOSS_RELIC","is_prod":false,"is_daily":false,"chose_seed":false,"campfire_upgraded":2,"win_rate":0,"timestamp":1557054695,"path_taken":["M","$","M","M","?","R","E","R","T","?","R","E","?","M","R","BOSS"],"build_version":"2019-01-23","purchased_purges":1,"victory":false,"max_hp_per_floor":[75,75,75,75,75,75,75,75,75,75,75,75,75,77,77,77],"card_choices":[{"not_picked":["Cleave","Pommel Strike","Dual Wield"],"picked":"SKIP","floor":1},{"not_picked":["Combust","Clash","Flex"],"picked":"SKIP","floor":3},{"not_picked":["Sword Boomerang","Bloodletting"],"picked":"Headbutt","floor":4},{"not_picked":["Hemokinesis","Body Slam"],"picked":"Clothesline","floor":7},{"not_picked":["Burning Pact","Carnage"],"picked":"Ghostly Armor","floor":12},{"not_picked":["Clash","Iron Wave","Thunderclap"],"picked":"Singing Bowl","floor":14}],"player_experience":1104676,"relics_obtained":[{"floor":0,"key":"Omamori"},{"floor":0,"key":"Letter Opener"},{"floor":0,"key":"Thread and Needle"},{"floor":7,"key":"Sundial"},{"floor":9,"key":"Singing Bowl"},{"floor":12,"key":"The Courier"}],"event_choices":[{"damage_healed":25,"gold_gain":0,"player_choice":"Banana","damage_taken":0,"max_hp_gain":0,"max_hp_loss":0,"event_name":"Big Fish","floor":5,"gold_loss":0},{"damage_healed":0,"gold_gain":76,"player_choice":"Gained Gold","damage_taken":0,"max_hp_gain":0,"max_hp_loss":0,"event_name":"Golden Wing","floor":10,"gold_loss":0},{"cards_removed":["Writhe"],"damage_healed":0,"gold_gain":0,"player_choice":"Forget","damage_taken":0,"max_hp_gain":0,"max_hp_loss":0,"event_name":"Living Wall","floor":13,"gold_loss":0}],"is_beta":false,"boss_relics":[],"items_purged_floors":[2],"is_endless":false,"potions_floor_spawned":[4,7,12],"killed_by":"The Guardian","ascension_level":16}