{"gold_per_floor":[116,116,116,132,132,166,91,126,126,126,155,168,168,179,179,258,258,278,295,25,25,42,42,77,77,125,75,75,75,88,104,104,104],"floor_reached":33,"playtime":1590,"items_purged":["Defend_R","Decay"],"score":583,"play_id":"1116cc12-aa9f-4b0b-aa8b-51221d5ebc41","local_time":"20190504133943","is_ascension_mode":true,"campfire_choices":[{"data":"Shrug It Off","floor":13,"key":"SMITH"},{"floor":15,"key":"REST"},{"data":"Shrug It Off","floor":23,"key":"SMITH"},{"floor":28,"key":"REST"},{"floor":29,"key":"REST"},{"floor":32,"key":"REST"}],"neow_cost":"NONE","seed_source_timestamp":393985675158200,"circlet_count":0,"master_deck":["AscendersBane","Strike_R","Strike_R+1","Strike_R","Defend_R+1","Defend_R+1","Defend_R","Bash+1","Uppercut","Pommel Strike","Uppercut","Shrug It Off+1","Shockwave","Demon Form","Reaper","Shrug It Off+1","Writhe","Shrug It Off+1","Flame Barrier","Thunderclap"],"relics":["Burning Blood","NeowsBlessing","WarpedTongs","Pantograph","WingedGreaves","Pen Nib","Anchor","Sozu","Brimstone","Smiling Mask","Paper Frog","War Paint"],"potions_floor_usage":[11,16],"damage_taken":[{"damage":0,"enemies":"Small Slimes","floor":1,"turns":2},{"damage":0,"enemies":"Cultist","floor":4,"turns":1},{"damage":0,"enemies":"3 Sentries","floor":6,"turns":2},{"damage":28,"enemies":"Gremlin Nob","floor":8,"turns":4},{"damage":27,"enemies":"Lagavulin","floor":11,"turns":6},{"damage":0,"enemies":"Jaw Worm","floor":12,"turns":3},{"damage":15,"enemies":"Large Slime","floor":14,"turns":5},{"damage":20,"enemies":"The Guardian","floor":16,"turns":6},{"damage":17,"enemies":"Spheric Guardian","floor":18,"turns":4},{"damage":14,"enemies":"Shell Parasite","floor":19,"turns":5},{"damage":24,"enemies":"3 Cultists","floor":22,"turns":5},{"damage":57,"enemies":"Slavers","floor":24,"turns":6},{"damage":21,"enemies":"Snake Plant","floor":30,"turns":3},{"damage":0,"enemies":"Centurion and Healer","floor":31,"turns":4},{"damage":80,"enemies":"Collector","floor":33,"turns":5}],"seed_played":"7876280557256829347","potions_obtained":[{"floor":4,"key":"Regen Potion"},{"floor":6,"key":"SkillPotion"},{"floor":12,"key":"AttackPotion"},{"floor":14,"key":"FairyPotion"}],"is_trial":false,"path_per_floor":["M","?","?","M","?","E","?","E","T","?","E","M","R","M","R","B",null,"M","M","$","?","M","R","E","?","T","$","R","R","M","M","R","B"],"character_chosen":"IRONCLAD","items_purchased":["Brimstone"],"campfire_rested":4,"item_purchase_floors":[20],"current_hp_per_floor":[74,51,51,57,57,63,63,41,41,41,20,26,26,17,39,50,69,58,57,57,57,57,57,13,13,13,13,35,57,42,48,70,0],"gold":104,"neow_bonus":"THREE_ENEMY_KILL","is_prod":false,"is_daily":false,"chose_seed":false,"campfire_upgraded":2,"win_rate":0,"timestamp":1556969983,"path_taken":["M","?","?","?","?","E","?","E","T","?","E","M","R","M","R","BOSS","M","?","$","?","M","R","E","?","T","$","R","R","M","M","R","BOSS"],"build_version":"2019-01-23","purchased_purges":2,"victory":false,"max_hp_per_floor":[75,75,75,75,75,75,75,75,75,75,75,75,75,75,75,75,75,75,75,75,75,75,75,75,75,75,75,75,75,75,75,75,75],"card_choices":[{"not_picked":["Twin Strike","Perfected Strike"],"picked":"Uppercut","floor":1},{"not_picked":["Rage","Flex"],"picked":"Pommel Strike","floor":4},{"not_picked":["Headbutt","Wild Strike"],"picked":"Uppercut","floor":6},{"not_picked":["Headbutt","Flex"],"picked":"Shrug It Off","floor":8},{"not_picked":["Iron Wave","Shrug It Off"],"picked":"Shockwave","floor":11},{"not_picked":["Sever Soul","Sword Boomerang","Wild Strike"],"picked":"SKIP","floor":12},{"not_picked":["Havoc","Perfected Strike"],"picked":"Demon Form","floor":14},{"not_picked":["Double Tap","Fiend Fire"],"picked":"Reaper","floor":16},{"not_picked":["Iron Wave","Twin Strike","Wild Strike"],"picked":"SKIP","floor":18},{"not_picked":["Entrench","Pommel Strike"],"picked":"Shrug It Off","floor":19},{"not_picked":["Carnage","Wild Strike+1","Iron Wave"],"picked":"SKIP","floor":22},{"not_picked":["Carnage","Wild Strike+1","Iron Wave"],"picked":"SKIP","floor":22},{"not_picked":["Offering","Entrench+1"],"picked":"Shrug It Off+1","floor":24},{"not_picked":["Pummel","Iron Wave"],"picked":"Flame Barrier","floor":30},{"not_picked":["Cleave+1","Carnage"],"picked":"Thunderclap","floor":31}],"player_experience":1062461,"relics_obtained":[{"floor":6,"key":"Pantograph"},{"floor":8,"key":"WingedGreaves"},{"floor":9,"key":"Pen Nib"},{"floor":11,"key":"Anchor"},{"floor":24,"key":"Paper Frog"},{"floor":26,"key":"War Paint"}],"event_choices":[{"damage_healed":0,"gold_gain":0,"player_choice":"Entered Light","damage_taken":23,"max_hp_gain":0,"max_hp_loss":0,"event_name":"Shining Light","floor":2,"gold_loss":0,"cards_upgraded":["Bash","Strike_R"]},{"damage_healed":0,"gold_gain":0,"player_choice":"Rummage","damage_taken":0,"relics_obtained":["WarpedTongs"],"max_hp_gain":0,"max_hp_loss":0,"event_name":"Accursed Blacksmith","floor":3,"gold_loss":0,"cards_obtained":["Pain"]},{"cards_removed":["Pain"],"damage_healed":0,"gold_gain":0,"player_choice":"Forget","damage_taken":0,"max_hp_gain":0,"max_hp_loss":0,"event_name":"Living Wall","floor":5,"gold_loss":0},{"cards_removed":["Strike_R"],"damage_healed":0,"gold_gain":0,"player_choice":"Card Removal","damage_taken":0,"max_hp_gain":0,"max_hp_loss":0,"event_name":"The Cleric","floor":7,"gold_loss":75},{"cards_removed":["Strike_R"],"damage_healed":0,"gold_gain":0,"player_choice":"Purged","damage_taken":0,"max_hp_gain":0,"max_hp_loss":0,"event_name":"Purifier","floor":10,"gold_loss":0},{"damage_healed":0,"gold_gain":0,"player_choice":"Opened","damage_taken":0,"relics_obtained":["Smiling Mask"],"max_hp_gain":0,"max_hp_loss":0,"event_name":"The Mausoleum","floor":21,"gold_loss":0,"cards_obtained":["Writhe"]},{"damage_healed":0,"gold_gain":0,"player_choice":"Smashed Altar","damage_taken":0,"max_hp_gain":0,"max_hp_loss":0,"event_name":"Forgotten Altar","floor":25,"gold_loss":0,"cards_obtained":["Decay"]}],"is_beta":false,"boss_relics":[{"not_picked":["Tiny House","Empty Cage"],"picked":"Sozu"}],"items_purged_floors":[20,27],"is_endless":false,"potions_floor_spawned":[4,6,8,12,14,18,19,31],"killed_by":"Collector","ascension_level":15}