{"gold_per_floor":[16,36,47,61,71,71,96,112,182,182],"floor_reached":10,"playtime":537,"items_purged":[],"score":140,"play_id":"e519eb27-e09b-4cef-a44d-968d5d5c9996","local_time":"20190429132417","is_ascension_mode":true,"campfire_choices":[{"floor":6.0,"key":"REST"}],"neow_cost":"NO_GOLD","seed_source_timestamp":3166234774484560,"circlet_count":0,"master_deck":["AscendersBane","Strike_R","Strike_R","Strike_R","Strike_R","Strike_R","Defend_R","Defend_R","Defend_R","Defend_R","Bash","Disarm","Rampage","Inflame","Uppercut","Inflame","Whirlwind"],"special_seed":0,"relics":["Burning Blood","Bird Faced Urn","Torii","Singing Bowl"],"potions_floor_usage":[7,8],"damage_taken":[{"damage":7.0,"enemies":"Cultist","floor":1.0,"turns":4.0},{"damage":4.0,"enemies":"Small Slimes","floor":2.0,"turns":6.0},{"damage":20.0,"enemies":"Jaw Worm","floor":3.0,"turns":6.0},{"damage":28.0,"enemies":"Lots of Slimes","floor":4.0,"turns":6.0},{"damage":18.0,"enemies":"Blue Slaver","floor":5.0,"turns":5.0},{"damage":24,"enemies":"Lagavulin","floor":7,"turns":7},{"damage":5,"enemies":"Gremlin Gang","floor":8,"turns":6},{"damage":56,"enemies":"Gremlin Nob","floor":10,"turns":4}],"seed_played":"-415910365081335260","potions_obtained":[{"floor":3.0,"key":"GamblersBrew"},{"floor":4.0,"key":"Dexterity Potion"},{"floor":7,"key":"Poison Potion"}],"is_trial":false,"path_per_floor":["M","M","M","M","M","R","E","M","T","E"],"character_chosen":"IRONCLAD","items_purchased":[],"campfire_rested":1,"item_purchase_floors":[],"current_hp_per_floor":[67,69,55,33,23,45,29,34,34,0],"gold":182,"neow_bonus":"ONE_RARE_RELIC","is_prod":false,"is_daily":false,"chose_seed":false,"campfire_upgraded":0,"win_rate":0,"timestamp":1556540657,"path_taken":["M","?","M","M","M","R","E","M","T","E"],"build_version":"2019-01-23","purchased_purges":0,"victory":false,"max_hp_per_floor":[75,75,75,75,75,75,75,75,75,75],"card_choices":[{"not_picked":["Wild Strike","Havoc"],"picked":"Disarm","floor":1.0},{"not_picked":["Disarm","Battle Trance"],"picked":"Rampage","floor":2.0},{"not_picked":["Havoc","Warcry","Infernal Blade"],"picked":"SKIP","floor":3.0},{"not_picked":["Perfected Strike","Power Through"],"picked":"Inflame","floor":4.0},{"not_picked":["Spot Weakness","Dual Wield"],"picked":"Uppercut","floor":5.0},{"not_picked":["Flex","Havoc"],"picked":"Inflame","floor":7},{"not_picked":["Carnage","Hemokinesis"],"picked":"Whirlwind","floor":8}],"player_experience":246641,"relics_obtained":[{"floor":7,"key":"Torii"},{"floor":9,"key":"Singing Bowl"}],"event_choices":[],"is_beta":false,"boss_relics":[],"items_purged_floors":[],"is_endless":false,"potions_floor_spawned":[3,4,7],"killed_by":"Gremlin Nob","ascension_level":19}