{"gold_per_floor":[109,124,139,158,171,171,206,206,229,229,243,243,256,256,256,256],"floor_reached":16,"playtime":3945,"items_purged":[],"score":146,"play_id":"12d9dac5-0b1e-4654-9554-589c1a6452ac","local_time":"20190421184245","is_ascension_mode":true,"campfire_choices":[{"data":"Body Slam","floor":6,"key":"SMITH"},{"floor":10,"key":"REST"},{"data":"Dual Wield","floor":15,"key":"SMITH"}],"neow_cost":"NONE","seed_source_timestamp":721522146359154,"circlet_count":0,"master_deck":["Strike_R","Strike_R","Strike_R","Strike_R","Strike_R","Defend_R","Defend_R","Defend_R","Defend_R","Bash","Body Slam+1","Clash","Warcry","Dual Wield+1","Limit Break","Pommel Strike","Sword Boomerang","Spot Weakness"],"special_seed":0,"relics":["Burning Blood","Juzu Bracelet","Boot"],"potions_floor_usage":[7,7],"damage_taken":[{"damage":6.0,"enemies":"Cultist","floor":1.0,"turns":3.0},{"damage":15.0,"enemies":"Small Slimes","floor":2.0,"turns":4.0},{"damage":7.0,"enemies":"Jaw Worm","floor":3.0,"turns":2.0},{"damage":11,"enemies":"Large Slime","floor":4,"turns":6},{"damage":12,"enemies":"Looter","floor":5,"turns":4},{"damage":65,"enemies":"3 Sentries","floor":7,"turns":13},{"damage":0,"enemies":"Gremlin Gang","floor":11,"turns":5},{"damage":5,"enemies":"Lots of Slimes","floor":13,"turns":3},{"damage":38,"enemies":"Slime Boss","floor":16,"turns":5}],"seed_played":"-4379222896494878295","potions_obtained":[{"floor":4,"key":"Regen Potion"},{"floor":5,"key":"SpeedPotion"},{"floor":7,"key":"LiquidBronze"}],"is_trial":false,"path_per_floor":["M","M","M","M","M","R","E","?","T","R","M","?","M","?","R","B"],"character_chosen":"IRONCLAD","items_purchased":[],"campfire_rested":1,"item_purchase_floors":[],"current_hp_per_floor":[72,63,62,57,51,51,7,7,7,31,37,57,58,51,51,13],"gold":256,"neow_bonus":"THREE_CARDS","is_prod":false,"is_daily":false,"chose_seed":false,"campfire_upgraded":2,"win_rate":0,"timestamp":1555839765,"path_taken":["M","M","M","M","?","R","E","?","T","R","M","?","M","?","R","BOSS"],"build_version":"2019-01-23","purchased_purges":0,"victory":false,"max_hp_per_floor":[80,80,80,80,80,80,80,80,80,80,80,80,80,77,77,77],"card_choices":[{"not_picked":["Shrug It Off","Havoc"],"picked":"Body Slam","floor":0.0},{"not_picked":["Warcry","Anger"],"picked":"Clash","floor":1.0},{"not_picked":["Power Through","Clash"],"picked":"Warcry","floor":2.0},{"not_picked":["Wild Strike","Perfected Strike"],"picked":"Dual Wield","floor":3.0},{"not_picked":["Havoc","Clash"],"picked":"Limit Break","floor":4},{"not_picked":["Havoc","Dual Wield"],"picked":"Pommel Strike","floor":5},{"not_picked":["Intimidate","Thunderclap","Dual Wield"],"picked":"SKIP","floor":7},{"not_picked":["True Grit","Heavy Blade"],"picked":"Sword Boomerang","floor":11},{"not_picked":["Clash","Shrug It Off"],"picked":"Spot Weakness","floor":13}],"player_experience":393385,"relics_obtained":[{"floor":7,"key":"Juzu Bracelet"},{"floor":9,"key":"Boot"}],"event_choices":[{"damage_healed":0,"gold_gain":0,"player_choice":"Fled","damage_taken":0,"max_hp_gain":0,"max_hp_loss":0,"event_name":"Scrap Ooze","floor":8,"gold_loss":0},{"damage_healed":20,"gold_gain":0,"player_choice":"Healed and dodged fight","damage_taken":0,"max_hp_gain":0,"max_hp_loss":0,"event_name":"Mushrooms","floor":12,"gold_loss":0,"cards_obtained":["Parasite"]},{"cards_removed":["Parasite"],"damage_healed":0,"gold_gain":0,"player_choice":"Card Removal","damage_taken":7,"max_hp_gain":0,"max_hp_loss":0,"event_name":"Golden Wing","floor":14,"gold_loss":0}],"is_beta":false,"boss_relics":[],"items_purged_floors":[],"is_endless":false,"potions_floor_spawned":[4,5,7],"killed_by":"Slime Boss","ascension_level":8}