{"gold_per_floor":[215,40,51,64,84,112,112,112,112,124,124,144,164,175,175,276,276,295,240,94,78,78,78],"floor_reached":23,"playtime":923,"items_purged":["Strike_R","Strike_R"],"score":195,"play_id":"b3bab637-671d-46bb-9768-5dc3c7754476","local_time":"20190319143831","is_ascension_mode":false,"campfire_choices":[{"data":"Anger","floor":7,"key":"SMITH"},{"data":"Armaments","floor":11,"key":"SMITH"},{"data":"Inflame","floor":15,"key":"SMITH"}],"neow_cost":"NONE","seed_source_timestamp":42409941325598,"circlet_count":0,"master_deck":["Strike_R","Strike_R","Strike_R","Defend_R","Defend_R","Defend_R","Defend_R","Bash","True Grit","True Grit","Inflame+1","Havoc","Anger+1","Twin Strike","Armaments+1","Clothesline","Twin Strike","Feed","Demon Form","Twin Strike","Shrug It Off","Headbutt+1"],"relics":["Black Blood","Darkstone Periapt","Sundial","Tiny Chest"],"potions_floor_usage":[23,23,23],"damage_taken":[{"damage":1,"enemies":"Cultist","floor":1,"turns":3},{"damage":3,"enemies":"Small Slimes","floor":3,"turns":4},{"damage":6,"enemies":"Jaw Worm","floor":4,"turns":3},{"damage":11,"enemies":"3 Louse","floor":5,"turns":6},{"damage":23,"enemies":"Gremlin Nob","floor":6,"turns":4},{"damage":3,"enemies":"Looter","floor":10,"turns":2},{"damage":9,"enemies":"2 Fungi Beasts","floor":12,"turns":4},{"damage":2,"enemies":"Red Slaver","floor":13,"turns":5},{"damage":0,"enemies":"Exordium Thugs","floor":14,"turns":3},{"damage":14,"enemies":"Slime Boss","floor":16,"turns":8},{"damage":9,"enemies":"Chosen","floor":18,"turns":4},{"damage":22,"enemies":"2 Thieves","floor":21,"turns":4},{"damage":73,"enemies":"Gremlin Leader","floor":23,"turns":4}],"seed_played":"1610728194283748357","potions_obtained":[{"floor":1,"key":"Swift Potion"},{"floor":4,"key":"SteroidPotion"},{"floor":8,"key":"PowerPotion"}],"is_trial":false,"path_per_floor":["M","$","M","M","M","E","R","?","T","M","R","M","M","M","R","B",null,"M","?","$","M","?","E"],"character_chosen":"IRONCLAD","items_purchased":["True Grit","SteroidPotion","Shrug It Off"],"campfire_rested":0,"item_purchase_floors":[2,2,20],"current_hp_per_floor":[80,80,80,80,75,58,58,58,58,61,61,58,62,68,68,60,80,83,83,83,71,71,0],"gold":78,"neow_bonus":"HUNDRED_GOLD","is_prod":false,"is_daily":false,"chose_seed":false,"campfire_upgraded":3,"win_rate":0,"timestamp":1553027911,"path_taken":["M","$","M","M","?","E","R","?","T","M","R","?","M","M","R","BOSS","M","?","$","M","?","E"],"build_version":"2019-01-23","purchased_purges":2,"victory":false,"max_hp_per_floor":[80,80,80,80,80,80,80,80,80,80,80,80,80,80,80,80,80,83,83,83,83,83,83],"card_choices":[{"not_picked":["Uppercut","Warcry"],"picked":"True Grit","floor":1},{"not_picked":["Pommel Strike","Flex"],"picked":"Inflame","floor":3},{"not_picked":["Flex","Evolve"],"picked":"Havoc","floor":4},{"not_picked":["Thunderclap","Dual Wield"],"picked":"Anger","floor":5},{"not_picked":["Dual Wield","True Grit"],"picked":"Twin Strike","floor":6},{"not_picked":["Dual Wield","Reckless Charge"],"picked":"Armaments","floor":10},{"not_picked":["Immolate","Entrench"],"picked":"Clothesline","floor":12},{"not_picked":["Clothesline","Wild Strike"],"picked":"Twin Strike","floor":13},{"not_picked":["Second Wind","True Grit"],"picked":"Feed","floor":14},{"not_picked":["Berserk","Double Tap"],"picked":"Demon Form","floor":16},{"not_picked":["Thunderclap","Iron Wave"],"picked":"Twin Strike","floor":18},{"not_picked":["Battle Trance+1","Body Slam+1"],"picked":"Headbutt+1","floor":21}],"player_experience":289410,"relics_obtained":[{"floor":6,"key":"Darkstone Periapt"},{"floor":9,"key":"Sundial"}],"event_choices":[{"damage_healed":0,"gold_gain":0,"player_choice":"Got Potions","damage_taken":0,"max_hp_gain":0,"max_hp_loss":0,"event_name":"Lab","floor":8,"gold_loss":0},{"damage_healed":0,"gold_gain":0,"player_choice":"Obtained Relic","damage_taken":0,"relics_obtained":["Tiny Chest"],"max_hp_gain":0,"max_hp_loss":0,"event_name":"Addict","floor":19,"gold_loss":85},{"damage_healed":0,"gold_gain":0,"player_choice":"Ignored","damage_taken":0,"max_hp_gain":0,"max_hp_loss":0,"event_name":"Vampires","floor":22,"gold_loss":0}],"is_beta":false,"boss_relics":[{"not_picked":["Eternal Feather","Sozu"],"picked":"Black Blood"}],"items_purged_floors":[2,20],"is_endless":false,"potions_floor_spawned":[1,4,12],"killed_by":"Gremlin Leader","ascension_level":0}