{"gold_per_floor":[117,133,208,227,227,227,262,262,262,212,59,74,91,101,101,101],"floor_reached":16,"playtime":618,"items_purged":[],"score":102,"play_id":"843df237-998c-4be0-b6e1-ac2fa6b6670b","local_time":"20190124162322","is_ascension_mode":false,"campfire_choices":[{"data":"Bash","floor":6,"key":"SMITH"},{"data":"Flame Barrier","floor":8,"key":"SMITH"},{"floor":15,"key":"REST"}],"neow_cost":"NONE","seed_source_timestamp":1281571287245091,"circlet_count":0,"master_deck":["Strike_R","Strike_R","Strike_R","Strike_R","Defend_R","Defend_R","Defend_R","Defend_R","Bash+1","Dropkick","Dual Wield+1","Flame Barrier+1"],"relics":["Burning Blood","Gambling Chip","Mummified Hand","Bag of Marbles"],"potions_floor_usage":[16],"damage_taken":[{"damage":6,"enemies":"Jaw Worm","floor":1,"turns":4},{"damage":5,"enemies":"Small Slimes","floor":2,"turns":3},{"damage":1,"enemies":"2 Louse","floor":4,"turns":3},{"damage":49,"enemies":"3 Sentries","floor":7,"turns":12},{"damage":2,"enemies":"2 Fungi Beasts","floor":12,"turns":4},{"damage":14,"enemies":"Exordium Thugs","floor":13,"turns":6},{"damage":7,"enemies":"Blue Slaver","floor":14,"turns":3},{"damage":65,"enemies":"Slime Boss","floor":16,"turns":8}],"seed_played":"374411315712506678","potions_obtained":[{"floor":1,"key":"Swift Potion"},{"floor":7,"key":"LiquidBronze"}],"is_trial":false,"path_per_floor":["M","M","?","M","?","R","E","R","T","?","$","M","M","M","R","B"],"character_chosen":"IRONCLAD","items_purchased":["Bag of Marbles"],"campfire_rested":1,"item_purchase_floors":[11],"current_hp_per_floor":[80,80,69,74,74,74,31,31,31,31,31,35,27,26,50,0],"gold":101,"neow_bonus":"THREE_CARDS","is_prod":false,"is_daily":false,"chose_seed":false,"campfire_upgraded":2,"win_rate":0,"timestamp":1548375802,"path_taken":["M","M","?","M","?","R","E","R","T","?","$","M","M","M","R","BOSS"],"build_version":"2019-01-10","purchased_purges":0,"victory":false,"max_hp_per_floor":[80,80,80,80,80,80,80,80,80,80,80,80,80,80,80,80],"card_choices":[{"not_picked":["Headbutt","Body Slam"],"picked":"Dropkick","floor":0},{"not_picked":["Battle Trance","Perfected Strike"],"picked":"Dual Wield","floor":1},{"not_picked":["Infernal Blade","Flex"],"picked":"Flame Barrier","floor":2},{"not_picked":["Heavy Blade","Thunderclap","Headbutt"],"picked":"SKIP","floor":4},{"not_picked":["Twin Strike","True Grit","Whirlwind"],"picked":"SKIP","floor":7},{"not_picked":["Evolve","Headbutt","Flex"],"picked":"SKIP","floor":12},{"not_picked":["Warcry","Seeing Red","Uppercut"],"picked":"SKIP","floor":13},{"not_picked":["Clothesline","Anger","Brutality"],"picked":"SKIP","floor":14}],"player_experience":366369,"relics_obtained":[{"floor":7,"key":"Gambling Chip"},{"floor":9,"key":"Mummified Hand"}],"event_choices":[{"damage_healed":0,"gold_gain":75,"player_choice":"Gather Gold","damage_taken":11,"max_hp_gain":0,"max_hp_loss":0,"event_name":"World of Goop","floor":3,"gold_loss":0},{"damage_healed":0,"gold_gain":0,"player_choice":"Grow","damage_taken":0,"max_hp_gain":0,"max_hp_loss":0,"event_name":"Living Wall","floor":5,"gold_loss":0,"cards_upgraded":["Dual Wield"]},{"cards_removed":["Strike_R"],"damage_healed":0,"gold_gain":0,"player_choice":"Card Removal","damage_taken":0,"max_hp_gain":0,"max_hp_loss":0,"event_name":"The Cleric","floor":10,"gold_loss":50}],"is_beta":false,"boss_relics":[],"items_purged_floors":[],"is_endless":false,"potions_floor_spawned":[1,7],"killed_by":"Slime Boss","ascension_level":0}