{"gold_per_floor":[10,29,29,39,214,246,19,29,29,29,29,29,57,57,57,57],"floor_reached":16,"playtime":619,"items_purged":["Doubt"],"score":113,"play_id":"ee52a5d8-485d-4147-9b1c-8238457416d3","local_time":"20190419182945","is_ascension_mode":true,"campfire_choices":[{"data":"Zap","floor":10,"key":"SMITH"},{"data":"Dualcast","floor":12,"key":"SMITH"},{"floor":15,"key":"REST"}],"neow_cost":"NO_GOLD","seed_source_timestamp":415174506966483,"circlet_count":0,"master_deck":["Strike_B","Strike_B","Strike_B","Defend_B","Defend_B","Defend_B","Zap+1","Dualcast+1","Gash","Melter","All For One","Genetic Algorithm","Parasite","Gash"],"relics":["Cracked Core","Pear","Mercury Hourglass","The Courier"],"potions_floor_usage":[13],"damage_taken":[{"damage":0,"enemies":"2 Louse","floor":1,"turns":2},{"damage":8,"enemies":"Small Slimes","floor":2,"turns":2},{"damage":6,"enemies":"Jaw Worm","floor":4,"turns":3},{"damage":29,"enemies":"Gremlin Nob","floor":6,"turns":5},{"damage":13,"enemies":"Exordium Wildlife","floor":8,"turns":4},{"damage":30,"enemies":"Lagavulin","floor":13,"turns":4},{"damage":44,"enemies":"Hexaghost","floor":16,"turns":7}],"seed_played":"-2511128595391748771","potions_obtained":[{"floor":4,"key":"Dexterity Potion"},{"floor":6,"key":"Poison Potion"},{"floor":13,"key":"Ancient Potion"}],"is_trial":false,"path_per_floor":["M","M","?","M","?","E","$","M","T","R","?","R","E","?","R","B"],"character_chosen":"DEFECT","items_purchased":["All For One"],"campfire_rested":1,"item_purchase_floors":[7],"current_hp_per_floor":[75,67,67,61,61,42,42,29,29,29,50,50,20,17,42,0],"gold":57,"neow_bonus":"REMOVE_TWO","is_prod":false,"is_daily":false,"chose_seed":false,"campfire_upgraded":2,"win_rate":0,"timestamp":1555694985,"path_taken":["M","M","?","M","?","E","$","M","T","R","?","R","E","?","R","BOSS"],"build_version":"2019-01-23","purchased_purges":1,"victory":false,"max_hp_per_floor":[75,75,75,75,75,85,85,85,85,85,85,85,85,85,85,85],"card_choices":[{"not_picked":["Sweeping Beam","Go for the Eyes"],"picked":"Gash","floor":1},{"not_picked":["Blizzard","Lockon","Reprogram"],"picked":"SKIP","floor":2},{"not_picked":["Recycle","Ball Lightning"],"picked":"Melter","floor":4},{"not_picked":["Steam","Static Discharge","Barrage"],"picked":"SKIP","floor":6},{"not_picked":["Leap","Sweeping Beam"],"picked":"Genetic Algorithm","floor":8},{"not_picked":["Streamline","Chaos"],"picked":"Gash","floor":13}],"player_experience":1792741,"relics_obtained":[{"floor":6,"key":"Pear"},{"floor":9,"key":"Mercury Hourglass"},{"floor":13,"key":"The Courier"}],"event_choices":[{"damage_healed":0,"gold_gain":0,"player_choice":"Leave","damage_taken":0,"max_hp_gain":0,"max_hp_loss":0,"event_name":"The Cleric","floor":3,"gold_loss":0},{"damage_healed":0,"gold_gain":175,"player_choice":"AGREE","damage_taken":0,"max_hp_gain":0,"max_hp_loss":0,"event_name":"Liars Game","floor":5,"gold_loss":0,"cards_obtained":["Doubt"]},{"damage_healed":21,"gold_gain":0,"player_choice":"Healed and dodged fight","damage_taken":0,"max_hp_gain":0,"max_hp_loss":0,"event_name":"Mushrooms","floor":11,"gold_loss":0,"cards_obtained":["Parasite"]},{"damage_healed":0,"gold_gain":0,"player_choice":"Fled","damage_taken":3,"max_hp_gain":0,"max_hp_loss":0,"event_name":"Scrap Ooze","floor":14,"gold_loss":0}],"is_beta":false,"boss_relics":[],"items_purged_floors":[7],"is_endless":false,"potions_floor_spawned":[4,6,13],"killed_by":"Hexaghost","ascension_level":1}