{"gold_per_floor":[113,74,74,92,108,108,142,142,167,201,215,68,68,68,68,68],"floor_reached":16,"playtime":731,"items_purged":[],"score":146,"play_id":"746b1926-db7f-4454-a8bf-59d26c7c6279","local_time":"20190507001331","is_ascension_mode":true,"campfire_choices":[{"floor":6,"key":"REST"},{"data":"Infernal Blade","floor":8,"key":"SMITH"},{"data":"Feel No Pain","floor":13,"key":"SMITH"},{"floor":15,"key":"REST"}],"neow_cost":"PERCENT_DAMAGE","seed_source_timestamp":408900290224257,"circlet_count":0,"master_deck":["Strike_R","Strike_R","Strike_R","Strike_R","Defend_R","Defend_R","Defend_R","Defend_R","Bash","Infernal Blade+1","Feel No Pain+1","Shrug It Off"],"relics":["Burning Blood","Dead Branch","Juzu Bracelet","Orichalcum","Mummified Hand","Regal Pillow","Bag of Marbles"],"potions_floor_usage":[7,16,16],"damage_taken":[{"damage":6,"enemies":"Cultist","floor":1,"turns":3},{"damage":7,"enemies":"2 Louse","floor":4,"turns":4},{"damage":0,"enemies":"Jaw Worm","floor":5,"turns":3},{"damage":16,"enemies":"3 Sentries","floor":7,"turns":8},{"damage":27,"enemies":"Lagavulin","floor":10,"turns":6},{"damage":0,"enemies":"Large Slime","floor":11,"turns":3},{"damage":78,"enemies":"Slime Boss","floor":16,"turns":10}],"seed_played":"5741473215594362467","potions_obtained":[{"floor":1,"key":"PowerPotion"},{"floor":7,"key":"Explosive Potion"},{"floor":11,"key":"BloodPotion"}],"is_trial":false,"path_per_floor":["M","$","?","M","M","R","E","R","T","E","M","$","R","?","R","B"],"character_chosen":"IRONCLAD","items_purchased":["Feel No Pain","Regal Pillow"],"campfire_rested":2,"item_purchase_floors":[2,12],"current_hp_per_floor":[51,51,51,50,56,80,70,70,70,49,55,55,55,30,69,0],"gold":68,"neow_bonus":"ONE_RARE_RELIC","is_prod":false,"is_daily":false,"chose_seed":false,"campfire_upgraded":2,"win_rate":0,"timestamp":1557180811,"path_taken":["M","$","?","M","M","R","E","R","T","E","M","$","R","?","R","BOSS"],"build_version":"2019-01-23","purchased_purges":0,"victory":false,"max_hp_per_floor":[80,80,80,80,80,80,80,80,80,80,80,80,80,80,80,80],"card_choices":[{"not_picked":["Heavy Blade","Metallicize"],"picked":"Infernal Blade","floor":1},{"not_picked":["Heavy Blade","Flex"],"picked":"Shrug It Off","floor":4},{"not_picked":["Blood for Blood","Headbutt","Immolate"],"picked":"SKIP","floor":5},{"not_picked":["Disarm","Clothesline","Shrug It Off"],"picked":"SKIP","floor":7},{"not_picked":["Impervious","Sever Soul","Anger"],"picked":"SKIP","floor":10},{"not_picked":["Clash","Rampage","Infernal Blade"],"picked":"SKIP","floor":11}],"player_experience":418407,"relics_obtained":[{"floor":7,"key":"Juzu Bracelet"},{"floor":9,"key":"Orichalcum"},{"floor":10,"key":"Mummified Hand"}],"event_choices":[{"cards_removed":["Strike_R"],"damage_healed":0,"gold_gain":0,"player_choice":"Offered Basic","damage_taken":0,"max_hp_gain":0,"max_hp_loss":0,"event_name":"Bonfire Elementals","floor":3,"gold_loss":0},{"damage_healed":0,"gold_gain":0,"player_choice":"Success","damage_taken":25,"relics_obtained":["Bag of Marbles"],"max_hp_gain":0,"max_hp_loss":0,"event_name":"Scrap Ooze","floor":14,"gold_loss":0}],"is_beta":false,"boss_relics":[],"items_purged_floors":[],"is_endless":false,"potions_floor_spawned":[1,7,11],"killed_by":"Slime Boss","ascension_level":7}