{"gold_per_floor":[15,15,27,27,45,45,64,64,117,164,176,213,225,250,262,370,382,375,405,342,19,37,64,64,84,84,103,103,103,118,128,128,128],"floor_reached":33,"playtime":2745,"items_purged":[],"score":377,"play_id":"44ee32b4-0a72-4379-a11d-ac66e51b3fa4","local_time":"20190409173205","is_ascension_mode":true,"campfire_choices":[{"data":"Bash","floor":6.0,"key":"SMITH"},{"data":"Twin Strike","floor":8.0,"key":"SMITH"},{"data":"Shrug It Off","floor":15.0,"key":"SMITH"},{"floor":24.0,"key":"REST"},{"data":"True Grit","floor":29.0,"key":"SMITH"},{"floor":32.0,"key":"REST"}],"neow_cost":"NO_GOLD","seed_source_timestamp":0,"circlet_count":0,"master_deck":["Strike_R","Strike_R","Strike_R","Strike_R","Defend_R","Defend_R","Defend_R","Defend_R","Bash+1","Twin Strike+1","Evolve","Shrug It Off+1","Wild Strike","Demon Form","Wild Strike","Double Tap","True Grit+1","Metallicize","Uppercut","Sword Boomerang","Perfected Strike","Headbutt+1","Wild Strike","Pummel+1","Armaments","True Grit+1"],"special_seed":0,"relics":["Burning Blood","Turnip","MawBank","Bag of Marbles","Thread and Needle","Orrery","Blood Vial","Centennial Puzzle","Juzu Bracelet","Bottled Tornado"],"potions_floor_usage":[],"damage_taken":[{"damage":1.0,"enemies":"Cultist","floor":1.0,"turns":4.0},{"damage":14.0,"enemies":"2 Louse","floor":3.0,"turns":3.0},{"damage":0.0,"enemies":"Small Slimes","floor":5.0,"turns":3.0},{"damage":10.0,"enemies":"Gremlin Gang","floor":7.0,"turns":7.0},{"damage":23.0,"enemies":"Gremlin Nob","floor":10.0,"turns":4.0},{"damage":20.0,"enemies":"Lagavulin","floor":12.0,"turns":5.0},{"damage":4.0,"enemies":"Blue Slaver","floor":14.0,"turns":4.0},{"damage":12.0,"enemies":"The Guardian","floor":16.0,"turns":13.0},{"damage":23.0,"enemies":"2 Thieves","floor":18.0,"turns":4.0},{"damage":3.0,"enemies":"Chosen","floor":19.0,"turns":6.0},{"damage":12.0,"enemies":"3 Cultists","floor":22.0,"turns":5.0},{"damage":62.0,"enemies":"Book of Stabbing","floor":23.0,"turns":6.0},{"damage":4.0,"enemies":"Snecko","floor":25.0,"turns":3.0},{"damage":36.0,"enemies":"Snake Plant","floor":27.0,"turns":6.0},{"damage":52.0,"enemies":"Shelled Parasite and Fungi","floor":30.0,"turns":9.0},{"damage":17.0,"enemies":"Centurion and Healer","floor":31.0,"turns":8.0},{"damage":67,"enemies":"Collector","floor":33,"turns":6}],"seed_played":"58951181740358276","potions_obtained":[{"floor":4.0,"key":"Regen Potion"},{"floor":4.0,"key":"Block Potion"},{"floor":4.0,"key":"SteroidPotion"},{"floor":12.0,"key":"Dexterity Potion"},{"floor":18.0,"key":"AttackPotion"},{"floor":22.0,"key":"BloodPotion"},{"floor":27.0,"key":"SteroidPotion"},{"floor":31.0,"key":"FearPotion"}],"is_trial":false,"path_per_floor":["$","?","M","?","?","M","?","?"],"character_chosen":"IRONCLAD","items_purchased":["Blood Vial","Centennial Puzzle","Wild Strike"],"campfire_rested":2,"item_purchase_floors":[21,21,21],"current_hp_per_floor":[77,77,69,69,75,75,71,71,71,54,59,59,59,61,61,55,78,61,64,64,64,60,14,39,43,43,15,85,85,39,30,55,0],"gold":128,"neow_bonus":"ONE_RARE_RELIC","is_prod":false,"is_daily":false,"chose_seed":false,"campfire_upgraded":4,"win_rate":0,"timestamp":1554852725,"path_taken":["M","?","M","?","M","R","?","R","T","E","?","E","?","M","R","BOSS","M","?","?","$","M","E","R","M","T","M","?","R","M","M","R","BOSS"],"build_version":"2019-01-23","purchased_purges":0,"victory":false,"max_hp_per_floor":[80,80,80,80,80,80,80,80,80,80,85,85,85,85,85,85,85,85,85,85,85,85,85,85,85,85,85,85,85,85,85,85,85],"card_choices":[{"not_picked":["Havoc","Dropkick"],"picked":"Twin Strike","floor":1.0},{"not_picked":["Shrug It Off","Pommel Strike"],"picked":"Evolve","floor":3.0},{"not_picked":["Iron Wave","Searing Blow"],"picked":"Shrug It Off","floor":5.0},{"not_picked":["Intimidate","True Grit"],"picked":"Wild Strike","floor":7.0},{"not_picked":["Evolve","Anger"],"picked":"Demon Form","floor":10.0},{"not_picked":["Anger","True Grit"],"picked":"Wild Strike","floor":12.0},{"not_picked":["Flex","Clothesline","Sever Soul"],"picked":"SKIP","floor":14.0},{"not_picked":["Dark Embrace","Berserk"],"picked":"Double Tap","floor":16.0},{"not_picked":["Pommel Strike","Shrug It Off"],"picked":"True Grit","floor":17.0},{"not_picked":["Headbutt","Searing Blow"],"picked":"Metallicize","floor":17.0},{"not_picked":["Fire Breathing","Metallicize"],"picked":"Uppercut","floor":17.0},{"not_picked":["Anger","Warcry"],"picked":"Sword Boomerang","floor":17.0},{"not_picked":["Inflame","Second Wind"],"picked":"Perfected Strike","floor":18.0},{"not_picked":["Thunderclap","Blood for Blood+1"],"picked":"Headbutt+1","floor":19.0},{"not_picked":["Sword Boomerang","Pommel Strike"],"picked":"Pummel+1","floor":22.0},{"not_picked":["Heavy Blade+1","Flex","Fiend Fire"],"picked":"SKIP","floor":23.0},{"not_picked":["Twin Strike","Clothesline","Pommel Strike"],"picked":"SKIP","floor":25.0},{"not_picked":["Shockwave","Flex"],"picked":"Metallicize","floor":27.0},{"not_picked":["Metallicize","Corruption"],"picked":"Armaments","floor":30.0},{"not_picked":["Wild Strike","Infernal Blade"],"picked":"True Grit+1","floor":31.0}],"player_experience":560119,"relics_obtained":[{"floor":9.0,"key":"MawBank"},{"floor":10.0,"key":"Bag of Marbles"},{"floor":12.0,"key":"Thread and Needle"},{"floor":23.0,"key":"Juzu Bracelet"},{"floor":26.0,"key":"Bottled Tornado"}],"event_choices":[{"damage_healed":0.0,"max_hp_gain":0.0,"max_hp_loss":0.0,"gold_gain":0.0,"event_name":"Lab","player_choice":"Got Potions","floor":4.0,"gold_loss":0.0,"damage_taken":0.0},{"damage_healed":0.0,"max_hp_gain":5.0,"max_hp_loss":0.0,"gold_gain":0.0,"event_name":"Big Fish","player_choice":"Donut","floor":11.0,"gold_loss":0.0,"damage_taken":0.0},{"damage_healed":0.0,"max_hp_gain":0.0,"max_hp_loss":0.0,"gold_gain":0.0,"event_name":"The Woman in Blue","player_choice":"Bought 0 Potions","floor":13.0,"gold_loss":0.0,"damage_taken":0.0},{"cards_removed":["Strike_R"],"damage_healed":0.0,"max_hp_gain":0.0,"max_hp_loss":0.0,"gold_gain":0.0,"event_name":"Beggar","player_choice":"Gave Gold","floor":20.0,"gold_loss":75.0,"damage_taken":0.0},{"cards_removed":["Metallicize"],"damage_healed":70.0,"max_hp_gain":0.0,"max_hp_loss":0.0,"gold_gain":0.0,"event_name":"Bonfire Elementals","player_choice":"Offered Uncommon","floor":28.0,"gold_loss":0.0,"damage_taken":0.0}],"is_beta":false,"boss_relics":[{"not_picked":["Eternal Feather","Lizard Tail"],"picked":"Orrery"}],"items_purged_floors":[],"is_endless":false,"potions_floor_spawned":[7,12,14,18,22,27,31],"killed_by":"Collector","ascension_level":7}