{"gold_per_floor":[112,112,112,133,58,102,102,135,159,184,184,209,209,11,11,132,132,147,147,147,167,117,144,144,161,161,161,172,183,210,12,12,12],"floor_reached":33,"playtime":1462,"items_purged":["Defend_G","Strike_G","Strike_G","Strike_G"],"score":446,"play_id":"2cd89383-4ecf-46e1-b501-048922659cce","local_time":"20181215133045","is_ascension_mode":true,"campfire_choices":[{"floor":7,"key":"REST"},{"floor":13,"key":"REST"},{"data":"Catalyst","floor":15,"key":"SMITH"},{"floor":24,"key":"REST"},{"floor":27,"key":"REST"},{"floor":32,"key":"REST"}],"neow_cost":"NONE","seed_source_timestamp":625477143747422,"circlet_count":0,"master_deck":["Defend_G","Defend_G","Defend_G","Defend_G","Strike_G","Survivor","Neutralize","Catalyst+1","Deadly Poison","Noxious Fumes","Crippling Poison","Backflip","Noxious Fumes","Leg Sweep","Adrenaline"],"relics":["Ring of the Snake","NeowsBlessing","Bloody Idol","Art of War","Dodecahedron","Smiling Mask","Centennial Puzzle","Omamori","Happy Flower","Meat on the Bone","Mango","PreservedInsect"],"potions_floor_usage":[8,8,18,21,23,29,30],"damage_taken":[{"damage":0,"enemies":"Small Slimes","floor":1,"turns":1},{"damage":0,"enemies":"2 Louse","floor":4,"turns":1},{"damage":0,"enemies":"Lagavulin","floor":6,"turns":1},{"damage":28,"enemies":"Gremlin Nob","floor":8,"turns":4},{"damage":0,"enemies":"Cultist","floor":10,"turns":3},{"damage":6,"enemies":"2 Fungi Beasts","floor":12,"turns":3},{"damage":24,"enemies":"Slime Boss","floor":16,"turns":9},{"damage":0,"enemies":"Chosen","floor":18,"turns":5},{"damage":1,"enemies":"3 Byrds","floor":21,"turns":5},{"damage":53,"enemies":"Book of Stabbing","floor":23,"turns":7},{"damage":22,"enemies":"Centurion and Healer","floor":25,"turns":6},{"damage":15,"enemies":"Snecko","floor":28,"turns":5},{"damage":10,"enemies":"3 Cultists","floor":29,"turns":5},{"damage":21,"enemies":"Gremlin Leader","floor":30,"turns":5},{"damage":88,"enemies":"Champ","floor":33,"turns":12}],"seed_played":"-8299176158234770784","potions_obtained":[{"floor":1,"key":"Fire Potion"},{"floor":4,"key":"Swift Potion"},{"floor":10,"key":"LiquidBronze"},{"floor":12,"key":"EssenceOfSteel"},{"floor":18,"key":"SkillPotion"},{"floor":23,"key":"Fire Potion"},{"floor":25,"key":"SpeedPotion"}],"is_trial":false,"path_per_floor":["M","?","?","M","$","E","R","E","T","M","?","M","R","$","R","B",null,"M","?","?","M","$","E","R","M","T","R","M","M","E","$","R","B"],"character_chosen":"THE_SILENT","items_purchased":["Omamori","PreservedInsect"],"campfire_rested":5,"item_purchase_floors":[14,31],"current_hp_per_floor":[63,46,46,46,46,46,67,39,39,39,39,33,54,54,54,30,60,60,60,60,64,64,16,37,20,20,41,43,50,60,60,84,0],"gold":12,"neow_bonus":"THREE_ENEMY_KILL","is_prod":false,"is_daily":false,"chose_seed":false,"campfire_upgraded":1,"win_rate":0,"timestamp":1544877045,"path_taken":["M","?","?","?","$","E","R","E","T","M","?","M","R","$","R","BOSS","M","?","?","M","$","E","R","M","T","R","M","?","E","$","R","BOSS"],"build_version":"2018-12-13","purchased_purges":4,"victory":false,"max_hp_per_floor":[70,70,70,70,70,70,70,70,70,70,70,70,70,70,70,70,70,70,70,70,70,70,70,70,70,70,70,70,70,84,84,84,84],"card_choices":[{"not_picked":["Blur","Leg Sweep"],"picked":"Catalyst","floor":1},{"not_picked":["Dodge and Roll","Bane","Underhanded Strike"],"picked":"SKIP","floor":4},{"not_picked":["Caltrops","Prepared"],"picked":"Deadly Poison","floor":6},{"not_picked":["Caltrops","Quick Slash"],"picked":"Noxious Fumes","floor":8},{"not_picked":["Quick Slash","Riddle With Holes"],"picked":"Crippling Poison","floor":10},{"not_picked":["Acrobatics","Reflex","Blade Dance"],"picked":"SKIP","floor":12},{"not_picked":["Accuracy","Flechettes"],"picked":"Backflip","floor":18},{"not_picked":["Flying Knee","Reflex"],"picked":"Noxious Fumes","floor":21},{"not_picked":["Dagger Spray","Deadly Poison","Phantasmal Killer"],"picked":"SKIP","floor":23},{"not_picked":["Quick Slash","Infinite Blades+1","Heel Hook"],"picked":"SKIP","floor":25},{"not_picked":["Underhanded Strike+1","Dodge and Roll"],"picked":"Leg Sweep","floor":28},{"not_picked":["Backflip","PiercingWail"],"picked":"Adrenaline","floor":29},{"not_picked":["Calculated Gamble","Concentrate","Sucker Punch+1"],"picked":"SKIP","floor":30}],"player_experience":424514,"relics_obtained":[{"floor":6,"key":"Art of War"},{"floor":8,"key":"Dodecahedron"},{"floor":9,"key":"Smiling Mask"},{"floor":23,"key":"Happy Flower"},{"floor":26,"key":"Meat on the Bone"},{"floor":30,"key":"Mango"}],"event_choices":[{"damage_healed":0,"gold_gain":0,"player_choice":"Take Damage","damage_taken":17,"relics_obtained":["Golden Idol"],"max_hp_gain":0,"max_hp_loss":0,"event_name":"Golden Idol","floor":2,"gold_loss":0},{"cards_removed":["Strike_G"],"damage_healed":0,"gold_gain":0,"player_choice":"Offered Basic","damage_taken":0,"max_hp_gain":0,"max_hp_loss":0,"event_name":"Bonfire Elementals","floor":3,"gold_loss":0},{"damage_healed":0,"gold_gain":0,"player_choice":"Searched \u00272\u0027 times","damage_taken":0,"relics_obtained":["Centennial Puzzle"],"max_hp_gain":0,"max_hp_loss":0,"event_name":"Dead Adventurer","floor":11,"gold_loss":0},{"damage_healed":0,"gold_gain":0,"player_choice":"Ignored","damage_taken":0,"max_hp_gain":0,"max_hp_loss":0,"event_name":"Ghosts","floor":19,"gold_loss":0},{"damage_healed":0,"gold_gain":0,"player_choice":"Gave Idol","damage_taken":0,"relics_obtained":["Bloody Idol"],"max_hp_gain":0,"max_hp_loss":0,"event_name":"Forgotten Altar","floor":20,"relics_lost":["Golden Idol"],"gold_loss":0}],"is_beta":false,"boss_relics":[{"not_picked":["Coffee Dripper","Philosopher\u0027s Stone","Runic Dome"]}],"items_purged_floors":[5,14,22,31],"is_endless":false,"potions_floor_spawned":[1,4,10,12,18,23,25],"killed_by":"Champ","ascension_level":6}