{"gold_per_floor":[113,113,88,88,106,133,133,146,173,196,35,35,61,61,61,156,156,176,63,63,63,77,77,93,93],"floor_reached":25,"playtime":1207,"items_purged":["Pain"],"score":348,"play_id":"db67377a-179d-4fcd-96f0-b42d7137a989","local_time":"20190329200856","is_ascension_mode":true,"campfire_choices":[{"data":"Backstab","floor":7,"key":"SMITH"},{"floor":12,"key":"REST"},{"data":"Glass Knife","floor":15,"key":"SMITH"},{"data":"A Thousand Cuts","floor":23,"key":"SMITH"}],"neow_cost":"NONE","seed_source_timestamp":1561121479497053,"circlet_count":0,"master_deck":["AscendersBane","Defend_G","Defend_G","Defend_G","Defend_G","Defend_G","Strike_G","Strike_G","Strike_G","Strike_G","Strike_G","Survivor","Neutralize","Leg Sweep","Flying Knee","Backstab+1","Escape Plan","Blade Dance","Slice","Glass Knife+1","A Thousand Cuts+1","Storm of Steel","Slice+1","Skewer","Quick Slash","Dagger Spray"],"relics":["Ring of the Snake","NeowsBlessing","WarpedTongs","Bronze Scales","Blood Vial","Odd Mushroom","Dodecahedron","Sozu","Question Card"],"potions_floor_usage":[10,13,18],"damage_taken":[{"damage":0,"enemies":"2 Louse","floor":1,"turns":1},{"damage":0,"enemies":"Jaw Worm","floor":5,"turns":1},{"damage":0,"enemies":"Lagavulin","floor":6,"turns":1},{"damage":6,"enemies":"Cultist","floor":8,"turns":5},{"damage":12,"enemies":"The Mushroom Lair","floor":10,"turns":4},{"damage":7,"enemies":"3 Sentries","floor":13,"turns":5},{"damage":41,"enemies":"Slime Boss","floor":16,"turns":10},{"damage":9,"enemies":"Spheric Guardian","floor":18,"turns":3},{"damage":9,"enemies":"Colosseum Slavers","floor":20,"turns":4},{"damage":0,"enemies":"3 Byrds","floor":22,"turns":4},{"damage":24,"enemies":"Snake Plant","floor":24,"turns":3},{"damage":27,"enemies":"Centurion and Healer","floor":25,"turns":4}],"seed_played":"888902316122824340","potions_obtained":[{"floor":1,"key":"LiquidBronze"},{"floor":5,"key":"Block Potion"},{"floor":10,"key":"Explosive Potion"}],"is_trial":false,"path_per_floor":["M","?","$","?","M","E","R","M","T","?","$","R","E","?","R","B",null,"M","$","?","?","M","R","M","M"],"character_chosen":"THE_SILENT","items_purchased":["Flying Knee","Glass Knife","Skewer"],"campfire_rested":1,"item_purchase_floors":[3,11,19],"current_hp_per_floor":[63,63,63,63,63,63,63,57,57,47,47,68,63,63,63,24,59,52,52,45,45,47,47,25,0],"gold":93,"neow_bonus":"THREE_ENEMY_KILL","is_prod":false,"is_daily":false,"chose_seed":false,"campfire_upgraded":3,"win_rate":0,"timestamp":1553890136,"path_taken":["M","?","$","?","M","E","R","?","T","?","$","R","E","?","R","BOSS","M","$","?","?","M","R","M","M"],"build_version":"2019-01-23","purchased_purges":1,"victory":false,"max_hp_per_floor":[70,70,70,70,70,70,70,70,70,70,70,70,70,70,70,70,70,70,70,70,70,70,70,70,70],"card_choices":[{"not_picked":["Infinite Blades","Tactician"],"picked":"Leg Sweep","floor":1},{"not_picked":["Caltrops","Deadly Poison"],"picked":"Backstab","floor":5},{"not_picked":["Prepared","Deflect"],"picked":"Escape Plan","floor":6},{"not_picked":["Deflect","Flechettes"],"picked":"Blade Dance","floor":8},{"not_picked":["PiercingWail","Dagger Throw"],"picked":"Slice","floor":10},{"not_picked":["Quick Slash","Infinite Blades"],"picked":"A Thousand Cuts","floor":13},{"not_picked":["Wraith Form v2","Malaise"],"picked":"Storm of Steel","floor":16},{"not_picked":["Concentrate","Bane"],"picked":"Slice+1","floor":18},{"not_picked":["Catalyst","Underhanded Strike","Sucker Punch+1"],"picked":"Quick Slash","floor":22},{"not_picked":["Dash","Endless Agony","All Out Attack"],"picked":"Dagger Spray","floor":24}],"player_experience":1673430,"relics_obtained":[{"floor":6,"key":"Bronze Scales"},{"floor":9,"key":"Blood Vial"},{"floor":10,"key":"Odd Mushroom"},{"floor":13,"key":"Dodecahedron"}],"event_choices":[{"damage_healed":0,"gold_gain":0,"player_choice":"Ignored","damage_taken":0,"max_hp_gain":0,"max_hp_loss":0,"event_name":"Golden Wing","floor":2,"gold_loss":0},{"damage_healed":0,"gold_gain":0,"player_choice":"Rummage","damage_taken":0,"relics_obtained":["WarpedTongs"],"max_hp_gain":0,"max_hp_loss":0,"event_name":"Accursed Blacksmith","floor":4,"gold_loss":0,"cards_obtained":["Pain"]},{"damage_healed":0,"gold_gain":0,"player_choice":"Fought Mushrooms","damage_taken":0,"max_hp_gain":0,"max_hp_loss":0,"event_name":"Mushrooms","floor":10,"gold_loss":0},{"damage_healed":0,"gold_gain":0,"player_choice":"Ignored","damage_taken":0,"max_hp_gain":0,"max_hp_loss":0,"event_name":"Liars Game","floor":14,"gold_loss":0},{"damage_healed":0,"gold_gain":0,"player_choice":"Fight","damage_taken":0,"max_hp_gain":0,"max_hp_loss":0,"event_name":"Colosseum","floor":20,"gold_loss":0},{"damage_healed":0,"gold_gain":0,"player_choice":"Fled From Nobs","damage_taken":0,"max_hp_gain":0,"max_hp_loss":0,"event_name":"Colosseum","floor":20,"gold_loss":0},{"damage_healed":0,"gold_gain":0,"player_choice":"Opened","damage_taken":0,"relics_obtained":["Question Card"],"max_hp_gain":0,"max_hp_loss":0,"event_name":"The Mausoleum","floor":21,"gold_loss":0}],"is_beta":false,"boss_relics":[{"not_picked":["Orrery","Ring of the Serpent"],"picked":"Sozu"}],"items_purged_floors":[19],"is_endless":false,"potions_floor_spawned":[1,5,10,22,24],"killed_by":"Centurion and Healer","ascension_level":10}