{"gold_per_floor":[119,119,119,137,26,70,93,127,151,151,174,174,189,202,202,295,295,309,333,348,363,383,383,422,447,516,516,362,386,386,261,261,261],"floor_reached":33,"playtime":1317,"items_purged":["Strike_R","Rupture","True Grit"],"score":520,"play_id":"115345b3-f750-48d5-9f61-7ad651b23fcc","local_time":"20190506120044","is_ascension_mode":true,"campfire_choices":[{"data":"Double Tap","floor":15.0,"key":"SMITH"},{"data":"Uppercut","floor":23.0,"key":"SMITH"},{"data":"Flex","floor":30.0,"key":"SMITH"},{"floor":32.0,"key":"REST"}],"neow_cost":"NONE","seed_source_timestamp":40864292750403,"circlet_count":0,"master_deck":["AscendersBane","Strike_R","Strike_R","Strike_R","Defend_R","Defend_R","Defend_R","Defend_R","Bash","Clash","Heavy Blade","Inflame","Uppercut+1","Sword Boomerang","Spot Weakness","Double Tap+1","Reaper","Cleave+1","Disarm","Flex+1","Shrug It Off"],"special_seed":0,"relics":["Burning Blood","NeowsBlessing","Golden Idol","Art of War","Centennial Puzzle","Pen Nib","FaceOfCleric","Sozu","Peace Pipe"],"potions_floor_usage":[],"damage_taken":[{"damage":0.0,"enemies":"Cultist","floor":1.0,"turns":1.0},{"damage":0.0,"enemies":"Small Slimes","floor":4.0,"turns":1.0},{"damage":0.0,"enemies":"Gremlin Nob","floor":6.0,"turns":1.0},{"damage":7.0,"enemies":"Jaw Worm","floor":7.0,"turns":3.0},{"damage":20.0,"enemies":"3 Sentries","floor":8.0,"turns":7.0},{"damage":24.0,"enemies":"Exordium Thugs","floor":11.0,"turns":4.0},{"damage":17.0,"enemies":"Blue Slaver","floor":13.0,"turns":4.0},{"damage":4.0,"enemies":"Gremlin Gang","floor":14.0,"turns":5.0},{"damage":29.0,"enemies":"Hexaghost","floor":16.0,"turns":8.0},{"damage":3.0,"enemies":"Chosen","floor":18.0,"turns":3.0},{"damage":21.0,"enemies":"Shell Parasite","floor":19.0,"turns":3.0},{"damage":33.0,"enemies":"Centurion and Healer","floor":20.0,"turns":6.0},{"damage":38.0,"enemies":"Chosen and Byrds","floor":21.0,"turns":5.0},{"damage":9.0,"enemies":"Snecko","floor":22.0,"turns":4.0},{"damage":27.0,"enemies":"Book of Stabbing","floor":24.0,"turns":4.0},{"damage":8.0,"enemies":"Snake Plant","floor":25.0,"turns":2.0},{"damage":26.0,"enemies":"Colosseum Slavers","floor":27.0,"turns":4.0},{"damage":47.0,"enemies":"Chosen and Byrds","floor":29.0,"turns":7.0},{"damage":83,"enemies":"Automaton","floor":33,"turns":6}],"seed_played":"1832520134683354162","potions_obtained":[{"floor":1.0,"key":"Fire Potion"},{"floor":8.0,"key":"GamblersBrew"},{"floor":11.0,"key":"Weak Potion"}],"is_trial":false,"path_per_floor":["M","?","?","M","$","E","M","E","T","?","M","?","M","M","R","B",null,"M","M","M","M","M","R","E","M","T","?","$","M","R","$","R","B"],"character_chosen":"IRONCLAD","items_purchased":["Inflame","Shrug It Off"],"campfire_rested":1,"item_purchase_floors":[5,28],"current_hp_per_floor":[74,56,61,67,67,73,72,58,58,58,40,40,30,33,33,11,65,84,70,66,49,65,65,45,44,44,33,33,42,42,42,69,0],"gold":261,"neow_bonus":"THREE_ENEMY_KILL","is_prod":false,"is_daily":false,"chose_seed":false,"campfire_upgraded":3,"win_rate":0,"timestamp":1557111644,"path_taken":["M","?","?","M","$","E","M","E","T","?","?","?","M","M","R","BOSS","M","M","M","M","?","R","E","M","T","?","$","M","R","$","R","BOSS"],"build_version":"2019-01-23","purchased_purges":3,"victory":false,"max_hp_per_floor":[75,75,80,80,80,80,80,80,80,80,80,80,81,82,82,83,83,84,85,86,87,88,88,89,90,90,91,91,92,92,92,92,92],"card_choices":[{"not_picked":["Sentinel","Blood for Blood"],"picked":"Clash","floor":1.0},{"not_picked":["Rage","Dropkick"],"picked":"Heavy Blade","floor":4.0},{"not_picked":["Pommel Strike","Perfected Strike"],"picked":"Uppercut","floor":6.0},{"not_picked":["Twin Strike","Sentinel"],"picked":"Sword Boomerang","floor":7.0},{"not_picked":["Clothesline","Dropkick"],"picked":"True Grit","floor":8.0},{"not_picked":["Ghostly Armor","Armaments"],"picked":"Spot Weakness","floor":11.0},{"not_picked":["Burning Pact","Fire Breathing","Entrench"],"picked":"SKIP","floor":13.0},{"not_picked":["Dropkick","Clothesline"],"picked":"Double Tap","floor":14.0},{"not_picked":["Immolate","Feed"],"picked":"Reaper","floor":16.0},{"not_picked":["Perfected Strike","Ghostly Armor"],"picked":"Cleave+1","floor":18.0},{"not_picked":["Iron Wave","Wild Strike"],"picked":"Disarm","floor":19.0},{"not_picked":["Wild Strike","Carnage","Spot Weakness"],"picked":"SKIP","floor":20.0},{"not_picked":["Iron Wave","Warcry","Hemokinesis"],"picked":"SKIP","floor":21.0},{"not_picked":["Wild Strike","Hemokinesis+1"],"picked":"Flex","floor":22.0},{"not_picked":["Second Wind","Fiend Fire","Twin Strike"],"picked":"SKIP","floor":24.0},{"not_picked":["Clothesline","Warcry","Flex"],"picked":"SKIP","floor":25.0},{"not_picked":["Cleave","Infernal Blade","Body Slam"],"picked":"SKIP","floor":29.0}],"player_experience":530759,"relics_obtained":[{"floor":6.0,"key":"Art of War"},{"floor":8.0,"key":"Centennial Puzzle"},{"floor":9.0,"key":"Pen Nib"},{"floor":24.0,"key":"Peace Pipe"}],"event_choices":[{"damage_healed":0.0,"max_hp_gain":0.0,"max_hp_loss":0.0,"gold_gain":0.0,"event_name":"Golden Idol","player_choice":"Take Damage","floor":2.0,"gold_loss":0.0,"damage_taken":18.0,"relics_obtained":["Golden Idol"]},{"damage_healed":0.0,"max_hp_gain":5.0,"max_hp_loss":0.0,"gold_gain":0.0,"event_name":"Big Fish","player_choice":"Donut","floor":3.0,"gold_loss":0.0,"damage_taken":0.0},{"damage_healed":0.0,"max_hp_gain":0.0,"max_hp_loss":0.0,"gold_gain":0.0,"cards_transformed":["Strike_R"],"event_name":"Transmorgrifier","player_choice":"Transformed","floor":10.0,"gold_loss":0.0,"damage_taken":0.0,"cards_obtained":["Rupture"]},{"damage_healed":0.0,"max_hp_gain":0.0,"max_hp_loss":0.0,"gold_gain":0.0,"event_name":"FaceTrader","player_choice":"Trade","floor":12.0,"gold_loss":0.0,"damage_taken":0.0,"relics_obtained":["FaceOfCleric"]},{"damage_healed":0.0,"max_hp_gain":0.0,"max_hp_loss":0.0,"gold_gain":0.0,"event_name":"Colosseum","player_choice":"Fight","floor":27.0,"gold_loss":0.0,"damage_taken":0.0},{"damage_healed":0.0,"max_hp_gain":0.0,"max_hp_loss":0.0,"gold_gain":0.0,"event_name":"Colosseum","player_choice":"Fled From Nobs","floor":27.0,"gold_loss":0.0,"damage_taken":0.0}],"is_beta":false,"boss_relics":[{"not_picked":["Black Blood","Orrery"],"picked":"Sozu"}],"items_purged_floors":[5,28,31],"is_endless":false,"potions_floor_spawned":[1,8,11,19,20,21,27,29],"killed_by":"Automaton","ascension_level":14}