{"gold_per_floor":[362,38,50,63,82,111,124,124,124,124,124,157,157,172,172,292,292,311,311,334,259,274,274,49,68,118,118,137,137,168,183,183,308,308,331,354,378,378],"floor_reached":38,"playtime":1671,"items_purged":["Strike_R"],"score":640,"play_id":"813cb3cf-9f9d-4613-9fa9-f0933b95c8bd","local_time":"20190405132654","is_ascension_mode":true,"campfire_choices":[{"data":"Inflame","floor":8,"key":"SMITH"},{"floor":11,"key":"REST"},{"floor":15,"key":"REST"},{"floor":23,"key":"REST"},{"floor":29,"key":"REST"},{"floor":32,"key":"REST"}],"neow_cost":"PERCENT_DAMAGE","seed_source_timestamp":0,"circlet_count":0,"master_deck":["AscendersBane","Strike_R","Strike_R","Strike_R","Defend_R","Defend_R","Defend_R","Defend_R","Bash","Wild Strike","Inflame","Disarm","Armaments","Twin Strike+1","Anger+1","Inflame+1","Offering","Feed+1","Blood for Blood+1","Feel No Pain","Pummel+1","Flame Barrier","Dramatic Entrance+1","Havoc","Uppercut+1","Cleave+1","Clothesline+1","Immolate+1","Pain","Clumsy","Regret","Second Wind+1"],"special_seed":0,"relics":["Burning Blood","Molten Egg 2","Blue Candle","The Courier","Golden Idol","Magic Flower","Snecko Eye","Blood Vial","Ornamental Fan","Calling Bell","Vajra","Sundial","Ice Cream"],"potions_floor_usage":[16,22,33,33],"damage_taken":[{"damage":9.0,"enemies":"Jaw Worm","floor":1.0,"turns":4.0},{"damage":7.0,"enemies":"Small Slimes","floor":3.0,"turns":4.0},{"damage":6.0,"enemies":"2 Louse","floor":4.0,"turns":3.0},{"damage":7.0,"enemies":"Looter","floor":5.0,"turns":3.0},{"damage":16.0,"enemies":"Gremlin Nob","floor":6.0,"turns":4.0},{"damage":5,"enemies":"Gremlin Gang","floor":7,"turns":4},{"damage":41,"enemies":"3 Sentries","floor":12,"turns":6},{"damage":14,"enemies":"Red Slaver","floor":14,"turns":3},{"damage":23,"enemies":"Hexaghost","floor":16,"turns":8},{"damage":19,"enemies":"Chosen","floor":18,"turns":4},{"damage":34,"enemies":"Shell Parasite","floor":20,"turns":3},{"damage":31,"enemies":"Shelled Parasite and Fungi","floor":22,"turns":6},{"damage":22,"enemies":"Chosen and Byrds","floor":25,"turns":5},{"damage":30,"enemies":"Snake Plant","floor":28,"turns":4},{"damage":23,"enemies":"Book of Stabbing","floor":30,"turns":4},{"damage":8,"enemies":"Snecko","floor":31,"turns":4},{"damage":55,"enemies":"Champ","floor":33,"turns":9},{"damage":28,"enemies":"3 Darklings","floor":35,"turns":3},{"damage":3,"enemies":"Orb Walker","floor":36,"turns":2},{"damage":72,"enemies":"Spire Growth","floor":37,"turns":6},{"damage":20,"enemies":"3 Darklings","floor":38,"turns":3}],"seed_played":"4161106260139979122","potions_obtained":[{"floor":4.0,"key":"Dexterity Potion"},{"floor":5.0,"key":"Block Potion"},{"floor":14,"key":"FearPotion"},{"floor":16,"key":"SpeedPotion"},{"floor":22,"key":"Ancient Potion"},{"floor":25,"key":"Energy Potion"},{"floor":30,"key":"Block Potion"},{"floor":33,"key":"SteroidPotion"},{"floor":37,"key":"Energy Potion"}],"is_trial":false,"path_per_floor":["M","$","M","M","M","E","M","R","T","?","R","E","?","M","R","B",null,"M","?","M","?","M","R","$","M","T","?","M","R","E","M","R","B",null,"M","M","M","M"],"character_chosen":"IRONCLAD","items_purchased":["Molten Egg 2","Inflame","Flame Barrier","Dramatic Entrance+1","Havoc"],"campfire_rested":5,"item_purchase_floors":[2,2,24,24,24],"current_hp_per_floor":[48,48,47,47,46,36,37,37,37,37,61,26,26,21,45,31,68,64,64,39,39,17,42,42,35,35,35,17,43,32,42,69,26,76,60,75,15,0],"gold":378,"neow_bonus":"TWO_FIFTY_GOLD","is_prod":false,"is_daily":false,"chose_seed":false,"campfire_upgraded":1,"win_rate":0,"timestamp":1554496014,"path_taken":["M","$","M","M","M","E","M","R","T","?","R","E","?","M","R","BOSS","M","?","M","?","M","R","$","M","T","?","M","R","E","M","R","BOSS","M","M","M","M"],"build_version":"2019-01-23","purchased_purges":1,"victory":false,"max_hp_per_floor":[80,80,80,80,80,80,80,80,80,80,80,80,80,80,80,80,80,84,84,84,84,84,84,84,88,88,88,88,88,88,92,92,92,92,92,96,96,96],"card_choices":[{"not_picked":["Combust","Body Slam"],"picked":"Wild Strike","floor":1.0},{"not_picked":["Cleave+1","Flex"],"picked":"Disarm","floor":3.0},{"not_picked":["Combust","Pommel Strike+1"],"picked":"Armaments","floor":4.0},{"not_picked":["Iron Wave+1","Warcry"],"picked":"Twin Strike+1","floor":5.0},{"not_picked":["Pommel Strike+1","Battle Trance"],"picked":"Anger+1","floor":6.0},{"not_picked":["Reckless Charge+1","Flex"],"picked":"Inflame","floor":7},{"not_picked":["Searing Blow+1","Thunderclap+1","Burning Pact"],"picked":"SKIP","floor":12},{"not_picked":["Perfected Strike+1","True Grit"],"picked":"Offering","floor":14},{"not_picked":["Juggernaut","Offering"],"picked":"Feed+1","floor":16},{"not_picked":["Wild Strike+1","Rupture"],"picked":"Blood for Blood+1","floor":18},{"not_picked":["Wild Strike+1","Battle Trance"],"picked":"Feel No Pain","floor":20},{"not_picked":["Havoc","Perfected Strike+1"],"picked":"Pummel+1","floor":22},{"not_picked":["Rage","Twin Strike+1"],"picked":"Uppercut+1","floor":25},{"not_picked":["Sword Boomerang+1","Pommel Strike+1","Combust"],"picked":"SKIP","floor":28},{"not_picked":["Searing Blow+1","True Grit"],"picked":"Cleave+1","floor":30},{"not_picked":["Burning Pact","Cleave+1"],"picked":"Clothesline+1","floor":31},{"not_picked":["Dark Embrace","Brutality"],"picked":"Immolate+1","floor":33},{"not_picked":["Body Slam+1","Sever Soul+1","Cleave+1"],"picked":"SKIP","floor":35},{"not_picked":["Warcry","Flex"],"picked":"Second Wind+1","floor":36},{"not_picked":["Dual Wield","Burning Pact+1","Flex+1"],"picked":"SKIP","floor":37}],"player_experience":375575,"relics_obtained":[{"floor":6.0,"key":"Blue Candle"},{"floor":9,"key":"The Courier"},{"floor":12,"key":"Magic Flower"},{"floor":26,"key":"Blood Vial"},{"floor":30,"key":"Ornamental Fan"},{"floor":34,"key":"Vajra"},{"floor":34,"key":"Sundial"},{"floor":34,"key":"Ice Cream"}],"event_choices":[{"damage_healed":0,"gold_gain":0,"player_choice":"Take Wound","damage_taken":0,"relics_obtained":["Golden Idol"],"max_hp_gain":0,"max_hp_loss":0,"event_name":"Golden Idol","floor":10,"gold_loss":0,"cards_obtained":["Injury"]},{"damage_healed":0,"gold_gain":0,"player_choice":"Ignored","damage_taken":0,"max_hp_gain":0,"max_hp_loss":0,"event_name":"Shining Light","floor":13,"gold_loss":0},{"cards_removed":["Injury"],"damage_healed":0,"gold_gain":0,"player_choice":"Elegance","damage_taken":0,"max_hp_gain":0,"max_hp_loss":0,"event_name":"Back to Basics","floor":19,"gold_loss":0},{"cards_removed":["Strike_R"],"damage_healed":0,"gold_gain":0,"player_choice":"Gave Gold","damage_taken":0,"max_hp_gain":0,"max_hp_loss":0,"event_name":"Beggar","floor":21,"gold_loss":75},{"damage_healed":0,"gold_gain":0,"player_choice":"Ignored","damage_taken":0,"max_hp_gain":0,"max_hp_loss":0,"event_name":"Ghosts","floor":27,"gold_loss":0}],"is_beta":false,"boss_relics":[{"not_picked":["Astrolabe","Lizard Tail"],"picked":"Snecko Eye"},{"not_picked":["Pandora\u0027s Box","Eternal Feather"],"picked":"Calling Bell"}],"items_purged_floors":[24],"is_endless":false,"potions_floor_spawned":[4,5,14,16,22,25,30,33,37],"killed_by":"3 Darklings","ascension_level":10}