{"gold_per_floor":[110,122,122,136,155,155,174,174,174,185,199,13,25,42,42,145,145,160,178,178,189,203,203,221,221],"floor_reached":25,"playtime":2047,"items_purged":[],"score":266,"play_id":"00e8967d-80b7-4c3a-b069-a11d3e297904","local_time":"20190313003204","is_ascension_mode":true,"campfire_choices":[{"data":"Chaos","floor":6,"key":"SMITH"},{"data":"Redo","floor":8,"key":"SMITH"},{"data":"Coolheaded","floor":15,"key":"SMITH"},{"data":"Creative AI","floor":23,"key":"SMITH"}],"neow_cost":"NONE","seed_source_timestamp":744132863062184,"circlet_count":0,"master_deck":["Strike_B","Strike_B","Strike_B","Strike_B","Defend_B","Defend_B","Defend_B","Defend_B","Zap+1","Dualcast","Finesse","BootSequence","Doom and Gloom","Chaos+1","Redo+1","Ball Lightning","Self Repair","Hologram","Capacitor","Rainbow","Conserve Battery","Redo","Coolheaded+1","Core Surge","Tempest","Compile Driver+1","Barrage+1","Creative AI+1","Stack"],"relics":["Cracked Core","Bottled Lightning","Nloth\u0027s Gift"],"potions_floor_usage":[7,7,19,24,25],"damage_taken":[{"damage":0,"enemies":"Cultist","floor":1,"turns":4},{"damage":0,"enemies":"2 Louse","floor":2,"turns":3},{"damage":0,"enemies":"Small Slimes","floor":4,"turns":2},{"damage":3,"enemies":"Red Slaver","floor":5,"turns":3},{"damage":5,"enemies":"Gremlin Gang","floor":7,"turns":3},{"damage":0,"enemies":"Lots of Slimes","floor":10,"turns":2},{"damage":0,"enemies":"Exordium Wildlife","floor":11,"turns":4},{"damage":0,"enemies":"Blue Slaver","floor":13,"turns":2},{"damage":0,"enemies":"Large Slime","floor":14,"turns":4},{"damage":0,"enemies":"Slime Boss","floor":16,"turns":10},{"damage":0,"enemies":"Chosen","floor":18,"turns":4},{"damage":19,"enemies":"Spheric Guardian","floor":19,"turns":4},{"damage":14,"enemies":"Snecko","floor":21,"turns":5},{"damage":15,"enemies":"Chosen and Byrds","floor":22,"turns":5},{"damage":10,"enemies":"Sentry and Sphere","floor":24,"turns":7},{"damage":62,"enemies":"Gremlin Leader","floor":25,"turns":10}],"seed_played":"6946309582368342377","potions_obtained":[{"floor":2,"key":"Strength Potion"},{"floor":5,"key":"Fire Potion"},{"floor":10,"key":"Strength Potion"},{"floor":11,"key":"FearPotion"},{"floor":14,"key":"Weak Potion"},{"floor":19,"key":"FearPotion"},{"floor":22,"key":"Block Potion"},{"floor":24,"key":"Ancient Potion"}],"is_trial":false,"path_per_floor":["M","M","?","M","M","R","M","R","T","M","M","$","M","M","R","B",null,"M","M","?","M","M","R","M","E"],"character_chosen":"DEFECT","items_purchased":["Capacitor","Rainbow","Conserve Battery"],"campfire_rested":0,"item_purchase_floors":[12,12,12],"current_hp_per_floor":[75,75,75,75,72,72,67,67,67,67,74,74,74,75,75,75,75,75,63,63,56,48,48,45,0],"gold":221,"neow_bonus":"RANDOM_COLORLESS","is_prod":false,"is_daily":false,"chose_seed":false,"campfire_upgraded":4,"win_rate":0,"timestamp":1552404724,"path_taken":["M","M","?","M","M","R","M","R","T","M","M","$","M","M","R","BOSS","M","M","?","?","M","R","M","E"],"build_version":"2019-01-23","purchased_purges":0,"victory":false,"max_hp_per_floor":[75,75,75,75,75,75,75,75,75,75,75,75,75,75,75,75,75,75,75,75,75,75,75,75,75],"card_choices":[{"not_picked":["Streamline","Leap"],"picked":"BootSequence","floor":1},{"not_picked":["Beam Cell","Fusion"],"picked":"Doom and Gloom","floor":2},{"not_picked":["Steam","Loop"],"picked":"Chaos","floor":4},{"not_picked":["Rebound","Stack"],"picked":"Redo","floor":5},{"not_picked":["Reboot","Turbo"],"picked":"Ball Lightning","floor":7},{"not_picked":["Leap","Sweeping Beam"],"picked":"Self Repair","floor":10},{"not_picked":["Rebound","Conserve Battery"],"picked":"Hologram","floor":11},{"not_picked":["Double Energy","Lockon"],"picked":"Redo","floor":13},{"not_picked":["Go for the Eyes","Rebound"],"picked":"Coolheaded","floor":14},{"not_picked":["Creative AI","Buffer"],"picked":"Core Surge","floor":16},{"not_picked":["Redo","Turbo"],"picked":"Tempest","floor":18},{"not_picked":["Beam Cell","Sweeping Beam"],"picked":"Compile Driver+1","floor":19},{"not_picked":["Beam Cell","Go for the Eyes"],"picked":"Barrage+1","floor":21},{"not_picked":["Self Repair","Steam Power"],"picked":"Creative AI","floor":22},{"not_picked":["Aggregate","Compile Driver"],"picked":"Stack","floor":24}],"player_experience":82936,"relics_obtained":[{"floor":9,"key":"Bottled Lightning"}],"event_choices":[{"damage_healed":0,"gold_gain":0,"player_choice":"Grow","damage_taken":0,"max_hp_gain":0,"max_hp_loss":0,"event_name":"Living Wall","floor":3,"gold_loss":0,"cards_upgraded":["Zap"]},{"damage_healed":0,"gold_gain":0,"player_choice":"Traded Relic","damage_taken":0,"relics_obtained":["Nloth\u0027s Gift"],"max_hp_gain":0,"max_hp_loss":0,"event_name":"N\u0027loth","floor":20,"relics_lost":["Lizard Tail"],"gold_loss":0}],"is_beta":false,"boss_relics":[{"not_picked":["Coffee Dripper","Philosopher\u0027s Stone"],"picked":"Lizard Tail"}],"items_purged_floors":[],"is_endless":false,"potions_floor_spawned":[2,5,10,11,14,18,19,22,24],"killed_by":"Gremlin Leader","ascension_level":1}