{"gold_per_floor":[118,118,129,1,12,12,39,39,90,109,129,144,176,196,196,294,294,312,46,62,97,113,113,127,127],"floor_reached":25,"playtime":1071,"items_purged":["Dark Embrace","Defend_R"],"score":326,"play_id":"b0f0bfeb-810f-4060-9b25-992d7ff5d6b8","local_time":"20190427225820","is_ascension_mode":true,"campfire_choices":[{"data":"Cleave","floor":6.0,"key":"SMITH"},{"floor":15.0,"key":"REST"},{"floor":23.0,"key":"REST"}],"neow_cost":"TEN_PERCENT_HP_LOSS","seed_source_timestamp":1258016860901731,"circlet_count":0,"master_deck":["AscendersBane","Strike_R","Strike_R","Strike_R","Strike_R","Defend_R","Defend_R","Defend_R","Bash","Battle Trance","Shockwave","Cleave+1","Twin Strike","Double Tap","Blood for Blood","Metallicize","Perfected Strike","Headbutt","Pommel Strike","Shrug It Off","Exhume","True Grit","Armaments","Perfected Strike","Battle Trance+1","Demon Form","Flame Barrier","Perfected Strike"],"special_seed":0,"relics":["Burning Blood","StoneCalendar","Boot","Ancient Tea Set","Dream Catcher","White Beast Statue","Membership Card","Red Mask"],"potions_floor_usage":[25,25,25],"damage_taken":[{"damage":7.0,"enemies":"Small Slimes","floor":1.0,"turns":3.0},{"damage":3.0,"enemies":"2 Louse","floor":3.0,"turns":3.0},{"damage":1.0,"enemies":"Cultist","floor":5.0,"turns":3.0},{"damage":30.0,"enemies":"3 Sentries","floor":7.0,"turns":7.0},{"damage":0.0,"enemies":"3 Louse","floor":10.0,"turns":1.0},{"damage":8.0,"enemies":"Looter","floor":11.0,"turns":2.0},{"damage":0.0,"enemies":"Large Slime","floor":12.0,"turns":6.0},{"damage":34.0,"enemies":"Gremlin Nob","floor":13.0,"turns":5.0},{"damage":16.0,"enemies":"Blue Slaver","floor":14.0,"turns":4.0},{"damage":24.0,"enemies":"The Guardian","floor":16.0,"turns":9.0},{"damage":19.0,"enemies":"Spheric Guardian","floor":18.0,"turns":4.0},{"damage":23.0,"enemies":"Chosen","floor":20.0,"turns":5.0},{"damage":10.0,"enemies":"Masked Bandits","floor":21.0,"turns":3.0},{"damage":23.0,"enemies":"Centurion and Healer","floor":22.0,"turns":7.0},{"damage":25.0,"enemies":"Sentry and Sphere","floor":24.0,"turns":5.0},{"damage":18,"enemies":"Book of Stabbing","floor":25,"turns":4}],"seed_played":"-8767541144578353887","potions_obtained":[{"floor":1.0,"key":"Explosive Potion"},{"floor":5.0,"key":"GamblersBrew"},{"floor":7.0,"key":"Fruit Juice"},{"floor":16.0,"key":"PowerPotion"},{"floor":18.0,"key":"SpeedPotion"},{"floor":20.0,"key":"Explosive Potion"},{"floor":21.0,"key":"SteroidPotion"},{"floor":22.0,"key":"Strength Potion"},{"floor":24.0,"key":"GamblersBrew"}],"is_trial":false,"path_per_floor":["M","?","M","$","M","R","E","$","T","M","M","M","E","M","R","B",null,"M","$","M","?","M","R","M","E"],"character_chosen":"IRONCLAD","items_purchased":["Cleave","Membership Card","Armaments"],"campfire_rested":2,"item_purchase_floors":[4,19,19],"current_hp_per_floor":[71,71,72,72,72,72,53,53,53,59,57,63,35,25,48,30,65,52,52,35,31,14,37,18,0],"gold":127,"neow_bonus":"ONE_RARE_RELIC","is_prod":false,"is_daily":false,"chose_seed":false,"campfire_upgraded":1,"win_rate":0,"timestamp":1556373500,"path_taken":["M","?","M","$","M","R","E","$","T","M","M","M","E","M","R","BOSS","M","$","M","?","M","R","M","E"],"build_version":"2019-01-23","purchased_purges":2,"victory":false,"max_hp_per_floor":[72,72,72,72,72,72,77,77,77,77,77,77,77,77,77,77,77,77,77,77,77,77,77,77,77],"card_choices":[{"not_picked":["Sever Soul","Wild Strike"],"picked":"Battle Trance","floor":1.0},{"not_picked":["Carnage","Iron Wave"],"picked":"Shockwave","floor":3.0},{"not_picked":["Clash","Rupture"],"picked":"Twin Strike","floor":5.0},{"not_picked":["Pommel Strike","Anger"],"picked":"Double Tap","floor":7.0},{"not_picked":["Cleave","Combust"],"picked":"Blood for Blood","floor":10.0},{"not_picked":["Heavy Blade","Twin Strike"],"picked":"Metallicize","floor":11.0},{"not_picked":["Pommel Strike","Whirlwind"],"picked":"Perfected Strike","floor":12.0},{"not_picked":["Iron Wave","Pummel"],"picked":"Headbutt","floor":13.0},{"not_picked":["Body Slam","Thunderclap"],"picked":"Pommel Strike","floor":14.0},{"not_picked":["Searing Blow","Dropkick"],"picked":"Shrug It Off","floor":15.0},{"not_picked":["Berserk","Dark Embrace"],"picked":"Exhume","floor":16.0},{"not_picked":["Warcry","Cleave"],"picked":"True Grit","floor":18.0},{"not_picked":["Sever Soul","Heavy Blade+1"],"picked":"Perfected Strike","floor":20.0},{"not_picked":["Inflame","Havoc"],"picked":"Battle Trance+1","floor":21.0},{"not_picked":["Flex","Headbutt"],"picked":"Demon Form","floor":22.0},{"not_picked":["Ghostly Armor","Warcry"],"picked":"Flame Barrier","floor":23.0},{"not_picked":["Iron Wave","Cleave"],"picked":"Perfected Strike","floor":24.0}],"player_experience":445595,"relics_obtained":[{"floor":7.0,"key":"Boot"},{"floor":9.0,"key":"Ancient Tea Set"},{"floor":13.0,"key":"Dream Catcher"},{"floor":21.0,"key":"Red Mask"}],"event_choices":[{"damage_healed":0.0,"max_hp_gain":0.0,"max_hp_loss":0.0,"gold_gain":0.0,"cards_transformed":["Strike_R"],"event_name":"Living Wall","player_choice":"Change","floor":2.0,"gold_loss":0.0,"damage_taken":0.0,"cards_obtained":["Dark Embrace"]},{"damage_healed":0.0,"max_hp_gain":0.0,"max_hp_loss":0.0,"gold_gain":0.0,"event_name":"Masked Bandits","player_choice":"Fought Bandits","floor":21.0,"gold_loss":0.0,"damage_taken":0.0}],"is_beta":false,"boss_relics":[{"not_picked":["Runic Pyramid","Philosopher\u0027s Stone"],"picked":"White Beast Statue"}],"items_purged_floors":[4,19],"is_endless":false,"potions_floor_spawned":[1,5,7,16,18,20,21,22,24],"killed_by":"Book of Stabbing","ascension_level":10}