{"gold_per_floor":[119,138,157,15,15,15,15,29,29,29,355,375,375,650,650,724,724,742,754,754],"floor_reached":20,"playtime":807,"items_purged":[],"score":305,"play_id":"27ddce8a-e6c0-4f46-bc56-d42035078ad9","local_time":"20190416102515","is_ascension_mode":true,"campfire_choices":[{"data":"Metallicize","floor":6,"key":"SMITH"},{"data":"Flame Barrier","floor":10,"key":"SMITH"},{"data":"Spot Weakness","floor":13,"key":"SMITH"},{"floor":15,"key":"REST"}],"neow_cost":"NONE","seed_source_timestamp":141317157106775,"circlet_count":0,"master_deck":["AscendersBane","Bash","Spot Weakness+1","Metallicize+1","Blood for Blood","Headbutt","Shrug It Off","Flame Barrier+1","Cleave","Intimidate","Regret","Demon Form","Rage","Dual Wield","Iron Wave","Exhume","Flame Barrier","Carnage","Pummel","Dark Embrace","Dark Embrace","True Grit","Intimidate"],"relics":["Burning Blood","Bottled Tornado","Old Coin","Pandora\u0027s Box"],"potions_floor_usage":[11,16,16,19,20],"damage_taken":[{"damage":1,"enemies":"Cultist","floor":1,"turns":3},{"damage":12,"enemies":"Jaw Worm","floor":2,"turns":2},{"damage":8,"enemies":"Small Slimes","floor":3,"turns":4},{"damage":20,"enemies":"Exordium Thugs","floor":8,"turns":5},{"damage":26,"enemies":"Lagavulin","floor":11,"turns":8},{"damage":13,"enemies":"Large Slime","floor":12,"turns":9},{"damage":43,"enemies":"Slime Boss","floor":16,"turns":16},{"damage":27,"enemies":"Shell Parasite","floor":18,"turns":5},{"damage":26,"enemies":"Spheric Guardian","floor":19,"turns":9},{"damage":29,"enemies":"Snecko","floor":20,"turns":3}],"seed_played":"-5741512109041346042","potions_obtained":[{"floor":2,"key":"Weak Potion"},{"floor":11,"key":"Dexterity Potion"},{"floor":16,"key":"Explosive Potion"},{"floor":18,"key":"Block Potion"}],"is_trial":false,"path_per_floor":["M","M","M","$","?","R","?","M","T","R","E","M","R","?","R","B",null,"M","M","M"],"character_chosen":"IRONCLAD","items_purchased":["Headbutt","Shrug It Off","PowerPotion"],"campfire_rested":1,"item_purchase_floors":[4,4,4],"current_hp_per_floor":[80,74,72,72,72,72,82,68,68,68,48,41,41,41,65,28,69,48,28,0],"gold":754,"neow_bonus":"TEN_PERCENT_HP_BONUS","is_prod":false,"is_daily":false,"chose_seed":false,"campfire_upgraded":3,"win_rate":0,"timestamp":1555435515,"path_taken":["M","?","M","$","?","R","?","M","T","R","E","?","R","?","R","BOSS","M","M","M"],"build_version":"2019-01-23","purchased_purges":0,"victory":false,"max_hp_per_floor":[82,82,82,82,82,82,82,82,82,82,82,82,82,82,82,82,82,82,82,82],"card_choices":[{"not_picked":["Cleave","Clash"],"picked":"Spot Weakness","floor":1},{"not_picked":["Anger","Evolve"],"picked":"Metallicize","floor":2},{"not_picked":["Wild Strike","Intimidate"],"picked":"Blood for Blood","floor":3},{"not_picked":["Anger","Body Slam"],"picked":"Flame Barrier","floor":8},{"not_picked":["Heavy Blade","Pommel Strike"],"picked":"Cleave","floor":11},{"not_picked":["Pommel Strike","Dropkick"],"picked":"Intimidate","floor":12},{"not_picked":["Exhume","Berserk"],"picked":"Demon Form","floor":16},{"not_picked":["Shrug It Off","Clash"],"picked":"True Grit","floor":18},{"not_picked":["Cleave","Dropkick+1"],"picked":"Intimidate","floor":19}],"player_experience":440657,"relics_obtained":[{"floor":9,"key":"Bottled Tornado"},{"floor":11,"key":"Old Coin"}],"event_choices":[{"damage_healed":0,"gold_gain":0,"player_choice":"Ignored","damage_taken":0,"max_hp_gain":0,"max_hp_loss":0,"event_name":"Liars Game","floor":5,"gold_loss":0},{"damage_healed":10,"gold_gain":0,"player_choice":"Full Heal","damage_taken":0,"max_hp_gain":0,"max_hp_loss":0,"event_name":"Wheel of Change","floor":7,"gold_loss":0},{"damage_healed":0,"gold_gain":275,"player_choice":"Desecrate","damage_taken":0,"max_hp_gain":0,"max_hp_loss":0,"event_name":"Golden Shrine","floor":14,"gold_loss":0,"cards_obtained":["Regret"]}],"is_beta":false,"boss_relics":[{"not_picked":["Cursed Key","Orrery"],"picked":"Pandora\u0027s Box"}],"items_purged_floors":[],"is_endless":false,"potions_floor_spawned":[2,11,16,18],"killed_by":"Snecko","ascension_level":15}