{"gold_per_floor":[116,191,205,13,13,39,39,52,134,161,186,186,206,77,77,177,177,189,50,62,82,82,82,82,82,82,82,82,96,21,41,41,141,141,161,61,61,80,92,92,111,141,141,141,159,159,159,179,179,179],"floor_reached":51,"playtime":3071,"items_purged":["Strike_R","Strike_R","Strike_R"],"score":885,"play_id":"07c6714a-f30d-43c7-95c7-79d6b0915239","local_time":"20190203152832","is_ascension_mode":false,"campfire_choices":[{"data":"Entrench","floor":7,"key":"SMITH"},{"data":"Body Slam","floor":12,"key":"SMITH"},{"floor":15,"key":"REST"},{"floor":23,"key":"REST"},{"data":"Barricade","floor":25,"key":"SMITH"},{"data":"Entrench","floor":28,"key":"SMITH"},{"data":"Shrug It Off","floor":32,"key":"SMITH"},{"data":"Body Slam","floor":40,"key":"SMITH"},{"data":"Offering","floor":44,"key":"SMITH"},{"data":"Shrug It Off","floor":47,"key":"SMITH"},{"floor":49,"key":"REST"}],"neow_cost":"NONE","seed_source_timestamp":0,"circlet_count":0,"master_deck":["Defend_R","Defend_R","Defend_R","Defend_R","Bash","Body Slam+1","Entrench+1","Shrug It Off","Shrug It Off+1","Barricade+1","Shrug It Off+1","Offering+1","Body Slam+1"],"special_seed":0,"relics":["Burning Blood","NeowsBlessing","Regal Pillow","Happy Flower","Matryoshka","Odd Mushroom","Singing Bowl","Lizard Tail","Mercury Hourglass","Torii","Centennial Puzzle","The Courier","Black Star","Strawberry","Ginger","FossilizedHelix"],"potions_floor_usage":[11,16,42,42,42,50],"damage_taken":[{"damage":0.0,"enemies":"Jaw Worm","floor":1.0,"turns":1.0},{"damage":0,"enemies":"Small Slimes","floor":3,"turns":1},{"damage":0,"enemies":"Gremlin Nob","floor":6,"turns":1},{"damage":0,"enemies":"2 Louse","floor":8,"turns":4},{"damage":17,"enemies":"The Mushroom Lair","floor":10,"turns":6},{"damage":44,"enemies":"Lagavulin","floor":11,"turns":8},{"damage":7,"enemies":"Exordium Wildlife","floor":13,"turns":3},{"damage":36,"enemies":"Hexaghost","floor":16,"turns":8},{"damage":50,"enemies":"3 Byrds","floor":18,"turns":15},{"damage":17,"enemies":"Spheric Guardian","floor":20,"turns":14},{"damage":18,"enemies":"Centurion and Healer","floor":21,"turns":10},{"damage":0,"enemies":"Colosseum Slavers","floor":22,"turns":10},{"damage":0,"enemies":"Chosen and Byrds","floor":29,"turns":7},{"damage":16,"enemies":"Cultist and Chosen","floor":31,"turns":11},{"damage":0,"enemies":"Champ","floor":33,"turns":10},{"damage":16,"enemies":"3 Shapes","floor":35,"turns":3},{"damage":6,"enemies":"Orb Walker","floor":38,"turns":2},{"damage":6,"enemies":"Sphere and 2 Shapes","floor":39,"turns":7},{"damage":6,"enemies":"3 Darklings","floor":41,"turns":5},{"damage":6,"enemies":"Reptomancer","floor":42,"turns":1},{"damage":0,"enemies":"Spire Growth","floor":45,"turns":4},{"damage":14,"enemies":"Writhing Mass","floor":48,"turns":3},{"damage":0,"enemies":"Awakened One","floor":50,"turns":7}],"seed_played":"-8664599676983582583","potions_obtained":[{"floor":10,"key":"FearPotion"},{"floor":11,"key":"Dexterity Potion"},{"floor":20,"key":"FearPotion"},{"floor":31,"key":"SpeedPotion"},{"floor":33,"key":"Energy Potion"},{"floor":41,"key":"EssenceOfSteel"},{"floor":45,"key":"Swift Potion"}],"is_trial":false,"path_per_floor":["M","?","M","$","?","E","R","M","T","?","E","R","M","$","R","B",null,"M","$","M","M","?","R","T","R","T","$","R","M","?","M","R","B",null,"M","$","?","M","M","R","M","E","T","R","M","?","R","M","R","B",null],"character_chosen":"IRONCLAD","items_purchased":["Regal Pillow","Shrug It Off","Shrug It Off","Entrench"],"campfire_rested":3,"item_purchase_floors":[4,4,14,19],"current_hp_per_floor":[80,69,75,75,75,80,80,80,80,69,31,31,32,32,71,43,84,42,42,33,23,29,71,71,71,71,71,71,79,79,71,71,77,94,86,86,86,88,88,88,90,99,99,99,107,107,107,101,113,113],"gold":179,"neow_bonus":"THREE_ENEMY_KILL","is_prod":false,"is_daily":false,"chose_seed":false,"campfire_upgraded":8,"win_rate":0.0,"timestamp":1549204112,"path_taken":["M","?","M","$","?","E","R","M","T","?","E","R","M","$","R","BOSS","M","$","M","M","?","R","?","R","T","$","R","M","?","M","R","BOSS","M","$","?","M","M","R","M","E","T","R","M","?","R","?","R","BOSS"],"build_version":"2019-01-23","purchased_purges":3,"victory":true,"max_hp_per_floor":[80,80,80,80,80,80,80,80,80,80,80,80,82,82,82,84,84,86,86,88,90,90,90,90,90,90,90,90,92,92,94,94,94,94,96,96,96,98,98,98,100,109,109,109,111,111,111,113,113,113],"card_choices":[{"not_picked":["Twin Strike","Heavy Blade"],"picked":"Body Slam","floor":1},{"not_picked":["Sword Boomerang","Wild Strike"],"picked":"Entrench","floor":3},{"not_picked":["True Grit","Perfected Strike"],"picked":"Shrug It Off","floor":6},{"not_picked":["Spot Weakness","Perfected Strike","Thunderclap"],"picked":"SKIP","floor":8},{"not_picked":["Second Wind","Headbutt"],"picked":"Barricade","floor":11},{"not_picked":["Pummel","Infernal Blade","Anger"],"picked":"Singing Bowl","floor":13},{"not_picked":["Double Tap","Limit Break","Feed"],"picked":"Singing Bowl","floor":16},{"not_picked":["Headbutt","Feel No Pain","Wild Strike"],"picked":"Singing Bowl","floor":18},{"not_picked":["Cleave","Anger+1","Rage+1"],"picked":"Singing Bowl","floor":20},{"not_picked":["Clash+1","Disarm","Iron Wave"],"picked":"Singing Bowl","floor":21},{"not_picked":["Blood for Blood","Shrug It Off","Heavy Blade"],"picked":"Singing Bowl","floor":29},{"not_picked":["Rampage","Pommel Strike","Whirlwind"],"picked":"Singing Bowl","floor":31},{"not_picked":["Exhume","Double Tap"],"picked":"Offering","floor":33},{"not_picked":["Cleave","Havoc+1","Headbutt+1"],"picked":"Singing Bowl","floor":35},{"not_picked":["Infernal Blade","Whirlwind+1","Thunderclap"],"picked":"Singing Bowl","floor":38},{"not_picked":["Twin Strike+1","Havoc"],"picked":"Body Slam","floor":39},{"not_picked":["Wild Strike","Anger","Sever Soul+1"],"picked":"Singing Bowl","floor":41},{"not_picked":["Seeing Red+1","Thunderclap","True Grit+1"],"picked":"Singing Bowl","floor":42},{"not_picked":["Disarm+1","Shrug It Off","Sever Soul+1"],"picked":"Singing Bowl","floor":45},{"not_picked":["Shockwave","Infernal Blade+1","Warcry"],"picked":"Singing Bowl","floor":48}],"player_experience":296319,"relics_obtained":[{"floor":6,"key":"Happy Flower"},{"floor":9,"key":"Matryoshka"},{"floor":10,"key":"Odd Mushroom"},{"floor":11,"key":"Singing Bowl"},{"floor":24,"key":"Mercury Hourglass"},{"floor":24,"key":"Torii"},{"floor":26,"key":"Centennial Puzzle"},{"floor":26,"key":"The Courier"},{"floor":42,"key":"Strawberry"},{"floor":42,"key":"Ginger"},{"floor":43,"key":"FossilizedHelix"}],"event_choices":[{"damage_healed":0,"gold_gain":75,"player_choice":"Gather Gold","damage_taken":11,"max_hp_gain":0,"max_hp_loss":0,"event_name":"World of Goop","floor":2,"gold_loss":0},{"damage_healed":0,"gold_gain":0,"player_choice":"Leave","damage_taken":0,"max_hp_gain":0,"max_hp_loss":0,"event_name":"The Cleric","floor":5,"gold_loss":0},{"damage_healed":0,"gold_gain":0,"player_choice":"Fought Mushrooms","damage_taken":0,"max_hp_gain":0,"max_hp_loss":0,"event_name":"Mushrooms","floor":10,"gold_loss":0},{"damage_healed":0,"gold_gain":0,"player_choice":"Fight","damage_taken":0,"max_hp_gain":0,"max_hp_loss":0,"event_name":"Colosseum","floor":22,"gold_loss":0},{"damage_healed":0,"gold_gain":0,"player_choice":"Fled From Nobs","damage_taken":0,"max_hp_gain":0,"max_hp_loss":0,"event_name":"Colosseum","floor":22,"gold_loss":0},{"cards_removed":["Strike_R"],"damage_healed":0,"gold_gain":0,"player_choice":"Gave Gold","damage_taken":0,"max_hp_gain":0,"max_hp_loss":0,"event_name":"Beggar","floor":30,"gold_loss":75},{"cards_removed":["Entrench"],"damage_healed":0,"gold_gain":0,"player_choice":"Removed Skill","damage_taken":0,"max_hp_gain":0,"max_hp_loss":0,"event_name":"Falling","floor":37,"gold_loss":0},{"cards_removed":["Strike_R"],"damage_healed":0,"gold_gain":0,"player_choice":"Offered Basic","damage_taken":0,"max_hp_gain":0,"max_hp_loss":0,"event_name":"Bonfire Elementals","floor":46,"gold_loss":0}],"is_beta":false,"boss_relics":[{"not_picked":["Velvet Choker","Calling Bell"],"picked":"Lizard Tail"},{"not_picked":["White Beast Statue","Fusion Hammer"],"picked":"Black Star"}],"items_purged_floors":[14,19,36],"is_endless":false,"potions_floor_spawned":[10,11,20,22,31,33,41,45],"ascension_level":0}