{"gold_per_floor":[118,128,143,156,169,202,202,277,301,301,329,299,312,262,262,361,361,361,361,99,99,99,99,99,99,99,99,99,99,99,99,99,99],"floor_reached":33,"playtime":2036,"items_purged":[],"score":386,"play_id":"44e9dc2e-8b61-404a-b12e-d4b20a8a85db","local_time":"20180815215952","is_ascension_mode":true,"campfire_choices":[{"data":"Go for the Eyes","floor":7,"key":"SMITH"},{"floor":15,"key":"REST"},{"floor":23,"key":"REST"},{"floor":29,"key":"REST"},{"floor":32,"key":"REST"}],"neow_cost":"","seed_source_timestamp":39421981408424,"circlet_count":0,"master_deck":["Strike_B","Strike_B","Strike_B","Defend_B","Defend_B","Defend_B","Defend_B","Zap+1","Dualcast","Ball Lightning","Go for the Eyes+1","Hologram+1","Ball Lightning","Hologram","Chill","Gash","Amplify","Hologram+1","Cold Snap","Genetic Algorithm+1","Echo Form","Beam Cell","Hologram","Reinforced Body"],"relics":["Cracked Core","War Paint","Art of War","Omamori","Ectoplasm","Kunai","Anchor","Tiny Chest","Frozen Egg 2"],"potions_floor_usage":[4,11,11,16,19,22,24,28,30,33],"damage_taken":[{"damage":9,"enemies":"Small Slimes","floor":1,"turns":4},{"damage":0,"enemies":"2 Louse","floor":2,"turns":2},{"damage":1,"enemies":"Cultist","floor":3,"turns":3},{"damage":3,"enemies":"Exordium Wildlife","floor":4,"turns":3},{"damage":4,"enemies":"2 Fungi Beasts","floor":5,"turns":2},{"damage":20,"enemies":"Gremlin Nob","floor":6,"turns":4},{"damage":5,"enemies":"3 Sentries","floor":11,"turns":4},{"damage":9,"enemies":"Red Slaver","floor":13,"turns":2},{"damage":24,"enemies":"Slime Boss","floor":16,"turns":10},{"damage":19,"enemies":"Shell Parasite","floor":18,"turns":6},{"damage":6,"enemies":"Spheric Guardian","floor":19,"turns":3},{"damage":14,"enemies":"Centurion and Healer","floor":21,"turns":8},{"damage":2,"enemies":"Snecko","floor":22,"turns":5},{"damage":26,"enemies":"Gremlin Leader","floor":24,"turns":9},{"damage":15,"enemies":"Snake Plant","floor":25,"turns":5},{"damage":0,"enemies":"Chosen and Byrds","floor":28,"turns":1},{"damage":21,"enemies":"Book of Stabbing","floor":30,"turns":6},{"damage":0,"enemies":"Centurion and Healer","floor":31,"turns":6},{"damage":56,"enemies":"Collector","floor":33,"turns":7}],"seed_played":"-1597324865632777605","potions_obtained":[{"floor":2,"key":"SkillPotion"},{"floor":3,"key":"Fire Potion"},{"floor":5,"key":"FocusPotion"},{"floor":10,"key":"Weak Potion"},{"floor":12,"key":"SmokeBomb"},{"floor":12,"key":"LiquidBronze"},{"floor":19,"key":"Fire Potion"},{"floor":21,"key":"Weak Potion"},{"floor":25,"key":"LiquidBronze"},{"floor":31,"key":"SpeedPotion"}],"is_trial":false,"path_per_floor":["M","M","M","M","M","E","R","?","T","?","E","?","M","?","R","B",null,"M","M","$","M","M","R","E","M","T","?","M","R","E","M","R"],"character_chosen":"DEFECT","items_purchased":["Kunai"],"campfire_rested":4,"item_purchase_floors":[20],"current_hp_per_floor":[66,66,65,62,58,38,38,27,27,27,22,22,13,13,35,11,75,56,50,50,36,34,56,30,15,15,15,15,37,16,16,38,0],"gold":99,"neow_bonus":"","is_prod":false,"is_daily":false,"chose_seed":false,"campfire_upgraded":1,"win_rate":0,"timestamp":1534395592,"path_taken":["M","M","M","M","M","E","R","?","T","?","E","?","M","?","R","BOSS","M","?","$","M","M","R","E","M","T","?","M","R","E","M","R","BOSS"],"build_version":"2018-08-09","purchased_purges":0,"victory":false,"max_hp_per_floor":[75,75,75,75,75,75,75,75,75,75,75,75,75,75,75,75,75,75,75,75,75,75,75,75,75,75,75,75,75,75,75,75,75],"card_choices":[{"not_picked":["Sweeping Beam","Blizzard"],"picked":"Ball Lightning","floor":1},{"not_picked":["Darkness","Streamline"],"picked":"Go for the Eyes","floor":2},{"not_picked":["Heatsinks","Sweeping Beam"],"picked":"Hologram","floor":3},{"not_picked":["Rebound","Multi-Cast"],"picked":"Ball Lightning","floor":4},{"not_picked":["Doom and Gloom","Stack","Gash"],"picked":"SKIP","floor":5},{"not_picked":["Go for the Eyes","Heatsinks"],"picked":"Hologram","floor":6},{"not_picked":["Sweeping Beam","Rebound"],"picked":"Chill","floor":11},{"not_picked":["Sweeping Beam","Scrape"],"picked":"Gash","floor":13},{"not_picked":["Meteor Strike","Biased Cognition"],"picked":"Amplify","floor":16},{"not_picked":["Coolheaded","Darkness"],"picked":"Hologram+1","floor":18},{"not_picked":["Sweeping Beam","Turbo","Consume"],"picked":"SKIP","floor":19},{"not_picked":["Static Discharge","Sweeping Beam"],"picked":"Cold Snap","floor":21},{"not_picked":["Melter","Leap"],"picked":"Genetic Algorithm+1","floor":22},{"not_picked":["Lockon","Cold Snap+1"],"picked":"Echo Form","floor":24},{"not_picked":["Streamline","Skim"],"picked":"Beam Cell","floor":25},{"not_picked":["Steam","Turbo"],"picked":"Hologram","floor":30},{"not_picked":["Sweeping Beam","Ball Lightning"],"picked":"Reinforced Body","floor":31}],"player_experience":74419,"relics_obtained":[{"floor":6,"key":"War Paint"},{"floor":9,"key":"Art of War"},{"floor":11,"key":"Omamori"},{"floor":24,"key":"Anchor"},{"floor":26,"key":"Tiny Chest"},{"floor":30,"key":"Frozen Egg 2"}],"event_choices":[{"event_name":"World of Goop","player_choice":"Gather Gold","floor":8,"damage_taken":0},{"event_name":"The Lab","player_choice":"Got Potions","floor":10,"damage_taken":0},{"event_name":"The Woman in Blue","player_choice":"Bought 2 Potions","floor":12,"damage_taken":0},{"event_name":"The Cleric","player_choice":"Card Removal","floor":14,"damage_taken":0},{"event_name":"Ghosts","player_choice":"Ignored","floor":27,"damage_taken":0}],"is_beta":false,"boss_relics":[{"not_picked":["Lizard Tail","FrozenCore"],"picked":"Ectoplasm"}],"items_purged_floors":[],"is_endless":false,"potions_floor_spawned":[2,3,5,19,21,25,31],"killed_by":"Collector","ascension_level":4}