{"gold_per_floor":[119,119,138,152,170,170,170,170,219,234,249,249,249,266,266,368,368,380,305,325,15,15,40,40,40],"floor_reached":25,"playtime":1059,"items_purged":[],"score":327,"play_id":"b8d95ff9-2e54-4f86-ba41-54939005e45e","local_time":"20190324101805","is_ascension_mode":true,"campfire_choices":[{"data":"Coolheaded","floor":6,"key":"SMITH"},{"data":"Coolheaded","floor":8,"key":"SMITH"},{"data":"Defragment","floor":12,"key":"SMITH"},{"floor":15,"key":"REST"}],"neow_cost":"PERCENT_DAMAGE","seed_source_timestamp":827551279361813,"circlet_count":0,"master_deck":["Strike_B","Strike_B","Strike_B","Defend_B","Defend_B","Defend_B","Zap+1","Dualcast","Coolheaded+1","Stack","Ball Lightning","Coolheaded+1","Beam Cell+1","Defragment+1","Reinforced Body","Core Surge","Compile Driver+1","Rebound+1","Shame","Amplify","Stack"],"relics":["Cracked Core","PreservedInsect","Inserter","Torii","Oddly Smooth Stone","Prayer Wheel"],"potions_floor_usage":[6,11,16],"damage_taken":[{"damage":7,"enemies":"Jaw Worm","floor":1,"turns":3},{"damage":4,"enemies":"Cultist","floor":3,"turns":4},{"damage":5,"enemies":"2 Louse","floor":4,"turns":3},{"damage":8,"enemies":"Looter","floor":5,"turns":3},{"damage":0,"enemies":"Exordium Wildlife","floor":10,"turns":2},{"damage":0,"enemies":"3 Louse","floor":11,"turns":2},{"damage":15,"enemies":"Gremlin Gang","floor":14,"turns":3},{"damage":0,"enemies":"Slime Boss","floor":16,"turns":7},{"damage":22,"enemies":"2 Thieves","floor":18,"turns":4},{"damage":2,"enemies":"Spheric Guardian","floor":20,"turns":3},{"damage":69,"enemies":"Book of Stabbing","floor":23,"turns":5},{"damage":6,"enemies":"3 Cultists","floor":25,"turns":3}],"seed_played":"-8203857651096135624","potions_obtained":[{"floor":3,"key":"PowerPotion"},{"floor":5,"key":"Fruit Juice"},{"floor":10,"key":"Explosive Potion"}],"is_trial":false,"path_per_floor":["M","?","M","M","M","R","?","R","T","M","M","R","?","M","R","B",null,"M","?","M","$","?","E","?","M"],"character_chosen":"DEFECT","items_purchased":["Torii"],"campfire_rested":1,"item_purchase_floors":[21],"current_hp_per_floor":[61,61,57,52,44,49,49,49,49,49,49,49,49,34,62,62,94,72,72,70,70,70,1,1,0],"gold":40,"neow_bonus":"TWENTY_PERCENT_HP_BONUS","is_prod":false,"is_daily":false,"chose_seed":false,"campfire_upgraded":3,"win_rate":0,"timestamp":1553390285,"path_taken":["M","?","M","M","?","R","?","R","T","?","M","R","?","M","R","BOSS","M","?","M","$","?","E","?","M"],"build_version":"2019-01-23","purchased_purges":0,"victory":false,"max_hp_per_floor":[89,89,89,89,89,94,94,94,94,94,94,94,94,94,94,94,94,94,94,94,94,94,94,94,94],"card_choices":[{"not_picked":["Capacitor","Stack"],"picked":"Coolheaded","floor":1},{"not_picked":["Tempest","Meteor Strike"],"picked":"Stack","floor":3},{"not_picked":["Compile Driver","Steam"],"picked":"Ball Lightning","floor":4},{"not_picked":["Beam Cell","Gash"],"picked":"Coolheaded","floor":5},{"not_picked":["Doom and Gloom","Rip and Tear"],"picked":"Beam Cell","floor":10},{"not_picked":["Reprogram","Sunder"],"picked":"Defragment","floor":11},{"not_picked":["Consume","Lockon"],"picked":"Reinforced Body","floor":14},{"not_picked":["Multi-Cast","Machine Learning"],"picked":"Core Surge","floor":16},{"not_picked":["Redo","Steam Power"],"picked":"Compile Driver+1","floor":18},{"not_picked":["Coolheaded","Streamline"],"picked":"Rebound+1","floor":20},{"not_picked":["Gash+1","Sweeping Beam"],"picked":"Amplify","floor":23}],"player_experience":155244,"relics_obtained":[{"floor":9,"key":"PreservedInsect"},{"floor":23,"key":"Prayer Wheel"}],"event_choices":[{"cards_removed":["Strike_B"],"damage_healed":0,"gold_gain":0,"player_choice":"Offered Basic","damage_taken":0,"max_hp_gain":0,"max_hp_loss":0,"event_name":"Bonfire Elementals","floor":2,"gold_loss":0},{"damage_healed":0,"gold_gain":0,"player_choice":"Upgraded","damage_taken":0,"max_hp_gain":0,"max_hp_loss":0,"event_name":"Upgrade Shrine","floor":7,"gold_loss":0,"cards_upgraded":["Zap"]},{"damage_healed":0,"gold_gain":0,"player_choice":"Grow","damage_taken":0,"max_hp_gain":0,"max_hp_loss":0,"event_name":"Living Wall","floor":13,"gold_loss":0,"cards_upgraded":["Beam Cell"]},{"cards_removed":["Defend_B"],"damage_healed":0,"gold_gain":0,"player_choice":"Gave Gold","damage_taken":0,"max_hp_gain":0,"max_hp_loss":0,"event_name":"Beggar","floor":19,"gold_loss":75},{"damage_healed":0,"gold_gain":0,"player_choice":"Stole Relic","damage_taken":0,"relics_obtained":["Oddly Smooth Stone"],"max_hp_gain":0,"max_hp_loss":0,"event_name":"Addict","floor":22,"gold_loss":0,"cards_obtained":["Shame"]},{"damage_healed":0,"gold_gain":0,"player_choice":"Copied","damage_taken":0,"max_hp_gain":0,"max_hp_loss":0,"event_name":"Duplicator","floor":24,"gold_loss":0,"cards_obtained":["Stack"]}],"is_beta":false,"boss_relics":[{"not_picked":["Coffee Dripper","Velvet Choker"],"picked":"Inserter"}],"items_purged_floors":[],"is_endless":false,"potions_floor_spawned":[3,5,10],"killed_by":"3 Cultists","ascension_level":3}