{"gold_per_floor":[114,114,114,114,129,159,170,170,248,283,283,283,297,317,317,422,422,441,452,471,203,303,303,333,333,360,360,376,376,79,279,279,380,380,392,492,170,170,223,223],"floor_reached":40,"playtime":967,"items_purged":["Strike_R","Strike_R","Writhe"],"score":510,"play_id":"0c195ca7-3fe5-4db8-afaf-1fe98e038863","local_time":"20180909150939","is_ascension_mode":false,"campfire_choices":[{"data":"Spot Weakness","floor":11,"key":"SMITH"},{"data":"Shockwave","floor":15,"key":"SMITH"},{"floor":23,"key":"REST"},{"floor":27,"key":"REST"},{"floor":29,"key":"REST"},{"floor":32,"key":"REST"}],"neow_cost":"NONE","seed_source_timestamp":585402343567555,"circlet_count":0,"master_deck":["Strike_R","Strike_R+1","Strike_R","Defend_R","Defend_R+1","Defend_R","Bash+1","Heavy Blade","Spot Weakness+1","Dropkick","Shockwave+1","Demon Form","Whirlwind","Iron Wave","Limit Break","Limit Break","Reaper","Madness","Madness"],"relics":["Burning Blood","NeowsBlessing","Juzu Bracelet","Matryoshka","Bag of Preparation","Meat on the Bone","Mango","Fusion Hammer","Brimstone","StoneCalendar","Paper Frog","Question Card","Omamori","Ancient Tea Set","ClockworkSouvenir","Calling Bell","Anchor","Sundial","Magic Flower","Medical Kit","Ginger"],"potions_floor_usage":[7,16,22,22,22,40],"damage_taken":[{"damage":0,"enemies":"Small Slimes","floor":1,"turns":1},{"damage":0,"enemies":"2 Louse","floor":5,"turns":1},{"damage":0,"enemies":"3 Sentries","floor":6,"turns":1},{"damage":11,"enemies":"Jaw Worm","floor":7,"turns":2},{"damage":14,"enemies":"Gremlin Nob","floor":10,"turns":3},{"damage":12,"enemies":"Blue Slaver","floor":13,"turns":2},{"damage":0,"enemies":"Red Slaver","floor":14,"turns":4},{"damage":39,"enemies":"The Guardian","floor":16,"turns":8},{"damage":6,"enemies":"Chosen","floor":18,"turns":4},{"damage":11,"enemies":"Shell Parasite","floor":19,"turns":4},{"damage":17,"enemies":"Chosen and Byrds","floor":20,"turns":4},{"damage":27,"enemies":"Colosseum Slavers","floor":22,"turns":2},{"damage":10,"enemies":"Colosseum Nobs","floor":22,"turns":3},{"damage":62,"enemies":"Gremlin Leader","floor":24,"turns":4},{"damage":2,"enemies":"Snecko","floor":28,"turns":3},{"damage":41,"enemies":"Collector","floor":33,"turns":4},{"damage":16,"enemies":"3 Shapes","floor":35,"turns":6},{"damage":91,"enemies":"Mysterious Sphere","floor":39,"turns":6},{"damage":95,"enemies":"Nemesis","floor":40,"turns":6}],"seed_played":"-7013310446781838121","potions_obtained":[{"floor":1,"key":"LiquidBronze"},{"floor":3,"key":"Fruit Juice"},{"floor":3,"key":"Energy Potion"},{"floor":3,"key":"PowerPotion"},{"floor":7,"key":"Explosive Potion"},{"floor":20,"key":"PowerPotion"},{"floor":28,"key":"LiquidBronze"},{"floor":33,"key":"Block Potion"}],"is_trial":false,"path_per_floor":["M","?","?","?","M","E","M","?","T","E","R","?","M","M","R","B",null,"M","M","M","$","?","R","E","?","T","R","M","R","$","?","R","B",null,"M","?","$","?","?"],"character_chosen":"IRONCLAD","items_purchased":["Brimstone","ClockworkSouvenir","Medical Kit"],"campfire_rested":4,"item_purchase_floors":[21,30,37],"current_hp_per_floor":[80,80,80,80,80,80,80,77,77,83,83,63,57,63,63,42,99,99,94,83,83,58,87,43,43,43,72,76,99,99,99,99,64,99,99,99,99,87,51,0],"gold":223,"neow_bonus":"THREE_ENEMY_KILL","is_prod":false,"is_daily":false,"chose_seed":false,"campfire_upgraded":2,"win_rate":0,"timestamp":1536530979,"path_taken":["M","?","?","?","?","E","M","?","T","E","R","?","M","M","R","BOSS","M","M","M","$","?","R","E","?","T","R","M","R","$","?","R","BOSS","M","?","$","?","?","E"],"build_version":"2018-09-06","purchased_purges":3,"victory":false,"max_hp_per_floor":[80,80,80,80,80,80,85,85,85,99,99,99,99,99,99,99,99,99,99,99,99,99,99,99,99,99,99,99,99,99,99,99,99,99,99,99,99,99,99,99],"card_choices":[{"not_picked":["Corruption","Clothesline"],"picked":"Heavy Blade","floor":1},{"not_picked":["Flex","Hemokinesis"],"picked":"Spot Weakness","floor":5},{"not_picked":["Carnage","Havoc"],"picked":"Dropkick","floor":6},{"not_picked":["Pommel Strike","Armaments","Twin Strike"],"picked":"SKIP","floor":7},{"not_picked":["Pommel Strike","Warcry","Thunderclap"],"picked":"SKIP","floor":10},{"not_picked":["Thunderclap","Searing Blow"],"picked":"Shockwave","floor":13},{"not_picked":["Body Slam","Fire Breathing","Clash"],"picked":"SKIP","floor":14},{"not_picked":["Berserk","Brutality"],"picked":"Demon Form","floor":16},{"not_picked":["Body Slam","Headbutt"],"picked":"Whirlwind","floor":18},{"not_picked":["Reckless Charge+1","Twin Strike"],"picked":"Iron Wave","floor":19},{"not_picked":["Clothesline","Havoc+1","Headbutt"],"picked":"SKIP","floor":20},{"not_picked":["Clothesline","Cleave+1"],"picked":"Limit Break","floor":24},{"not_picked":["Thunderclap+1","Body Slam","Warcry+1","Twin Strike"],"picked":"SKIP","floor":28},{"not_picked":["Demon Form","Impervious","Juggernaut"],"picked":"Reaper","floor":33},{"not_picked":["Pummel","Flex+1","Clothesline","Shrug It Off"],"picked":"SKIP","floor":35}],"player_experience":197063,"relics_obtained":[{"floor":6,"key":"Juzu Bracelet"},{"floor":9,"key":"Bag of Preparation"},{"floor":9,"key":"Meat on the Bone"},{"floor":10,"key":"Mango"},{"floor":22,"key":"StoneCalendar"},{"floor":22,"key":"Paper Frog"},{"floor":24,"key":"Question Card"},{"floor":26,"key":"Omamori"},{"floor":26,"key":"Ancient Tea Set"},{"floor":34,"key":"Anchor"},{"floor":34,"key":"Sundial"},{"floor":34,"key":"Magic Flower"},{"floor":39,"key":"Ginger"}],"event_choices":[{"event_name":"Living Wall","player_choice":"Forget","floor":2,"damage_taken":0},{"event_name":"The Lab","player_choice":"Got Potions","floor":3,"damage_taken":0},{"event_name":"Upgrade Shrine","player_choice":"Upgraded","floor":4,"damage_taken":0},{"event_name":"Scrap Ooze","player_choice":"success","floor":8,"damage_taken":3},{"event_name":"Shining Light","player_choice":"Entered Light","floor":12,"damage_taken":0},{"event_name":"Colosseum","player_choice":"Fight","floor":22,"damage_taken":0},{"event_name":"Colosseum","player_choice":"Fought Nobs","floor":22,"damage_taken":0},{"event_name":"Duplicator","player_choice":"One dupe","floor":25,"damage_taken":0},{"event_name":"Wheel of Change","player_choice":"Gold","floor":31,"damage_taken":0},{"event_name":"Golden Shrine","player_choice":"Pray","floor":36,"damage_taken":0},{"event_name":"Winding Halls","player_choice":"Embrace Madness","floor":38,"damage_taken":0},{"event_name":"Mysterious Sphere","player_choice":"Fight","floor":39,"damage_taken":0}],"is_beta":false,"boss_relics":[{"not_picked":["Pandora\u0027s Box","Lizard Tail"],"picked":"Fusion Hammer"},{"not_picked":["Astrolabe","Eternal Feather"],"picked":"Calling Bell"}],"items_purged_floors":[21,30,37],"is_endless":false,"potions_floor_spawned":[1,7,10,13,20,28,33],"killed_by":"Nemesis","ascension_level":0}