{"gold_per_floor":[111,111,111,122,25,25,56,31,31,31,57,71,71,21,21,125,175,185,40,57,57,73,73,107,107,107,122,122,122,122,134,134,235,235,253,253,98,113,131,163,163,183,183,195,195,228,24,34,34,34],"floor_reached":50,"playtime":6281,"items_purged":["Strike_R"],"score":747,"play_id":"d7fdd85b-082a-4c73-a62a-29b23fbb5d8c","local_time":"20190414225306","is_ascension_mode":true,"campfire_choices":[{"data":"Armaments","floor":6,"key":"SMITH"},{"data":"Uppercut","floor":10,"key":"SMITH"},{"data":"Heavy Blade","floor":13,"key":"SMITH"},{"data":"Pommel Strike","floor":15,"key":"SMITH"},{"data":"Double Tap","floor":23,"key":"SMITH"},{"data":"True Grit","floor":25,"key":"SMITH"},{"data":"Pummel","floor":28,"key":"SMITH"},{"data":"Inflame","floor":30,"key":"SMITH"},{"data":"Impervious","floor":32,"key":"SMITH"},{"floor":45,"key":"REST"},{"floor":49,"key":"REST"}],"neow_cost":"NONE","seed_source_timestamp":129424741763538,"circlet_count":0,"master_deck":["Strike_R+1","Defend_R","Defend_R","Defend_R","Defend_R+1","Bash+1","Uppercut+1","Impervious+1","Inflame+1","Armaments+1","Immolate","Pommel Strike+1","Pummel+1","Heavy Blade+1","Double Tap+1","True Grit+1","Shrug It Off","Flex+1","Dropkick+1","Bludgeon","Battle Trance+1","Madness","Madness","Shockwave+1","Warcry+1","Disarm+1","Body Slam+1","Ghostly Armor+1","Infernal Blade+1"],"relics":["Burning Blood","NeowsBlessing","WingedGreaves","Lantern","Self Forming Clay","Vajra","Tiny House","Ancient Tea Set","Gremlin Horn","Darkstone Periapt","Mercury Hourglass","Empty Cage","PreservedInsect","Centennial Puzzle","Thread and Needle","Oddly Smooth Stone"],"potions_floor_usage":[20,24,33,44,46,48,50],"damage_taken":[{"damage":0,"enemies":"Jaw Worm","floor":1,"turns":1},{"damage":0,"enemies":"Small Slimes","floor":4,"turns":1},{"damage":0,"enemies":"3 Sentries","floor":7,"turns":1},{"damage":27,"enemies":"Lagavulin","floor":11,"turns":6},{"damage":0,"enemies":"Cultist","floor":12,"turns":2},{"damage":19,"enemies":"Hexaghost","floor":16,"turns":6},{"damage":19,"enemies":"2 Thieves","floor":18,"turns":3},{"damage":7,"enemies":"Shell Parasite","floor":20,"turns":6},{"damage":22,"enemies":"Centurion and Healer","floor":22,"turns":5},{"damage":4,"enemies":"Gremlin Leader","floor":24,"turns":2},{"damage":0,"enemies":"Snake Plant","floor":27,"turns":1},{"damage":0,"enemies":"Colosseum Slavers","floor":29,"turns":2},{"damage":0,"enemies":"Snecko","floor":31,"turns":1},{"damage":59,"enemies":"Champ","floor":33,"turns":13},{"damage":1,"enemies":"3 Shapes","floor":35,"turns":3},{"damage":0,"enemies":"Orb Walker","floor":38,"turns":2},{"damage":19,"enemies":"Sphere and 2 Shapes","floor":39,"turns":5},{"damage":28,"enemies":"Reptomancer","floor":40,"turns":5},{"damage":13,"enemies":"Spire Growth","floor":42,"turns":4},{"damage":10,"enemies":"Transient","floor":44,"turns":5},{"damage":57,"enemies":"Giant Head","floor":46,"turns":7},{"damage":6,"enemies":"4 Shapes","floor":48,"turns":9},{"damage":39,"enemies":"Time Eater","floor":50,"turns":5}],"seed_played":"782884471721766457","potions_obtained":[{"floor":1,"key":"FairyPotion"},{"floor":11,"key":"Weak Potion"},{"floor":17,"key":"Strength Potion"},{"floor":24,"key":"Block Potion"},{"floor":35,"key":"Ancient Potion"},{"floor":42,"key":"Explosive Potion"},{"floor":44,"key":"Energy Potion"}],"is_trial":false,"path_per_floor":["M","?","?","M","$","R","E","$","T","R","E","M","R","?","R","B",null,"M","$","M","?","M","R","E","R","T","M","R","?","R","M","R","B",null,"M","?","$","M","M","E","?","M","T","M","R","E","$","M","R","B"],"character_chosen":"IRONCLAD","items_purchased":["Inflame","Armaments","Pommel Strike","Ancient Tea Set","Shockwave","Energy Potion","Oddly Smooth Stone"],"campfire_rested":2,"item_purchase_floors":[5,5,8,19,37,47,47],"current_hp_per_floor":[78,62,55,61,61,61,67,67,67,67,46,52,52,52,52,39,75,62,62,61,61,45,45,47,47,47,53,53,59,59,65,65,12,67,72,61,61,67,54,32,32,25,25,21,46,14,14,14,39,0],"gold":34,"neow_bonus":"THREE_ENEMY_KILL","is_prod":false,"is_daily":false,"chose_seed":false,"campfire_upgraded":9,"win_rate":0,"timestamp":1555249986,"path_taken":["M","?","?","M","$","R","E","$","T","R","E","M","R","?","R","BOSS","M","$","M","?","M","R","E","R","T","M","R","?","R","M","R","BOSS","M","?","$","M","M","E","?","M","T","M","R","E","$","?","R","BOSS"],"build_version":"2019-01-23","purchased_purges":1,"victory":false,"max_hp_per_floor":[80,80,80,80,80,80,80,80,80,80,80,80,80,80,80,80,85,85,85,85,85,85,85,85,85,85,85,85,85,85,85,85,85,85,85,85,85,85,85,85,85,85,85,85,85,85,85,85,85,85],"card_choices":[{"not_picked":["Headbutt","True Grit"],"picked":"Uppercut","floor":1},{"not_picked":["Clothesline","Armaments"],"picked":"Impervious","floor":4},{"not_picked":["Sword Boomerang","Berserk"],"picked":"Immolate","floor":7},{"not_picked":["Second Wind","Flex"],"picked":"Pummel","floor":11},{"not_picked":["Headbutt","Twin Strike"],"picked":"Heavy Blade","floor":12},{"not_picked":["Feed","Bludgeon"],"picked":"Double Tap","floor":16},{"not_picked":["Sentinel","Wild Strike"],"picked":"True Grit","floor":17},{"not_picked":["Rupture","Hemokinesis","Anger+1"],"picked":"SKIP","floor":18},{"not_picked":["Pommel Strike","Headbutt"],"picked":"Shrug It Off","floor":20},{"not_picked":["Clash","Body Slam"],"picked":"Flex+1","floor":22},{"not_picked":["Fire Breathing","Blood for Blood","Immolate"],"picked":"SKIP","floor":24},{"not_picked":["Flex","Evolve"],"picked":"Dropkick+1","floor":27},{"not_picked":["Flex","Havoc","Entrench"],"picked":"SKIP","floor":31},{"not_picked":["Juggernaut","Immolate"],"picked":"Bludgeon","floor":33},{"not_picked":["Burning Pact","Whirlwind+1"],"picked":"Battle Trance+1","floor":35},{"not_picked":["Cleave","Carnage+1"],"picked":"Warcry+1","floor":38},{"not_picked":["Uppercut+1","Dropkick"],"picked":"Disarm+1","floor":39},{"not_picked":["Thunderclap+1","Wild Strike+1"],"picked":"Body Slam+1","floor":40},{"not_picked":["Pommel Strike","Juggernaut","Bloodletting"],"picked":"SKIP","floor":42},{"not_picked":["Heavy Blade+1","Pommel Strike"],"picked":"Ghostly Armor+1","floor":44},{"not_picked":["Power Through","Battle Trance"],"picked":"Infernal Blade+1","floor":46},{"not_picked":["Anger+1","Armaments+1","Heavy Blade+1"],"picked":"SKIP","floor":48}],"player_experience":341489,"relics_obtained":[{"floor":7,"key":"Lantern"},{"floor":9,"key":"Self Forming Clay"},{"floor":11,"key":"Vajra"},{"floor":24,"key":"Darkstone Periapt"},{"floor":26,"key":"Mercury Hourglass"},{"floor":40,"key":"PreservedInsect"},{"floor":43,"key":"Centennial Puzzle"},{"floor":46,"key":"Thread and Needle"}],"event_choices":[{"damage_healed":0,"gold_gain":0,"player_choice":"Entered Light","damage_taken":16,"max_hp_gain":0,"max_hp_loss":0,"event_name":"Shining Light","floor":2,"gold_loss":0,"cards_upgraded":["Defend_R","Bash"]},{"damage_healed":0,"gold_gain":0,"player_choice":"Success","damage_taken":7,"relics_obtained":["WingedGreaves"],"max_hp_gain":0,"max_hp_loss":0,"event_name":"Scrap Ooze","floor":3,"gold_loss":0},{"cards_removed":["Strike_R"],"damage_healed":0,"gold_gain":0,"player_choice":"Card Removal","damage_taken":0,"max_hp_gain":0,"max_hp_loss":0,"event_name":"The Cleric","floor":14,"gold_loss":50},{"damage_healed":0,"gold_gain":0,"player_choice":"Opened","damage_taken":0,"relics_obtained":["Gremlin Horn"],"max_hp_gain":0,"max_hp_loss":0,"event_name":"The Mausoleum","floor":21,"gold_loss":0},{"damage_healed":0,"gold_gain":0,"player_choice":"Fight","damage_taken":0,"max_hp_gain":0,"max_hp_loss":0,"event_name":"Colosseum","floor":29,"gold_loss":0},{"damage_healed":0,"gold_gain":0,"player_choice":"Fled From Nobs","damage_taken":0,"max_hp_gain":0,"max_hp_loss":0,"event_name":"Colosseum","floor":29,"gold_loss":0},{"damage_healed":0,"gold_gain":0,"player_choice":"Embrace Madness","damage_taken":11,"max_hp_gain":0,"max_hp_loss":0,"event_name":"Winding Halls","floor":36,"gold_loss":0,"cards_obtained":["Madness","Madness"]},{"damage_healed":0,"gold_gain":0,"player_choice":"Upgraded","damage_taken":0,"max_hp_gain":0,"max_hp_loss":0,"event_name":"Upgrade Shrine","floor":41,"gold_loss":0,"cards_upgraded":["Shockwave"]}],"is_beta":false,"boss_relics":[{"not_picked":["Orrery","Fusion Hammer"],"picked":"Tiny House"},{"not_picked":["Coffee Dripper","Busted Crown"],"picked":"Empty Cage"}],"items_purged_floors":[37],"is_endless":false,"potions_floor_spawned":[1,11,18,24,35,42,44],"killed_by":"Time Eater","ascension_level":7}