{"gold_per_floor":[212,232,7,7,7,42,42,67,123,148,158,168,168,168],"floor_reached":14,"playtime":652,"items_purged":[],"score":103,"play_id":"1ddc2b75-8f30-4f5e-b3d5-7ed3181ecdb7","local_time":"20181120233159","is_ascension_mode":true,"campfire_choices":[{"floor":7,"key":"REST"},{"floor":13,"key":"REST"}],"neow_cost":"NONE","seed_source_timestamp":444734885623747,"circlet_count":0,"master_deck":["Strike_B+1","Strike_B+1","Strike_B","Strike_B+1","Defend_B","Defend_B","Defend_B","Defend_B","Zap","Dualcast","Darkness","Capacitor+1","Doom and Gloom"],"relics":["Cracked Core","Dream Catcher","Torii","Potion Belt","Tiny Chest","Whetstone"],"potions_floor_usage":[2,10],"damage_taken":[{"damage":0,"enemies":"Small Slimes","floor":1,"turns":3},{"damage":0,"enemies":"Jaw Worm","floor":2,"turns":3},{"damage":21,"enemies":"Lagavulin","floor":6,"turns":8},{"damage":40,"enemies":"3 Sentries","floor":10,"turns":10},{"damage":1,"enemies":"Cultist","floor":11,"turns":4},{"damage":1,"enemies":"2 Fungi Beasts","floor":12,"turns":2},{"damage":41,"enemies":"Gremlin Nob","floor":14,"turns":4}],"seed_played":"-2109070571104845578","potions_obtained":[{"floor":1,"key":"Block Potion"},{"floor":6,"key":"Fire Potion"}],"is_trial":false,"path_per_floor":["M","M","$","?","$","E","R","T","T","E","M","M","R","E"],"character_chosen":"DEFECT","items_purchased":["Dream Catcher","Capacitor"],"campfire_rested":2,"item_purchase_floors":[3,3],"current_hp_per_floor":[75,75,75,60,60,39,61,61,61,21,20,19,41,0],"gold":168,"neow_bonus":"HUNDRED_GOLD","is_prod":false,"is_daily":false,"chose_seed":false,"campfire_upgraded":0,"win_rate":0,"timestamp":1542753119,"path_taken":["M","M","$","?","$","E","R","?","T","E","M","M","R","E"],"build_version":"2018-11-15","purchased_purges":0,"victory":false,"max_hp_per_floor":[75,75,75,75,75,75,75,75,75,75,75,75,75,75],"card_choices":[{"not_picked":["Double Energy","Skim"],"picked":"Darkness","floor":1},{"not_picked":["Compile Driver","Rebound","Chaos"],"picked":"SKIP","floor":2},{"not_picked":["Static Discharge","Barrage","Scrape"],"picked":"SKIP","floor":6},{"not_picked":["Tempest","Beam Cell","Electrodynamics"],"picked":"SKIP","floor":10},{"not_picked":["Self Repair","Redo"],"picked":"Doom and Gloom","floor":11},{"not_picked":["Cold Snap","Streamline","Gash"],"picked":"SKIP","floor":12}],"player_experience":225583,"relics_obtained":[{"floor":6,"key":"Torii"},{"floor":8,"key":"Potion Belt"},{"floor":9,"key":"Tiny Chest"},{"floor":10,"key":"Whetstone"}],"event_choices":[{"damage_healed":0,"gold_gain":0,"player_choice":"Entered Light","damage_taken":15,"max_hp_gain":0,"max_hp_loss":0,"event_name":"Shining Light","floor":4,"gold_loss":0,"cards_upgraded":["Capacitor","Strike_B"]}],"is_beta":false,"boss_relics":[],"items_purged_floors":[],"is_endless":false,"potions_floor_spawned":[1,6],"killed_by":"Gremlin Nob","ascension_level":1}