{"gold_per_floor":[17,29,29,29,43,43,56,87,87,106,127,127,137,155,155,256,256,267,281,35,53,53,53,73,102,158,169,169,183,212,229,229,328,328,348,117,0,20,39,68,68,81,81,114,114,128,128,28,28,28],"floor_reached":51,"playtime":2586,"items_purged":["Strike_R","Defend_R"],"score":828,"play_id":"66c1fc93-bd85-4980-b62c-2825970a0065","local_time":"20181010155141","is_ascension_mode":false,"campfire_choices":[{"data":"Shrug It Off","floor":6,"key":"SMITH"},{"data":"Searing Blow","floor":12,"key":"SMITH"},{"data":"Searing Blow+1","floor":15,"key":"SMITH"},{"data":"Searing Blow+2","floor":23,"key":"SMITH"},{"data":"Dual Wield","floor":32,"key":"SMITH"},{"data":"Searing Blow+3","floor":41,"key":"SMITH"},{"data":"Limit Break","floor":49,"key":"SMITH"}],"neow_cost":"NO_GOLD","seed_source_timestamp":1461314610709245,"circlet_count":0,"master_deck":["Strike_R+1","Strike_R+1","Defend_R","Defend_R","Defend_R","Bash+1","Offering+1","Headbutt","Shrug It Off+1","Searing Blow+4","Shrug It Off","Flame Barrier","Dual Wield+1","Flame Barrier","Armaments","Cleave","Limit Break+1","Inflame","Clothesline+1","Armaments","Metallicize+1","Shrug It Off+1","Impervious","Transmutation"],"relics":["Burning Blood","Matryoshka","Pen Nib","Mummified Hand","Odd Mushroom","Snecko Eye","Kunai","Lantern","Tiny Chest","PreservedInsect","Prayer Wheel","Meat on the Bone","Busted Crown","Whetstone","Red Mask","Shuriken","Pocketwatch","Boot","FaceOfCleric"],"potions_floor_usage":[8,11,25,25,33,39,50,50],"damage_taken":[{"damage":6,"enemies":"Jaw Worm","floor":1,"turns":4},{"damage":6,"enemies":"Cultist","floor":2,"turns":3},{"damage":6,"enemies":"Small Slimes","floor":5,"turns":2},{"damage":6,"enemies":"Red Slaver","floor":7,"turns":2},{"damage":6,"enemies":"Gremlin Nob","floor":8,"turns":2},{"damage":9,"enemies":"Large Slime","floor":10,"turns":6},{"damage":8,"enemies":"The Mushroom Lair","floor":11,"turns":2},{"damage":0,"enemies":"Gremlin Gang","floor":13,"turns":5},{"damage":0,"enemies":"3 Louse","floor":14,"turns":4},{"damage":35,"enemies":"Slime Boss","floor":16,"turns":9},{"damage":5,"enemies":"Spheric Guardian","floor":18,"turns":3},{"damage":0,"enemies":"Chosen","floor":19,"turns":3},{"damage":16,"enemies":"Snake Plant","floor":21,"turns":2},{"damage":3,"enemies":"Shelled Parasite and Fungi","floor":24,"turns":3},{"damage":15,"enemies":"Book of Stabbing","floor":25,"turns":6},{"damage":0,"enemies":"3 Cultists","floor":27,"turns":6},{"damage":5,"enemies":"Snake Plant","floor":29,"turns":3},{"damage":23,"enemies":"Slavers","floor":30,"turns":7},{"damage":6,"enemies":"Snecko","floor":31,"turns":6},{"damage":27,"enemies":"Champ","floor":33,"turns":8},{"damage":1,"enemies":"Orb Walker","floor":35,"turns":4},{"damage":0,"enemies":"3 Darklings","floor":38,"turns":4},{"damage":5,"enemies":"Reptomancer","floor":39,"turns":6},{"damage":3,"enemies":"2 Orb Walkers","floor":40,"turns":5},{"damage":10,"enemies":"Spire Growth","floor":42,"turns":4},{"damage":0,"enemies":"Giant Head","floor":44,"turns":6},{"damage":0,"enemies":"Transient","floor":46,"turns":5},{"damage":36,"enemies":"Donu and Deca","floor":50,"turns":6}],"seed_played":"-6843990608189462397","potions_obtained":[{"floor":2,"key":"PowerPotion"},{"floor":7,"key":"SteroidPotion"},{"floor":11,"key":"Regen Potion"},{"floor":24,"key":"Fire Potion"},{"floor":25,"key":"SteroidPotion"},{"floor":29,"key":"Regen Potion"},{"floor":30,"key":"Dexterity Potion"},{"floor":31,"key":"Fire Potion"},{"floor":39,"key":"FearPotion"},{"floor":40,"key":"Strength Potion"}],"is_trial":false,"path_per_floor":["M","M","?","?","M","R","M","E","T","M","?","R","M","M","R","B",null,"M","M","$","M","?","R","M","E","T","M","T","M","E","M","R","B",null,"M","$","?","M","M","E","R","M","T","E","?","M","?","$","R","B"],"character_chosen":"IRONCLAD","items_purchased":["Kunai","Whetstone"],"campfire_rested":0,"item_purchase_floors":[20,36],"current_hp_per_floor":[80,80,80,80,80,80,80,80,80,77,75,75,80,80,80,51,80,80,80,80,70,70,70,73,77,77,80,80,80,63,63,63,54,80,80,80,80,80,80,80,80,76,76,80,80,81,81,81,81,63],"gold":28,"neow_bonus":"THREE_RARE_CARDS","is_prod":false,"is_daily":false,"chose_seed":false,"campfire_upgraded":7,"win_rate":0,"timestamp":1539211901,"path_taken":["M","M","?","?","?","R","M","E","T","M","?","R","M","?","R","BOSS","M","M","$","M","?","R","M","E","T","?","?","M","E","M","R","BOSS","M","$","?","M","M","E","R","?","T","E","?","M","?","$","R","BOSS"],"build_version":"2018-10-04v2","purchased_purges":2,"victory":true,"max_hp_per_floor":[80,80,80,80,80,80,80,80,80,80,80,80,80,80,80,80,80,80,80,80,80,80,80,80,80,80,80,80,80,80,80,80,80,80,80,80,80,80,80,80,80,80,80,80,80,81,81,81,81,82],"card_choices":[{"not_picked":["Fiend Fire","Feed"],"picked":"Offering","floor":0},{"not_picked":["Thunderclap","Uppercut"],"picked":"Headbutt","floor":1},{"not_picked":["Armaments","Metallicize"],"picked":"Shrug It Off","floor":2},{"not_picked":["Havoc","Clash","Headbutt"],"picked":"SKIP","floor":5},{"not_picked":["Body Slam","Perfected Strike"],"picked":"Searing Blow","floor":7},{"not_picked":["True Grit","Infernal Blade"],"picked":"Shrug It Off","floor":8},{"not_picked":["Metallicize","Evolve","Entrench"],"picked":"SKIP","floor":10},{"not_picked":["Entrench","Thunderclap"],"picked":"Flame Barrier","floor":11},{"not_picked":["Perfected Strike","Body Slam"],"picked":"Dual Wield","floor":13},{"not_picked":["Second Wind","Pommel Strike"],"picked":"Flame Barrier","floor":14},{"not_picked":["Rampage","Shrug It Off","Iron Wave"],"picked":"SKIP","floor":18},{"not_picked":["Entrench","Havoc","Pommel Strike"],"picked":"SKIP","floor":19},{"not_picked":["Thunderclap","Pommel Strike"],"picked":"Armaments","floor":21},{"not_picked":["Bloodletting","Body Slam"],"picked":"Inflame","floor":24},{"not_picked":["Power Through","Thunderclap+1"],"picked":"Clothesline+1","floor":25},{"not_picked":["Inflame","Havoc","Wild Strike"],"picked":"SKIP","floor":27},{"not_picked":["Cleave","Reckless Charge"],"picked":"Armaments","floor":29},{"not_picked":["Thunderclap+1","Sever Soul+1"],"picked":"Metallicize+1","floor":29},{"not_picked":["True Grit","Thunderclap+1"],"picked":"Shrug It Off+1","floor":30},{"not_picked":["Sever Soul+1","Hemokinesis","Reckless Charge"],"picked":"SKIP","floor":31},{"not_picked":["Anger","Dropkick","Havoc"],"picked":"SKIP","floor":31},{"not_picked":["Iron Wave"],"picked":"SKIP","floor":35},{"not_picked":["Thunderclap"],"picked":"SKIP","floor":35},{"not_picked":["Heavy Blade"],"picked":"SKIP","floor":38},{"not_picked":["Twin Strike+1"],"picked":"SKIP","floor":38},{"not_picked":["Perfected Strike"],"picked":"SKIP","floor":39},{"not_picked":["Clothesline+1"],"picked":"SKIP","floor":39},{"not_picked":["Disarm+1"],"picked":"SKIP","floor":40},{"not_picked":["Infernal Blade+1"],"picked":"SKIP","floor":42},{"not_picked":["Power Through"],"picked":"SKIP","floor":42},{"not_picked":[],"picked":"Impervious","floor":44},{"not_picked":["Anger"],"picked":"SKIP","floor":46},{"not_picked":["Armaments"],"picked":"SKIP","floor":46},{"not_picked":[],"picked":"Transmutation","floor":47}],"player_experience":282842,"relics_obtained":[{"floor":8,"key":"Matryoshka"},{"floor":9,"key":"Pen Nib"},{"floor":9,"key":"Mummified Hand"},{"floor":11,"key":"Odd Mushroom"},{"floor":25,"key":"Lantern"},{"floor":26,"key":"Tiny Chest"},{"floor":26,"key":"PreservedInsect"},{"floor":28,"key":"Prayer Wheel"},{"floor":30,"key":"Meat on the Bone"},{"floor":40,"key":"Shuriken"},{"floor":43,"key":"Pocketwatch"},{"floor":44,"key":"Boot"}],"event_choices":[{"event_name":"Upgrade Shrine","player_choice":"Upgraded","floor":3,"damage_taken":0},{"event_name":"Accursed Blacksmith","player_choice":"Forge","floor":4,"damage_taken":0},{"event_name":"Mushrooms","player_choice":"Fought Mushrooms","floor":11,"damage_taken":0},{"event_name":"Drug Dealer","player_choice":"Became Test Subject","floor":22,"damage_taken":0},{"event_name":"Tomb of Lord Red Mask","player_choice":"Paid","floor":37,"damage_taken":0},{"event_name":"FaceTrader","player_choice":"Trade","floor":45,"damage_taken":0},{"event_name":"SensoryStone","player_choice":"Memory 1","floor":47,"damage_taken":0}],"is_beta":false,"boss_relics":[{"not_picked":["Runic Cube","Runic Dome"],"picked":"Snecko Eye"},{"not_picked":["Runic Pyramid","White Beast Statue"],"picked":"Busted Crown"}],"items_purged_floors":[36,48],"is_endless":false,"potions_floor_spawned":[2,7,11,24,25,29,30,31,39,40],"ascension_level":0}