{"gold_per_floor":[113,123,138,149,159,159,19,19,74,84,117,136,136],"floor_reached":13,"playtime":297,"items_purged":[],"score":102,"play_id":"57af23a6-cc5e-41df-b9f2-8c8c2220fed0","local_time":"20190415184705","is_ascension_mode":true,"campfire_choices":[{"floor":6,"key":"REST"},{"data":"Tempest","floor":8,"key":"SMITH"}],"neow_cost":"NONE","seed_source_timestamp":520189049334291,"circlet_count":0,"master_deck":["Strike_B+1","Strike_B+1","Strike_B","Strike_B","Defend_B","Defend_B","Defend_B","Defend_B","Zap","Dualcast","Rebound","Sweeping Beam","Glacier","Tempest+1","Redo","Capacitor","Sweeping Beam","Leap","Sweeping Beam"],"relics":["Cracked Core","NeowsBlessing","Whetstone","Cables"],"potions_floor_usage":[4,7,11,13,13],"damage_taken":[{"damage":0,"enemies":"Cultist","floor":1,"turns":1},{"damage":0,"enemies":"Jaw Worm","floor":2,"turns":1},{"damage":0,"enemies":"2 Louse","floor":3,"turns":1},{"damage":16,"enemies":"Exordium Thugs","floor":4,"turns":4},{"damage":12,"enemies":"2 Fungi Beasts","floor":5,"turns":4},{"damage":5,"enemies":"3 Louse","floor":10,"turns":3},{"damage":35,"enemies":"Lagavulin","floor":11,"turns":7},{"damage":0,"enemies":"Exordium Wildlife","floor":12,"turns":3},{"damage":35,"enemies":"Gremlin Nob","floor":13,"turns":5}],"seed_played":"-3140854441779180712","potions_obtained":[{"floor":3,"key":"SteroidPotion"},{"floor":5,"key":"Dexterity Potion"},{"floor":10,"key":"Weak Potion"},{"floor":12,"key":"Block Potion"}],"is_trial":false,"path_per_floor":["M","M","M","M","M","R","$","R","T","M","E","M","E"],"character_chosen":"DEFECT","items_purchased":["Capacitor","Fruit Juice"],"campfire_rested":1,"item_purchase_floors":[7,7],"current_hp_per_floor":[75,75,75,59,47,69,74,74,74,69,34,34,0],"gold":136,"neow_bonus":"THREE_ENEMY_KILL","is_prod":false,"is_daily":false,"chose_seed":false,"campfire_upgraded":1,"win_rate":0,"timestamp":1555379225,"path_taken":["M","?","?","M","M","R","$","R","T","M","E","?","E"],"build_version":"2019-01-23","purchased_purges":0,"victory":false,"max_hp_per_floor":[75,75,75,75,75,75,80,80,80,80,80,80,80],"card_choices":[{"not_picked":["Go for the Eyes","Scrape"],"picked":"Rebound","floor":1},{"not_picked":["Hologram","Stack"],"picked":"Sweeping Beam","floor":2},{"not_picked":["Steam","Darkness"],"picked":"Glacier","floor":3},{"not_picked":["Streamline","Beam Cell"],"picked":"Tempest","floor":4},{"not_picked":["Compile Driver","Stack"],"picked":"Redo","floor":5},{"not_picked":["Turbo","Force Field"],"picked":"Sweeping Beam","floor":10},{"not_picked":["Turbo","Steam Power"],"picked":"Leap","floor":11},{"not_picked":["Melter","Go for the Eyes"],"picked":"Sweeping Beam","floor":12}],"player_experience":432095,"relics_obtained":[{"floor":9,"key":"Whetstone"},{"floor":11,"key":"Cables"}],"event_choices":[],"is_beta":false,"boss_relics":[],"items_purged_floors":[],"is_endless":false,"potions_floor_spawned":[3,5,10,12],"killed_by":"Gremlin Nob","ascension_level":3}