{"gold_per_floor":[118,135,57,68,143,176,176,194,194,67,81,108,126,26,26,26],"floor_reached":16,"playtime":559,"items_purged":["Strike_R","Strike_R"],"score":102,"play_id":"3504322c-6767-4564-b9d2-a480d9b81e18","local_time":"20181205124622","is_ascension_mode":false,"campfire_choices":[{"floor":7,"key":"REST"},{"data":"Entrench","floor":15,"key":"SMITH"}],"neow_cost":"NONE","seed_source_timestamp":237709443964645,"circlet_count":0,"master_deck":["Strike_R","Strike_R","Strike_R","Defend_R","Defend_R","Defend_R","Defend_R","Bash+1","Twin Strike","Entrench+1","Spot Weakness","Pommel Strike","Limit Break","Shrug It Off"],"relics":["Burning Blood","Odd Mushroom"],"potions_floor_usage":[4,11,16],"damage_taken":[{"damage":6,"enemies":"Jaw Worm","floor":1,"turns":3},{"damage":0,"enemies":"Cultist","floor":2,"turns":2},{"damage":0,"enemies":"2 Louse","floor":4,"turns":1},{"damage":44,"enemies":"Lagavulin","floor":6,"turns":6},{"damage":0,"enemies":"Looter","floor":8,"turns":4},{"damage":0,"enemies":"Exordium Wildlife","floor":11,"turns":2},{"damage":22,"enemies":"The Mushroom Lair","floor":12,"turns":4},{"damage":3,"enemies":"2 Fungi Beasts","floor":13,"turns":4},{"damage":62,"enemies":"Slime Boss","floor":16,"turns":9}],"seed_played":"2010396352067709888","potions_obtained":[{"floor":2,"key":"Explosive Potion"},{"floor":6,"key":"Fire Potion"},{"floor":13,"key":"SkillPotion"}],"is_trial":false,"path_per_floor":["M","M","$","M","?","E","R","M","T","$","M","?","M","$","R","B"],"character_chosen":"IRONCLAD","items_purchased":["Entrench","Pommel Strike"],"campfire_rested":1,"item_purchase_floors":[3,10],"current_hp_per_floor":[80,80,80,80,72,34,58,64,64,64,70,54,57,57,57,0],"gold":26,"neow_bonus":"UPGRADE_CARD","is_prod":false,"is_daily":false,"chose_seed":false,"campfire_upgraded":1,"win_rate":0,"timestamp":1544010382,"path_taken":["M","M","$","M","?","E","R","?","T","$","M","?","M","$","R","BOSS"],"build_version":"2018-11-15","purchased_purges":2,"victory":false,"max_hp_per_floor":[80,80,80,80,80,80,80,80,80,80,80,80,80,80,80,80],"card_choices":[{"not_picked":["Shockwave","Havoc"],"picked":"Twin Strike","floor":1},{"not_picked":["Wild Strike","Sever Soul","True Grit"],"picked":"SKIP","floor":2},{"not_picked":["Hemokinesis","Sword Boomerang","Anger"],"picked":"SKIP","floor":4},{"not_picked":["Thunderclap","Warcry","Anger"],"picked":"SKIP","floor":6},{"not_picked":["True Grit","Entrench"],"picked":"Spot Weakness","floor":8},{"not_picked":["Second Wind","True Grit"],"picked":"Limit Break","floor":11},{"not_picked":["Twin Strike","Clash"],"picked":"Shrug It Off","floor":13}],"player_experience":350134,"relics_obtained":[{"floor":12,"key":"Odd Mushroom"}],"event_choices":[{"damage_healed":0,"gold_gain":75,"player_choice":"Touch","damage_taken":8,"max_hp_gain":0,"max_hp_loss":0,"event_name":"FaceTrader","floor":5,"gold_loss":0},{"damage_healed":0,"gold_gain":0,"player_choice":"Fought Mushrooms","damage_taken":0,"max_hp_gain":0,"max_hp_loss":0,"event_name":"Mushrooms","floor":12,"gold_loss":0}],"is_beta":false,"boss_relics":[],"items_purged_floors":[10,14],"is_endless":false,"potions_floor_spawned":[2,6,13],"killed_by":"Slime Boss","ascension_level":0}