{"gold_per_floor":[119,132,144,161,184,184,213,213,240,260,185,210,224,224],"floor_reached":14,"playtime":539,"items_purged":["Strike_G"],"score":117,"play_id":"1d37811e-8c21-42ac-b46b-c8862eadd5ec","local_time":"20190424231345","is_ascension_mode":true,"campfire_choices":[{"data":"Deadly Poison","floor":6,"key":"SMITH"},{"data":"Noxious Fumes","floor":8,"key":"SMITH"}],"neow_cost":"NONE","seed_source_timestamp":1298966365769400,"circlet_count":0,"master_deck":["Defend_G","Defend_G","Defend_G","Defend_G","Defend_G","Strike_G","Strike_G","Strike_G","Strike_G","Survivor","Neutralize","Blur","PiercingWail","Backflip","Deadly Poison+1","Noxious Fumes+1","Prepared","Burst","Backflip"],"relics":["Ring of the Snake","NeowsBlessing","Ancient Tea Set","Boot","Bronze Scales"],"potions_floor_usage":[4,7,14,14],"damage_taken":[{"damage":0,"enemies":"Cultist","floor":1,"turns":1},{"damage":0,"enemies":"Jaw Worm","floor":2,"turns":1},{"damage":0,"enemies":"2 Louse","floor":3,"turns":1},{"damage":3,"enemies":"Lots of Slimes","floor":4,"turns":7},{"damage":35,"enemies":"Gremlin Nob","floor":7,"turns":5},{"damage":0,"enemies":"Exordium Wildlife","floor":10,"turns":5},{"damage":24,"enemies":"3 Sentries","floor":12,"turns":9},{"damage":0,"enemies":"Looter","floor":13,"turns":4},{"damage":15,"enemies":"Gremlin Nob","floor":14,"turns":2}],"seed_played":"7800034771134382500","potions_obtained":[{"floor":3,"key":"SteroidPotion"},{"floor":4,"key":"PowerPotion"},{"floor":10,"key":"FearPotion"},{"floor":12,"key":"Weak Potion"}],"is_trial":false,"path_per_floor":["M","M","M","M","T","R","E","R","T","M","$","E","M","E"],"character_chosen":"THE_SILENT","items_purchased":[],"campfire_rested":0,"item_purchase_floors":[],"current_hp_per_floor":[70,70,70,67,67,67,32,32,32,32,32,8,8,0],"gold":224,"neow_bonus":"THREE_ENEMY_KILL","is_prod":false,"is_daily":false,"chose_seed":false,"campfire_upgraded":2,"win_rate":0,"timestamp":1556140425,"path_taken":["M","M","M","M","?","R","E","R","T","M","$","E","?","E"],"build_version":"2019-01-23","purchased_purges":1,"victory":false,"max_hp_per_floor":[70,70,70,70,70,70,70,70,70,70,70,70,70,70],"card_choices":[{"not_picked":["Dagger Throw","Heel Hook"],"picked":"Blur","floor":1},{"not_picked":["Crippling Poison","Predator"],"picked":"PiercingWail","floor":2},{"not_picked":["Bane","Flechettes"],"picked":"Backflip","floor":3},{"not_picked":["Crippling Poison","Prepared"],"picked":"Deadly Poison","floor":4},{"not_picked":["Backstab","Cloak And Dagger"],"picked":"Noxious Fumes","floor":7},{"not_picked":["Tools of the Trade","Flying Knee"],"picked":"Prepared","floor":10},{"not_picked":["Well Laid Plans","Deflect"],"picked":"Burst","floor":12},{"not_picked":["Infinite Blades","Dagger Throw"],"picked":"Backflip","floor":13}],"player_experience":710716,"relics_obtained":[{"floor":5,"key":"Ancient Tea Set"},{"floor":7,"key":"Boot"},{"floor":12,"key":"Bronze Scales"}],"event_choices":[],"is_beta":false,"boss_relics":[],"items_purged_floors":[11],"is_endless":false,"potions_floor_spawned":[3,4,10,12],"killed_by":"Gremlin Nob","ascension_level":3}