{"gold_per_floor":[112,112,112,92,17,17,49,49,49,49,65,94,107,107,107,181,181,195,56,56,3,21,21,49,49,49,49,78,78,78,22,22,100,100,113,130,77,88,88,88,107,107],"floor_reached":42,"playtime":1335,"items_purged":["Regret"],"score":928,"play_id":"27576328-2242-45b2-b91a-6ca0a5f508c4","local_time":"20190427195505","is_ascension_mode":true,"campfire_choices":[{"data":"Headbutt","floor":6,"key":"SMITH"},{"data":"Strike_R","floor":8,"key":"SMITH"},{"data":"Strike_R","floor":10,"key":"SMITH"},{"data":"Twin Strike","floor":15,"key":"SMITH"},{"data":"Whirlwind","floor":23,"key":"SMITH"},{"data":"Rampage","floor":27,"key":"SMITH"},{"floor":32,"key":"REST"},{"floor":40,"key":"REST"}],"neow_cost":"NONE","seed_source_timestamp":3016084109173186,"circlet_count":0,"master_deck":["AscendersBane","Strike_R","Strike_R","Strike_R","Strike_R+1","Strike_R+1","Defend_R+1","Defend_R","Defend_R","Defend_R","Bash+1","Headbutt+1","Battle Trance","Evolve","Twin Strike+1","Feed","Whirlwind+1","Rampage+1","Pommel Strike","Shame","Headbutt+1","Warcry+1","Shrug It Off","Parasite","Pommel Strike+1","Impervious"],"relics":["Burning Blood","NeowsBlessing","Strawberry","Vajra","Sundial","Dream Catcher","Busted Crown","Gremlin Horn","Pantograph","Happy Flower","Centennial Puzzle","Mummified Hand","Enchiridion","Mark of Pain"],"potions_floor_usage":[12,16,22,24,33,38,42,42],"damage_taken":[{"damage":0,"enemies":"2 Louse","floor":1,"turns":1},{"damage":0,"enemies":"3 Sentries","floor":7,"turns":1},{"damage":0,"enemies":"Small Slimes","floor":11,"turns":1},{"damage":36,"enemies":"Lagavulin","floor":12,"turns":5},{"damage":0,"enemies":"Jaw Worm","floor":13,"turns":3},{"damage":36,"enemies":"Hexaghost","floor":16,"turns":7},{"damage":19,"enemies":"Spheric Guardian","floor":18,"turns":4},{"damage":6,"enemies":"3 Byrds","floor":22,"turns":3},{"damage":16,"enemies":"Slavers","floor":24,"turns":3},{"damage":35,"enemies":"Book of Stabbing","floor":28,"turns":3},{"damage":27,"enemies":"Collector","floor":33,"turns":5},{"damage":11,"enemies":"Orb Walker","floor":35,"turns":2},{"damage":0,"enemies":"3 Shapes","floor":36,"turns":3},{"damage":64,"enemies":"Writhing Mass","floor":38,"turns":6},{"damage":23,"enemies":"4 Shapes","floor":41,"turns":5},{"damage":30,"enemies":"Maw","floor":42,"turns":6}],"seed_played":"-2703176303082155728","potions_obtained":[{"floor":1,"key":"Regen Potion"},{"floor":4,"key":"Swift Potion"},{"floor":12,"key":"SkillPotion"},{"floor":16,"key":"SkillPotion"},{"floor":33,"key":"FearPotion"},{"floor":35,"key":"SteroidPotion"},{"floor":36,"key":"PowerPotion"},{"floor":38,"key":"Strength Potion"}],"is_trial":false,"path_per_floor":["M","?","?","?","$","R","E","R","T","R","M","E","M","$","R","B",null,"M","$","?","?","M","R","E","?","T","R","E","?","?","$","R","B",null,"M","M","$","M","?","R","M","M"],"character_chosen":"IRONCLAD","items_purchased":["Rampage","Pommel Strike","PowerPotion","Shrug It Off"],"campfire_rested":2,"item_purchase_floors":[19,19,31,37],"current_hp_per_floor":[74,81,56,56,56,56,62,62,62,62,68,52,58,58,58,28,69,56,56,56,56,59,59,52,52,52,52,23,2,2,2,28,32,74,72,81,81,23,9,37,23,0],"gold":107,"neow_bonus":"THREE_ENEMY_KILL","is_prod":false,"is_daily":false,"chose_seed":false,"campfire_upgraded":6,"win_rate":0,"timestamp":1556391305,"path_taken":["M","?","?","?","$","R","E","R","T","R","?","E","M","?","R","BOSS","M","$","?","?","?","R","E","?","T","R","E","?","?","$","R","BOSS","M","M","$","M","?","R","?","M"],"build_version":"2019-01-23","purchased_purges":1,"victory":false,"max_hp_per_floor":[75,82,82,82,82,82,82,82,82,82,82,82,82,82,82,82,82,82,82,82,82,85,85,88,88,88,88,88,88,88,88,88,88,88,91,94,94,94,94,94,97,97],"card_choices":[{"not_picked":["Uppercut","Second Wind"],"picked":"Headbutt","floor":1},{"not_picked":["Wild Strike","Heavy Blade","Feel No Pain"],"picked":"SKIP","floor":7},{"not_picked":["Second Wind","Iron Wave"],"picked":"Battle Trance","floor":11},{"not_picked":["Body Slam","Ghostly Armor"],"picked":"Evolve","floor":12},{"not_picked":["Iron Wave","Pummel"],"picked":"Twin Strike","floor":13},{"not_picked":["Brutality","Bludgeon"],"picked":"Feed","floor":16},{"not_picked":[],"picked":"Whirlwind","floor":18},{"not_picked":["Havoc"],"picked":"SKIP","floor":22},{"not_picked":["Dual Wield"],"picked":"SKIP","floor":24},{"not_picked":["Burning Pact"],"picked":"SKIP","floor":28},{"not_picked":[],"picked":"Headbutt+1","floor":32},{"not_picked":["Twin Strike+1"],"picked":"SKIP","floor":35},{"not_picked":[],"picked":"Warcry+1","floor":36},{"not_picked":[],"picked":"Pommel Strike+1","floor":38},{"not_picked":[],"picked":"Impervious","floor":41}],"player_experience":228040,"relics_obtained":[{"floor":7,"key":"Vajra"},{"floor":9,"key":"Sundial"},{"floor":12,"key":"Dream Catcher"},{"floor":24,"key":"Pantograph"},{"floor":26,"key":"Centennial Puzzle"},{"floor":28,"key":"Mummified Hand"},{"floor":29,"key":"Enchiridion"}],"event_choices":[{"damage_healed":0,"gold_gain":0,"player_choice":"Box","damage_taken":0,"relics_obtained":["Strawberry"],"max_hp_gain":0,"max_hp_loss":0,"event_name":"Big Fish","floor":2,"gold_loss":0,"cards_obtained":["Regret"]},{"damage_healed":0,"gold_gain":0,"player_choice":"Entered Light","damage_taken":25,"max_hp_gain":0,"max_hp_loss":0,"event_name":"Shining Light","floor":3,"gold_loss":0,"cards_upgraded":["Bash","Defend_R"]},{"damage_healed":0,"gold_gain":0,"player_choice":"Bought 1 Potion","damage_taken":0,"max_hp_gain":0,"max_hp_loss":0,"event_name":"The Woman in Blue","floor":4,"gold_loss":0},{"damage_healed":0,"gold_gain":0,"player_choice":"Ignored","damage_taken":0,"max_hp_gain":0,"max_hp_loss":0,"event_name":"Ghosts","floor":20,"gold_loss":0},{"damage_healed":0,"gold_gain":0,"player_choice":"Paid Gold","damage_taken":0,"relics_obtained":["Gremlin Horn"],"max_hp_gain":0,"max_hp_loss":0,"event_name":"WeMeetAgain","floor":21,"gold_loss":53},{"damage_healed":0,"gold_gain":0,"player_choice":"Stole Relic","damage_taken":0,"relics_obtained":["Happy Flower"],"max_hp_gain":0,"max_hp_loss":0,"event_name":"Addict","floor":25,"gold_loss":0,"cards_obtained":["Shame"]},{"damage_healed":0,"gold_gain":0,"player_choice":"Obtained Book","damage_taken":21,"max_hp_gain":0,"max_hp_loss":0,"event_name":"Cursed Tome","floor":29,"gold_loss":0},{"damage_healed":0,"gold_gain":0,"player_choice":"Ignored","damage_taken":0,"max_hp_gain":0,"max_hp_loss":0,"event_name":"The Mausoleum","floor":30,"gold_loss":0},{"damage_healed":0,"gold_gain":0,"player_choice":"Damaged","damage_taken":14,"max_hp_gain":0,"max_hp_loss":0,"event_name":"Wheel of Change","floor":39,"gold_loss":0}],"is_beta":false,"boss_relics":[{"not_picked":["Tiny House","Coffee Dripper"],"picked":"Busted Crown"},{"not_picked":["Pandora\u0027s Box","Sozu"],"picked":"Mark of Pain"}],"items_purged_floors":[5],"is_endless":false,"potions_floor_spawned":[1,11,12,13,16,18,33,35,36,38],"killed_by":"Maw","ascension_level":19}