{"gold_per_floor":[117,67,85,85,85,111,111,125,175,185,260,260,260,274,274,374,374,384,384,483,334,249,274,274,304,304,304,317,217,247,262,262,367,367,386,486,11,21,34,34,66,66,93,119,133,133,162,12,12,12],"floor_reached":51,"playtime":3852,"items_purged":["Defend_B","Strike_B","Defend_B","Strike_B"],"score":1002,"play_id":"1029e321-78a9-4bdd-90d2-991eec3317ab","local_time":"20181126133404","is_ascension_mode":true,"campfire_choices":[{"data":"Gash","floor":7,"key":"SMITH"},{"data":"Go for the Eyes","floor":15,"key":"SMITH"},{"data":"All For One","floor":24,"key":"SMITH"},{"floor":27,"key":"REST"},{"data":"Gash","floor":32,"key":"SMITH"},{"data":"Zap","floor":40,"key":"SMITH"},{"data":"BootSequence","floor":42,"key":"SMITH"},{"floor":49,"key":"REST"}],"neow_cost":"NONE","seed_source_timestamp":660981877014791,"circlet_count":0,"master_deck":["Strike_B","Defend_B","Defend_B","Zap+1","Dualcast","Gash+1","BootSequence+1","Go for the Eyes+1","All For One+1","All For One","Go for the Eyes+1","Gash+1","Machine Learning","Defragment+1","Beam Cell+1","Beam Cell+1"],"relics":["FrozenCore","NeowsBlessing","Bronze Scales","Bag of Preparation","Meat on the Bone","Nuclear Battery","Dodecahedron","Gremlin Horn","Cables","Orichalcum","Pear","Unceasing Top","Regal Pillow","Strange Spoon","Lantern","Juzu Bracelet","Question Card","Singing Bowl"],"potions_floor_usage":[8,10,16,16,16,16,16,23,23,25,30,35,39,44,47,50],"damage_taken":[{"damage":0,"enemies":"Jaw Worm","floor":1,"turns":1},{"damage":0,"enemies":"2 Louse","floor":3,"turns":1},{"damage":0,"enemies":"Lagavulin","floor":6,"turns":1},{"damage":0,"enemies":"Cultist","floor":8,"turns":4},{"damage":0,"enemies":"3 Louse","floor":10,"turns":3},{"damage":1,"enemies":"Looter","floor":14,"turns":2},{"damage":16,"enemies":"The Guardian","floor":16,"turns":8},{"damage":0,"enemies":"Shell Parasite","floor":18,"turns":3},{"damage":41,"enemies":"Slavers","floor":23,"turns":5},{"damage":16,"enemies":"Gremlin Leader","floor":25,"turns":5},{"damage":0,"enemies":"3 Byrds","floor":28,"turns":2},{"damage":6,"enemies":"Slavers","floor":30,"turns":4},{"damage":6,"enemies":"3 Cultists","floor":31,"turns":4},{"damage":59,"enemies":"Champ","floor":33,"turns":9},{"damage":13,"enemies":"3 Shapes","floor":35,"turns":2},{"damage":8,"enemies":"Mind Bloom Boss Battle","floor":36,"turns":5},{"damage":0,"enemies":"Orb Walker","floor":38,"turns":2},{"damage":0,"enemies":"4 Shapes","floor":39,"turns":4},{"damage":35,"enemies":"Giant Head","floor":41,"turns":7},{"damage":26,"enemies":"Nemesis","floor":44,"turns":7},{"damage":0,"enemies":"Spire Growth","floor":45,"turns":3},{"damage":0,"enemies":"Giant Head","floor":47,"turns":3},{"damage":24,"enemies":"Time Eater","floor":50,"turns":6}],"seed_played":"4573442708628605915","potions_obtained":[{"floor":1,"key":"Dexterity Potion"},{"floor":5,"key":"SpeedPotion"},{"floor":5,"key":"EntropicBrew"},{"floor":14,"key":"FearPotion"},{"floor":16,"key":"Ancient Potion"},{"floor":18,"key":"Poison Potion"},{"floor":23,"key":"Swift Potion"},{"floor":28,"key":"Explosive Potion"},{"floor":33,"key":"Poison Potion"},{"floor":38,"key":"SkillPotion"},{"floor":41,"key":"Dexterity Potion"},{"floor":45,"key":"PowerPotion"},{"floor":47,"key":"Strength Potion"}],"is_trial":false,"path_per_floor":["M","?","M","?","?","E","R","M","T","M","?","?","T","M","R","B",null,"M","?","?","$","?","E","R","E","T","R","M","$","E","M","R","B",null,"M","?","$","M","M","R","E","R","T","E","M","T","E","$","R","B",null],"character_chosen":"DEFECT","items_purchased":["All For One","Regal Pillow","Strange Spoon"],"campfire_rested":2,"item_purchase_floors":[21,37,37],"current_hp_per_floor":[75,75,75,75,75,75,75,75,75,75,64,69,69,68,68,52,80,80,80,80,80,80,51,51,47,47,71,71,71,75,69,69,22,90,77,69,69,69,69,69,46,46,46,32,44,44,56,56,90,66],"gold":12,"neow_bonus":"THREE_ENEMY_KILL","is_prod":false,"is_daily":false,"chose_seed":false,"campfire_upgraded":6,"win_rate":0,"timestamp":1543235644,"path_taken":["M","?","M","?","?","E","R","?","T","M","?","?","?","M","R","BOSS","M","?","?","$","?","E","R","E","T","R","M","?","E","M","R","BOSS","M","?","$","M","M","R","E","R","T","E","M","?","E","$","R","BOSS"],"build_version":"2018-11-15","purchased_purges":4,"victory":true,"max_hp_per_floor":[75,75,75,75,75,75,75,75,75,75,75,80,80,80,80,80,80,80,80,80,80,80,80,80,80,80,80,80,80,90,90,90,90,90,90,90,90,90,90,90,90,90,90,90,90,90,90,90,90,90],"card_choices":[{"not_picked":["Capacitor","Reprogram","Steam"],"picked":"SKIP","floor":1},{"not_picked":["Chill","Ball Lightning"],"picked":"Gash","floor":3},{"not_picked":["Hello World","Sweeping Beam","Conserve Battery"],"picked":"SKIP","floor":6},{"not_picked":["Streamline","Steam","Sunder"],"picked":"SKIP","floor":8},{"not_picked":["Heatsinks","Recycle"],"picked":"BootSequence","floor":10},{"not_picked":["White Noise","Recycle"],"picked":"Go for the Eyes","floor":14},{"not_picked":["Rainbow","Multi-Cast"],"picked":"All For One","floor":16},{"not_picked":["Compile Driver","Storm","Barrage+1"],"picked":"SKIP","floor":18},{"not_picked":["Reinforced Body","Genetic Algorithm+1","Steam"],"picked":"SKIP","floor":23},{"not_picked":["Reinforced Body","Genetic Algorithm+1","Steam"],"picked":"SKIP","floor":23},{"not_picked":["Compile Driver","Fusion"],"picked":"Go for the Eyes+1","floor":25},{"not_picked":["Rebound","Cold Snap","Leap"],"picked":"SKIP","floor":28},{"not_picked":["Aggregate","Compile Driver","Chaos"],"picked":"SKIP","floor":30},{"not_picked":["BootSequence","Core Surge"],"picked":"Gash","floor":31},{"not_picked":["Buffer","Creative AI"],"picked":"Machine Learning","floor":33},{"not_picked":["BootSequence","Steam","Recycle+1"],"picked":"SKIP","floor":35},{"not_picked":["Reprogram+1","Darkness","Tempest"],"picked":"SKIP","floor":38},{"not_picked":["Compile Driver+1","Steam","Doom and Gloom"],"picked":"SKIP","floor":39},{"not_picked":["Streamline+1","Redo"],"picked":"Defragment+1","floor":41},{"not_picked":["Sweeping Beam+1","Capacitor+1","Aggregate+1"],"picked":"SKIP","floor":44},{"not_picked":["Streamline","Leap+1"],"picked":"Beam Cell+1","floor":45},{"not_picked":["Heatsinks","Go for the Eyes","Leap+1"],"picked":"Beam Cell+1","floor":47}],"player_experience":247484,"relics_obtained":[{"floor":6,"key":"Bronze Scales"},{"floor":9,"key":"Bag of Preparation"},{"floor":13,"key":"Meat on the Bone"},{"floor":23,"key":"Gremlin Horn"},{"floor":25,"key":"Cables"},{"floor":26,"key":"Orichalcum"},{"floor":30,"key":"Pear"},{"floor":36,"key":"Unceasing Top"},{"floor":41,"key":"Lantern"},{"floor":44,"key":"Juzu Bracelet"},{"floor":46,"key":"Question Card"},{"floor":47,"key":"Singing Bowl"}],"event_choices":[{"cards_removed":["Strike_B"],"damage_healed":0,"gold_gain":0,"player_choice":"Card Removal","damage_taken":0,"max_hp_gain":0,"max_hp_loss":0,"event_name":"The Cleric","floor":2,"gold_loss":50},{"damage_healed":0,"gold_gain":0,"player_choice":"Ignored","damage_taken":0,"max_hp_gain":0,"max_hp_loss":0,"event_name":"Shining Light","floor":4,"gold_loss":0},{"damage_healed":0,"gold_gain":0,"player_choice":"Got Potions","damage_taken":0,"max_hp_gain":0,"max_hp_loss":0,"event_name":"Lab","floor":5,"gold_loss":0},{"damage_healed":0,"gold_gain":75,"player_choice":"Gather Gold","damage_taken":11,"max_hp_gain":0,"max_hp_loss":0,"event_name":"World of Goop","floor":11,"gold_loss":0},{"damage_healed":0,"gold_gain":0,"player_choice":"Donut","damage_taken":0,"max_hp_gain":5,"max_hp_loss":0,"event_name":"Big Fish","floor":12,"gold_loss":0},{"damage_healed":0,"gold_gain":0,"player_choice":"Ignored","damage_taken":0,"max_hp_gain":0,"max_hp_loss":0,"event_name":"Ghosts","floor":19,"gold_loss":0},{"damage_healed":0,"gold_gain":99,"player_choice":"Stole From Cult","damage_taken":0,"max_hp_gain":0,"max_hp_loss":0,"event_name":"Nest","floor":20,"gold_loss":0},{"damage_healed":0,"gold_gain":0,"player_choice":"Obtained Relic","damage_taken":0,"relics_obtained":["Dodecahedron"],"max_hp_gain":0,"max_hp_loss":0,"event_name":"Addict","floor":22,"gold_loss":85},{"damage_healed":0,"gold_gain":0,"player_choice":"Fight","damage_taken":0,"max_hp_gain":0,"max_hp_loss":0,"event_name":"MindBloom","floor":36,"gold_loss":0}],"is_beta":false,"boss_relics":[{"not_picked":["Fusion Hammer","Astrolabe"],"picked":"Nuclear Battery"},{"not_picked":["Eternal Feather","Cursed Key"],"picked":"FrozenCore"}],"items_purged_floors":[21,29,37,48],"is_endless":false,"potions_floor_spawned":[1,14,16,18,23,28,33,38,41,45,47],"ascension_level":4}