{"gold_per_floor":[219,219,32,32,0,31,31,45,118,118,128,157,157,157],"floor_reached":14,"playtime":362,"items_purged":["Strike_R"],"score":187,"play_id":"0157f2a7-f850-4bc3-92c6-6aed42c3986b","local_time":"20190429011655","is_ascension_mode":true,"campfire_choices":[{"floor":7,"key":"REST"},{"data":"Shockwave","floor":10,"key":"SMITH"},{"data":"True Grit","floor":13,"key":"SMITH"}],"neow_cost":"NONE","seed_source_timestamp":3122779033676508,"circlet_count":0,"master_deck":["AscendersBane","Strike_R","Strike_R","Strike_R","Strike_R","Defend_R","Defend_R","Defend_R","Defend_R","Bash","Headbutt","True Grit","Shockwave+1","True Grit+1","Iron Wave","Inflame"],"relics":["Burning Blood","Bag of Preparation","Mercury Hourglass","Ornamental Fan"],"potions_floor_usage":[],"damage_taken":[{"damage":8,"enemies":"Cultist","floor":1,"turns":5},{"damage":65,"enemies":"Lagavulin","floor":6,"turns":9},{"damage":1,"enemies":"2 Louse","floor":8,"turns":5},{"damage":0,"enemies":"Jaw Worm","floor":11,"turns":4},{"damage":33,"enemies":"3 Sentries","floor":12,"turns":9},{"damage":0,"enemies":"Large Slime","floor":14,"turns":1}],"seed_played":"4694168393555096035","potions_obtained":[{"floor":11,"key":"Strength Potion"},{"floor":12,"key":"EssenceOfSteel"}],"is_trial":false,"path_per_floor":["M","?","$","?","?","E","R","M","T","R","M","E","R","M"],"character_chosen":"IRONCLAD","items_purchased":["True Grit","Shockwave"],"campfire_rested":1,"item_purchase_floors":[3,3],"current_hp_per_floor":[66,66,66,66,66,7,29,34,34,34,40,13,13,13],"gold":157,"neow_bonus":"HUNDRED_GOLD","is_prod":false,"is_daily":false,"chose_seed":false,"campfire_upgraded":2,"win_rate":0,"timestamp":1556497015,"path_taken":["M","?","$","?","?","E","R","M","T","R","M","E","R","M"],"build_version":"2019-01-23","purchased_purges":1,"victory":false,"max_hp_per_floor":[75,75,75,75,75,75,75,75,75,75,75,75,75,75],"card_choices":[{"not_picked":["Sword Boomerang","Sentinel"],"picked":"Headbutt","floor":1},{"not_picked":["Perfected Strike","Anger"],"picked":"True Grit","floor":6},{"not_picked":["Clash","Evolve"],"picked":"Iron Wave","floor":8},{"not_picked":["Thunderclap","Heavy Blade"],"picked":"Inflame","floor":11},{"not_picked":["Blood for Blood","Intimidate","Shockwave"],"picked":"SKIP","floor":12}],"player_experience":239414,"relics_obtained":[{"floor":6,"key":"Bag of Preparation"},{"floor":9,"key":"Mercury Hourglass"},{"floor":12,"key":"Ornamental Fan"}],"event_choices":[{"damage_healed":0,"gold_gain":0,"player_choice":"Leave","damage_taken":0,"max_hp_gain":0,"max_hp_loss":0,"event_name":"The Cleric","floor":2,"gold_loss":0},{"damage_healed":0,"gold_gain":0,"player_choice":"Ignored","damage_taken":0,"max_hp_gain":0,"max_hp_loss":0,"event_name":"Liars Game","floor":4,"gold_loss":0},{"damage_healed":0,"gold_gain":0,"player_choice":"Left Gold","damage_taken":0,"max_hp_gain":0,"max_hp_loss":0,"event_name":"World of Goop","floor":5,"gold_loss":32}],"is_beta":false,"boss_relics":[],"items_purged_floors":[3],"is_endless":false,"potions_floor_spawned":[11,12],"killed_by":"Large Slime","ascension_level":19}