{"gold_per_floor":[114,114,114,46,0,28,28,47,96,122,142,156,156,168,168,263,263,281,45,56,75,75],"floor_reached":22,"playtime":1851,"items_purged":["Strike_B"],"score":287,"play_id":"dfecba8b-33d8-41f5-a2fe-135c12655ea3","local_time":"20190318125222","is_ascension_mode":true,"campfire_choices":[{"data":"Zap","floor":7,"key":"SMITH"},{"floor":13,"key":"REST"},{"data":"Dualcast","floor":15,"key":"SMITH"}],"neow_cost":"NONE","seed_source_timestamp":415112350484846,"circlet_count":0,"master_deck":["Strike_B","Strike_B","Defend_B","Defend_B","Defend_B","Defend_B","Zap+1","Dualcast+1","Coolheaded+1","Self Repair","Conserve Battery","Double Energy","Coolheaded","Sunder","Reboot","Chaos","Ball Lightning","Creative AI","Glacier+1","Chill","Heatsinks","Gash","Blizzard+1"],"relics":["Cracked Core","NeowsBlessing","Sundial","Regal Pillow","Ancient Tea Set","Inserter"],"potions_floor_usage":[14,16,16,18,22],"damage_taken":[{"damage":0,"enemies":"Jaw Worm","floor":1,"turns":1},{"damage":0,"enemies":"3 Sentries","floor":6,"turns":1},{"damage":0,"enemies":"2 Louse","floor":8,"turns":1},{"damage":45,"enemies":"Gremlin Nob","floor":10,"turns":6},{"damage":5,"enemies":"Small Slimes","floor":11,"turns":2},{"damage":11,"enemies":"Blue Slaver","floor":12,"turns":4},{"damage":0,"enemies":"Gremlin Gang","floor":14,"turns":2},{"damage":26,"enemies":"Slime Boss","floor":16,"turns":7},{"damage":20,"enemies":"Chosen","floor":18,"turns":5},{"damage":30,"enemies":"Shell Parasite","floor":20,"turns":12},{"damage":28,"enemies":"Centurion and Healer","floor":21,"turns":10},{"damage":10,"enemies":"Snecko","floor":22,"turns":4}],"seed_played":"6893362102998704028","potions_obtained":[{"floor":10,"key":"Explosive Potion"},{"floor":11,"key":"LiquidBronze"},{"floor":12,"key":"FocusPotion"},{"floor":16,"key":"PowerPotion"},{"floor":21,"key":"Ancient Potion"}],"is_trial":false,"path_per_floor":["?","?","$"],"character_chosen":"DEFECT","items_purchased":["Self Repair","Conserve Battery","Chill","Heatsinks"],"campfire_rested":1,"item_purchase_floors":[4,5,19,19],"current_hp_per_floor":[68,53,46,46,46,53,53,53,53,15,17,13,50,57,57,38,66,53,53,30,9,0],"gold":75,"neow_bonus":"THREE_ENEMY_KILL","is_prod":false,"is_daily":false,"chose_seed":false,"campfire_upgraded":2,"win_rate":0,"timestamp":1552935142,"path_taken":["M","?","?","?","$","E","R","M","T","E","M","M","R","M","R","BOSS","M","$","M","M","M"],"build_version":"2019-01-23","purchased_purges":1,"victory":false,"max_hp_per_floor":[75,75,75,75,75,75,75,75,75,75,75,75,75,75,75,75,75,75,75,75,75,75],"card_choices":[{"not_picked":["Darkness","Force Field"],"picked":"Coolheaded","floor":1},{"not_picked":["Auto Shields","Consume"],"picked":"Double Energy","floor":6},{"not_picked":["Redo","Turbo"],"picked":"Coolheaded","floor":8},{"not_picked":["Blizzard","Chill"],"picked":"Sunder","floor":10},{"not_picked":["Hologram","Steam"],"picked":"Reboot","floor":11},{"not_picked":["Stack","Undo"],"picked":"Chaos","floor":12},{"not_picked":["Hologram","Sweeping Beam"],"picked":"Ball Lightning","floor":14},{"not_picked":["Biased Cognition","Rainbow"],"picked":"Creative AI","floor":16},{"not_picked":["Leap","Rebound"],"picked":"Glacier+1","floor":18},{"not_picked":["Rip and Tear","Ball Lightning"],"picked":"Gash","floor":20},{"not_picked":["Lockon","Melter+1"],"picked":"Blizzard+1","floor":21}],"player_experience":307675,"relics_obtained":[{"floor":6,"key":"Sundial"},{"floor":9,"key":"Regal Pillow"},{"floor":10,"key":"Ancient Tea Set"}],"event_choices":[{"damage_healed":0,"gold_gain":0,"player_choice":"Entered Light","damage_taken":15,"max_hp_gain":0,"max_hp_loss":0,"event_name":"Shining Light","floor":2,"gold_loss":0,"cards_upgraded":["Strike_B","Coolheaded"]},{"cards_removed":["Strike_B"],"damage_healed":0,"gold_gain":0,"player_choice":"Card Removal","damage_taken":7,"max_hp_gain":0,"max_hp_loss":0,"event_name":"Golden Wing","floor":3,"gold_loss":0}],"is_beta":false,"boss_relics":[{"not_picked":["Empty Cage","Velvet Choker"],"picked":"Inserter"}],"items_purged_floors":[19],"is_endless":false,"potions_floor_spawned":[10,11,12,16,21],"killed_by":"Snecko","ascension_level":6}