{"gold_per_floor":[113,131,131,143,143,184,198,198,198,198,168,192,45,70,70,200,200,200],"floor_reached":18,"playtime":610,"items_purged":[],"score":211,"play_id":"cd270706-4ace-4dcb-be8a-ee95c0333c52","local_time":"20190427230058","is_ascension_mode":true,"campfire_choices":[{"data":"True Grit","floor":8,"key":"SMITH"},{"data":"True Grit","floor":10,"key":"SMITH"},{"floor":15,"key":"REST"}],"neow_cost":"NONE","seed_source_timestamp":1557328291763800,"circlet_count":0,"master_deck":["Strike_R","Strike_R","Strike_R","Strike_R","Defend_R","Defend_R","Defend_R","Defend_R","Bash","Sentinel","Inflame","True Grit+1","True Grit+1","Demon Form+1","Intimidate","Reaper"],"relics":["Burning Blood","NeowsBlessing","Golden Idol","Happy Flower","Frozen Egg 2","Dream Catcher","Philosopher\u0027s Stone"],"potions_floor_usage":[16,16],"damage_taken":[{"damage":0,"enemies":"Small Slimes","floor":1,"turns":1},{"damage":0,"enemies":"Cultist","floor":2,"turns":1},{"damage":0,"enemies":"Jaw Worm","floor":4,"turns":1},{"damage":55,"enemies":"3 Sentries","floor":6,"turns":11},{"damage":23,"enemies":"Red Slaver","floor":7,"turns":6},{"damage":3,"enemies":"Blue Slaver","floor":12,"turns":4},{"damage":0,"enemies":"Exordium Wildlife","floor":14,"turns":4},{"damage":18,"enemies":"The Guardian","floor":16,"turns":8},{"damage":83,"enemies":"3 Byrds","floor":18,"turns":4}],"seed_played":"3546879151359489346","potions_obtained":[{"floor":6,"key":"Explosive Potion"},{"floor":11,"key":"Swift Potion"},{"floor":11,"key":"SmokeBomb"},{"floor":12,"key":"PowerPotion"},{"floor":16,"key":"AttackPotion"}],"is_trial":false,"path_per_floor":["M","M","?","M","?","E","M","R","T","R","?","M","$","M","R","B",null,"M"],"character_chosen":"IRONCLAD","items_purchased":["Dream Catcher"],"campfire_rested":1,"item_purchase_floors":[13],"current_hp_per_floor":[78,80,80,80,74,25,8,8,8,8,8,11,11,17,39,27,62,0],"gold":200,"neow_bonus":"THREE_ENEMY_KILL","is_prod":false,"is_daily":false,"chose_seed":false,"campfire_upgraded":2,"win_rate":0,"timestamp":1556398858,"path_taken":["M","M","?","M","?","E","M","R","T","R","?","M","$","?","R","BOSS","M"],"build_version":"2019-01-23","purchased_purges":0,"victory":false,"max_hp_per_floor":[80,80,80,80,74,74,74,74,74,74,74,74,74,74,74,74,74,74],"card_choices":[{"not_picked":["Sword Boomerang","Perfected Strike","Twin Strike"],"picked":"SKIP","floor":1},{"not_picked":["Bloodletting","Iron Wave","Armaments"],"picked":"SKIP","floor":2},{"not_picked":["Flex","Perfected Strike"],"picked":"Inflame","floor":4},{"not_picked":["Flex","Perfected Strike"],"picked":"True Grit","floor":6},{"not_picked":["Headbutt","Blood for Blood"],"picked":"True Grit","floor":7},{"not_picked":["Wild Strike","Iron Wave","Perfected Strike"],"picked":"SKIP","floor":12},{"not_picked":["Combust+1","Cleave"],"picked":"Demon Form+1","floor":14},{"not_picked":["Power Through","Headbutt"],"picked":"Intimidate","floor":15},{"not_picked":["Bludgeon","Limit Break"],"picked":"Reaper","floor":16}],"player_experience":811381,"relics_obtained":[{"floor":6,"key":"Happy Flower"},{"floor":9,"key":"Frozen Egg 2"}],"event_choices":[{"damage_healed":0,"gold_gain":0,"cards_transformed":["Strike_R"],"player_choice":"Change","damage_taken":0,"max_hp_gain":0,"max_hp_loss":0,"event_name":"Living Wall","floor":3,"gold_loss":0,"cards_obtained":["Sentinel"]},{"damage_healed":0,"gold_gain":0,"player_choice":"Lose Max HP","damage_taken":0,"relics_obtained":["Golden Idol"],"max_hp_gain":0,"max_hp_loss":6,"event_name":"Golden Idol","floor":5,"gold_loss":0},{"damage_healed":0,"gold_gain":0,"player_choice":"Bought 2 Potions","damage_taken":0,"max_hp_gain":0,"max_hp_loss":0,"event_name":"The Woman in Blue","floor":11,"gold_loss":0}],"is_beta":false,"boss_relics":[{"not_picked":["Runic Pyramid","White Beast Statue"],"picked":"Philosopher\u0027s Stone"}],"items_purged_floors":[],"is_endless":false,"potions_floor_spawned":[6,12,16],"killed_by":"3 Byrds","ascension_level":6}