{"path_per_floor":["M","?","M","M","$","R","E","R","T","R","?","M","$","?","R","B",null,"M","?","$","M","M","R","M","R","T","?","R","M","M"],"character_chosen":"THE_SILENT","items_purchased":["Deadly Poison","Noxious Fumes","Backflip","Blade Dance","Flying Knee","Sadistic Nature"],"gold_per_floor":[113,288,298,315,95,95,127,127,202,202,202,219,135,135,135,237,237,248,248,41,60,76,76,96,96,96,96,96,110,120],"floor_reached":31,"campfire_rested":4,"playtime":3763,"current_hp_per_floor":[65,65,65,59,59,59,27,48,48,69,69,65,65,58,58,9,70,70,70,70,53,41,41,25,46,46,30,51,29,9],"items_purged":["Doubt"],"gold":120,"play_id":"58cca1c8-bdeb-4229-bdb1-ea60aae893eb","is_prod":false,"is_daily":false,"is_ascension_mode":false,"campfire_upgraded":3,"path_taken":["M","?","M","M","$","R","E","R","T","R","?","M","$","?","R","BOSS","M","?","$","M","M","R","?","R","T","?","R","M","M","?"],"build_version":"2018-01-25-PROD3","purchased_purges":1,"victory":false,"master_deck":["Defend_G","Defend_G","Defend_G","Defend_G","Defend_G","Strike_G","Strike_G","Strike_G","Strike_G","Survivor","Neutralize","Well Laid Plans","Prepared","Deadly Poison+1","Deadly Poison","Noxious Fumes","Backflip","Deadly Poison","Backflip+1","Blade Dance","Flying Knee","After Image+1","Poisoned Stab","Sadistic Nature","Sucker Punch+1","Poisoned Stab","Caltrops","Prepared","Leg Sweep"],"max_hp_per_floor":[70,70,70,70,70,70,70,70,70,70,70,70,70,70,70,70,70,70,70,70,70,70,70,70,70,70,70,70,70,70],"relics":["Ring of the Snake","Toolbox","Kunai","Velvet Choker","Gambling Chip","Nilry\u0027s Codex"],"card_choices":[{"not_picked":["Dodge and Roll","Dagger Throw"],"picked":"Well Laid Plans"},{"not_picked":["Eviscerate","Deflect"],"picked":"Prepared"},{"not_picked":["All Out Attack","Distraction"],"picked":"Deadly Poison"},{"not_picked":["Bullet Time","Outmaneuver"],"picked":"Deadly Poison"},{"not_picked":["Choke","Sucker Punch"],"picked":"Backflip"},{"not_picked":["Wraith Form","Doppelganger"],"picked":"After Image"},{"not_picked":["PiercingWail","Backflip"],"picked":"Poisoned Stab"},{"not_picked":["Poisoned Stab","Acrobatics"],"picked":"Sucker Punch"},{"not_picked":["Distraction","Outmaneuver"],"picked":"Poisoned Stab"},{"not_picked":["Dagger Spray","Skewer"],"picked":"Caltrops"},{"not_picked":["All Out Attack","Masterful Stab"],"picked":"Prepared"},{"not_picked":["A Thousand Cuts","Outmaneuver"],"picked":"Leg Sweep"}],"player_experience":14517,"potions_floor_usage":[16,16,18],"damage_taken":[{"damage":5.0,"enemies":"Small Slimes","floor":1.0,"turns":4.0},{"damage":0.0,"enemies":"2 Louse","floor":3.0,"turns":4.0},{"damage":6.0,"enemies":"Jaw Worm","floor":4.0,"turns":5.0},{"damage":32.0,"enemies":"3 Sentries","floor":7.0,"turns":8.0},{"damage":4,"enemies":"Large Slime","floor":12,"turns":6},{"damage":49,"enemies":"Slime Boss","floor":16,"turns":11},{"damage":0,"enemies":"Chosen","floor":18,"turns":6},{"damage":17,"enemies":"2 Thieves","floor":21,"turns":4},{"damage":12,"enemies":"Snake Plant","floor":22,"turns":4},{"damage":16,"enemies":"Sentry and Sphere","floor":24,"turns":6},{"damage":22,"enemies":"3 Cultists","floor":29,"turns":6},{"damage":20,"enemies":"Centurion and Healer","floor":30,"turns":6},{"damage":12,"enemies":"Sentry and Sphere","floor":31,"turns":5}],"event_choices":[{"event_name":"Liars Game","player_choice":"agreed","floor":2.0,"damage_taken":0.0},{"event_name":"The Lab","player_choice":"Got Potions","floor":11,"damage_taken":0},{"event_name":"Golden Wing","player_choice":"Card Removal","floor":14,"damage_taken":0},{"event_name":"Vampires","player_choice":"Ignored","floor":19,"damage_taken":0},{"event_name":"Cursed Tome","player_choice":"Obtained Book","floor":27,"damage_taken":0}],"boss_relics":[{"not_picked":["Philosopher\u0027s Stone","Snecko Eye"],"picked":"Velvet Choker"}],"potions_floor_spawned":[3,16,18,22,30],"seed_played":"-7029386410938576063","killed_by":"Sentry and Sphere","ascension_level":0,"is_trial":false}