{"gold_per_floor":[115,133,133,95,118,157,180,206,218,230,260,4,38,49,49,152,152,172,185,59,71,71,71,100,100,123,150,150],"floor_reached":28,"playtime":1480,"items_purged":[],"score":297,"play_id":"2e4e958a-62f3-44fc-8e07-111d35503f8a","local_time":"20180811122700","is_ascension_mode":true,"campfire_choices":[{"data":"Bash","floor":10,"key":"SMITH"},{"data":"Clothesline","floor":15,"key":"SMITH"},{"data":"Barricade","floor":23,"key":"SMITH"},{"floor":25,"key":"REST"}],"neow_cost":"NONE","seed_source_timestamp":261196350251811,"circlet_count":0,"master_deck":["Strike_R","Strike_R","Strike_R","Strike_R","Defend_R","Defend_R","Defend_R","Defend_R","Bash+1","Iron Wave","Clothesline+1","Twin Strike","Flame Barrier","True Grit","Headbutt","Spot Weakness","Thunderclap","Headbutt","Inflame","Barricade+1","Battle Trance+1","Armaments+1","Shrug It Off+1","Clash","Power Through+1","Bludgeon"],"relics":["Burning Blood","MawBank","Bag of Preparation","Oddly Smooth Stone","Kunai","Toxic Egg 2","Mark of Pain","Frozen Egg 2","Juzu Bracelet","Torii"],"potions_floor_usage":[6,16,24,24,28],"damage_taken":[{"damage":11,"enemies":"Jaw Worm","floor":1,"turns":5},{"damage":0,"enemies":"Cultist","floor":2,"turns":3},{"damage":0,"enemies":"Small Slimes","floor":5,"turns":3},{"damage":12,"enemies":"3 Sentries","floor":6,"turns":9},{"damage":9,"enemies":"Looter","floor":7,"turns":3},{"damage":6,"enemies":"2 Fungi Beasts","floor":8,"turns":4},{"damage":36,"enemies":"Exordium Thugs","floor":11,"turns":5},{"damage":9,"enemies":"Lagavulin","floor":13,"turns":8},{"damage":2,"enemies":"Looter","floor":14,"turns":3},{"damage":27,"enemies":"The Guardian","floor":16,"turns":13},{"damage":44,"enemies":"Spheric Guardian","floor":18,"turns":6},{"damage":9,"enemies":"Shell Parasite","floor":19,"turns":5},{"damage":39,"enemies":"3 Cultists","floor":21,"turns":7},{"damage":27,"enemies":"Slavers","floor":24,"turns":8},{"damage":37,"enemies":"Gremlin Leader","floor":27,"turns":16},{"damage":21,"enemies":"Snake Plant","floor":28,"turns":5}],"seed_played":"-7537248301058141280","potions_obtained":[{"floor":1,"key":"BloodPotion"},{"floor":2,"key":"Fire Potion"},{"floor":11,"key":"LiquidBronze"},{"floor":13,"key":"GamblersBrew"},{"floor":18,"key":"Swift Potion"},{"floor":27,"key":"Weak Potion"}],"is_trial":false,"path_per_floor":["M","M","?","?","M","E","M","M","T","R","M","$","E","M","R","B",null,"M","M","$","M","?","R","E","R","T","E"],"character_chosen":"IRONCLAD","items_purchased":["Kunai","Thunderclap","Armaments+1","Shrug It Off+1","Clash"],"campfire_rested":1,"item_purchase_floors":[12,12,20,20,20],"current_hp_per_floor":[83,88,88,88,88,82,79,79,79,79,49,49,46,50,50,29,88,50,47,47,14,43,43,22,48,48,17,0],"gold":150,"neow_bonus":"TEN_PERCENT_HP_BONUS","is_prod":false,"is_daily":false,"chose_seed":false,"campfire_upgraded":3,"win_rate":0,"timestamp":1534015620,"path_taken":["M","M","?","?","M","E","M","?","T","R","M","$","E","M","R","BOSS","M","M","$","M","?","R","E","R","T","E","M"],"build_version":"2018-08-09","purchased_purges":0,"victory":false,"max_hp_per_floor":[88,88,88,88,88,88,88,88,88,88,88,88,88,88,88,88,88,88,88,88,88,88,88,88,88,88,88,88],"card_choices":[{"not_picked":["True Grit","Rupture"],"picked":"Iron Wave","floor":1},{"not_picked":["Clash","Heavy Blade"],"picked":"Clothesline","floor":2},{"not_picked":["Warcry","Clothesline"],"picked":"Twin Strike","floor":5},{"not_picked":["Perfected Strike","Second Wind"],"picked":"Flame Barrier","floor":6},{"not_picked":["Infernal Blade","Warcry"],"picked":"True Grit","floor":7},{"not_picked":["Flex","Heavy Blade"],"picked":"Headbutt","floor":8},{"not_picked":["Body Slam","Entrench"],"picked":"Spot Weakness","floor":11},{"not_picked":["Intimidate","Perfected Strike"],"picked":"Headbutt","floor":13},{"not_picked":["Reckless Charge","Searing Blow"],"picked":"Inflame","floor":14},{"not_picked":["Immolate","Demon Form"],"picked":"Barricade","floor":16},{"not_picked":["Bloodletting+1","Perfected Strike","Sword Boomerang+1"],"picked":"SKIP","floor":18},{"not_picked":["Pummel+1","Heavy Blade"],"picked":"Battle Trance+1","floor":19},{"not_picked":["Wild Strike+1","Anger"],"picked":"Power Through+1","floor":21},{"not_picked":["Heavy Blade+1","Demon Form","Sword Boomerang"],"picked":"SKIP","floor":24},{"not_picked":["Armaments+1","Warcry+1"],"picked":"Bludgeon","floor":27}],"player_experience":32782,"relics_obtained":[{"floor":6,"key":"Bag of Preparation"},{"floor":9,"key":"Oddly Smooth Stone"},{"floor":13,"key":"Toxic Egg 2"},{"floor":24,"key":"Frozen Egg 2"},{"floor":26,"key":"Juzu Bracelet"},{"floor":27,"key":"Torii"}],"event_choices":[{"event_name":"WeMeetAgain","player_choice":"Potion","floor":3,"damage_taken":0},{"event_name":"The Cleric","player_choice":"Card Removal","floor":4,"damage_taken":0},{"event_name":"The Library","player_choice":"Heal","floor":22,"damage_taken":0}],"is_beta":false,"boss_relics":[{"not_picked":["Philosopher\u0027s Stone","Coffee Dripper"],"picked":"Mark of Pain"}],"items_purged_floors":[],"is_endless":false,"potions_floor_spawned":[1,2,11,13,18,27],"killed_by":"Snake Plant","ascension_level":2}