{"gold_per_floor":[115,190,190,15,15,15,50,66,66,66],"floor_reached":10,"playtime":281,"items_purged":[],"score":125,"play_id":"09174143-ddd9-422a-8f2f-3418e3aeb624","local_time":"20190429124754","is_ascension_mode":true,"campfire_choices":[{"data":"Corruption","floor":6,"key":"SMITH"}],"neow_cost":"NONE","seed_source_timestamp":3164327861312658,"circlet_count":0,"master_deck":["AscendersBane","Strike_R","Strike_R","Strike_R","Strike_R","Defend_R","Defend_R","Defend_R","Defend_R","Bash","Combust","Shrug It Off","Corruption+1","Ghostly Armor","Shrug It Off"],"relics":["Burning Blood","Golden Idol","Self Forming Clay","Gremlin Horn"],"potions_floor_usage":[7,10],"damage_taken":[{"damage":8,"enemies":"Jaw Worm","floor":1,"turns":6},{"damage":33,"enemies":"3 Sentries","floor":7,"turns":7},{"damage":2,"enemies":"2 Louse","floor":8,"turns":3},{"damage":44,"enemies":"Gremlin Nob","floor":10,"turns":4}],"seed_played":"-5263287755277438313","potions_obtained":[{"floor":1,"key":"BloodPotion"},{"floor":8,"key":"Fire Potion"}],"is_trial":false,"path_per_floor":["M","?","?","$","$","R","E","M","T","E"],"character_chosen":"IRONCLAD","items_purchased":["Shrug It Off","Corruption","Ghostly Armor"],"campfire_rested":0,"item_purchase_floors":[4,4,4],"current_hp_per_floor":[66,55,55,55,55,55,34,38,38,0],"gold":66,"neow_bonus":"TRANSFORM_CARD","is_prod":false,"is_daily":false,"chose_seed":false,"campfire_upgraded":1,"win_rate":0,"timestamp":1556538474,"path_taken":["M","?","?","?","$","R","E","?","T","E"],"build_version":"2019-01-23","purchased_purges":0,"victory":false,"max_hp_per_floor":[75,75,68,68,68,68,68,68,68,68],"card_choices":[{"not_picked":["Power Through","Pummel","Warcry"],"picked":"SKIP","floor":1},{"not_picked":["Twin Strike","Anger","Headbutt"],"picked":"SKIP","floor":7},{"not_picked":["True Grit","Armaments"],"picked":"Shrug It Off","floor":8}],"player_experience":245178,"relics_obtained":[{"floor":7,"key":"Self Forming Clay"},{"floor":9,"key":"Gremlin Horn"}],"event_choices":[{"damage_healed":0,"gold_gain":75,"player_choice":"Gather Gold","damage_taken":11,"max_hp_gain":0,"max_hp_loss":0,"event_name":"World of Goop","floor":2,"gold_loss":0},{"damage_healed":0,"gold_gain":0,"player_choice":"Lose Max HP","damage_taken":0,"relics_obtained":["Golden Idol"],"max_hp_gain":0,"max_hp_loss":7,"event_name":"Golden Idol","floor":3,"gold_loss":0}],"is_beta":false,"boss_relics":[],"items_purged_floors":[],"is_endless":false,"potions_floor_spawned":[1,8],"killed_by":"Gremlin Nob","ascension_level":19}