{"gold_per_floor":[111,111,111,123,123,123,157,157,157,157,185,204,218,218,218,293,293,312,328,428,196,210,210,243,243,243,275,286,286,286,301,301,376,376,391,491,511,31,31,58,58,58,138,170,170,180,216,273,273,273],"floor_reached":50,"playtime":1448,"items_purged":["Strike_R","Strike_R"],"score":1177,"play_id":"f240d017-0461-433d-9909-635fc6d0639f","local_time":"20190506125946","is_ascension_mode":true,"campfire_choices":[{"data":"Whirlwind","floor":6,"key":"SMITH"},{"data":"Whirlwind","floor":8,"key":"SMITH"},{"data":"Defend_R","floor":15,"key":"SMITH"},{"data":"Defend_R","floor":23,"key":"SMITH"},{"data":"Defend_R","floor":25,"key":"SMITH"},{"data":"Defend_R","floor":29,"key":"SMITH"},{"data":"Shockwave","floor":32,"key":"SMITH"},{"data":"Ghostly Armor","floor":41,"key":"SMITH"},{"floor":49,"key":"DIG"}],"neow_cost":"NONE","seed_source_timestamp":564529460444100,"circlet_count":0,"master_deck":["AscendersBane","Strike_R","Defend_R+1","Defend_R+1","Defend_R+1","Defend_R+1","Bash","Intimidate+1","Spot Weakness","Whirlwind+1","Whirlwind+1","Uppercut+1","Impervious","Fiend Fire+1","Ghostly Armor+1","Ghostly Armor+1","Shockwave+1","Fiend Fire+1","Evolve","Thinking Ahead","Madness","HandOfGreed+1"],"relics":["Burning Blood","NeowsBlessing","Oddly Smooth Stone","Singing Bowl","Molten Egg 2","Pocketwatch","Coffee Dripper","Ginger","Matryoshka","Pen Nib","Meat on the Bone","Dream Catcher","Pantograph","Question Card","Mark of Pain","Incense Burner","Brimstone","Anchor","Omamori","Strawberry","Mummified Hand","Shovel","Du-Vu Doll","Vajra"],"potions_floor_usage":[11,18,18,20,33,50,50,50],"damage_taken":[{"damage":0,"enemies":"Jaw Worm","floor":1,"turns":1},{"damage":0,"enemies":"Cultist","floor":4,"turns":1},{"damage":0,"enemies":"3 Sentries","floor":7,"turns":1},{"damage":39,"enemies":"Lagavulin","floor":11,"turns":6},{"damage":0,"enemies":"2 Louse","floor":12,"turns":1},{"damage":10,"enemies":"Exordium Wildlife","floor":13,"turns":2},{"damage":16,"enemies":"Slime Boss","floor":16,"turns":8},{"damage":0,"enemies":"Shell Parasite","floor":18,"turns":1},{"damage":16,"enemies":"2 Thieves","floor":19,"turns":3},{"damage":13,"enemies":"Colosseum Slavers","floor":20,"turns":4},{"damage":38,"enemies":"Colosseum Nobs","floor":20,"turns":4},{"damage":12,"enemies":"Cultist and Chosen","floor":22,"turns":4},{"damage":0,"enemies":"Slavers","floor":24,"turns":2},{"damage":12,"enemies":"Gremlin Leader","floor":27,"turns":5},{"damage":0,"enemies":"Snecko","floor":28,"turns":2},{"damage":4,"enemies":"Sentry and Sphere","floor":31,"turns":9},{"damage":80,"enemies":"Automaton","floor":33,"turns":10},{"damage":0,"enemies":"3 Darklings","floor":35,"turns":2},{"damage":0,"enemies":"Mind Bloom Boss Battle","floor":36,"turns":4},{"damage":0,"enemies":"3 Shapes","floor":37,"turns":2},{"damage":12,"enemies":"Giant Head","floor":40,"turns":5},{"damage":26,"enemies":"Reptomancer","floor":44,"turns":3},{"damage":0,"enemies":"Jaw Worm Horde","floor":46,"turns":1},{"damage":6,"enemies":"4 Shapes","floor":47,"turns":2},{"damage":12,"enemies":"Giant Head","floor":48,"turns":5},{"damage":110,"enemies":"Donu and Deca","floor":50,"turns":8}],"seed_played":"-5097247157682403357","potions_obtained":[{"floor":1,"key":"SteroidPotion"},{"floor":7,"key":"Swift Potion"},{"floor":12,"key":"FearPotion"},{"floor":19,"key":"Fire Potion"},{"floor":24,"key":"Weak Potion"},{"floor":27,"key":"Weak Potion"},{"floor":33,"key":"EntropicBrew"},{"floor":40,"key":"PowerPotion"}],"is_trial":false,"path_per_floor":["M","?","$","M","$","R","E","R","T","T","E","M","M","?","R","B",null,"M","M","?","$","M","R","E","R","T","E","M","R","?","M","R","B",null,"M","?","M","$","?","E","R","?","T","E","?","M","M","E","R","B"],"character_chosen":"IRONCLAD","items_purchased":["Pen Nib","Brimstone","Anchor"],"campfire_rested":0,"item_purchase_floors":[21,38,38],"current_hp_per_floor":[74,74,74,75,75,75,75,75,75,75,42,50,46,46,46,36,67,75,67,30,30,26,26,34,34,34,40,60,60,60,62,62,25,73,79,91,93,93,93,89,89,79,86,68,89,97,99,95,95,0],"gold":273,"neow_bonus":"THREE_ENEMY_KILL","is_prod":false,"is_daily":false,"chose_seed":false,"campfire_upgraded":8,"win_rate":0,"timestamp":1557140386,"path_taken":["M","?","$","?","?","R","E","R","T","?","E","M","M","?","R","BOSS","M","M","?","$","M","R","E","R","T","E","M","R","?","M","R","BOSS","M","?","M","$","?","E","R","?","T","E","?","M","M","E","R","BOSS"],"build_version":"2019-01-23","purchased_purges":2,"victory":false,"max_hp_per_floor":[75,75,75,75,75,75,75,75,75,75,75,77,77,77,77,77,77,79,81,83,83,85,85,87,87,87,87,89,89,89,89,89,89,89,89,91,93,93,93,95,95,95,102,104,104,106,108,110,110,110],"card_choices":[{"not_picked":["Seeing Red","Pommel Strike"],"picked":"Intimidate","floor":1},{"not_picked":["Second Wind","Evolve"],"picked":"Whirlwind","floor":4},{"not_picked":["Warcry","Reckless Charge"],"picked":"Whirlwind","floor":7},{"not_picked":["Sword Boomerang+1","True Grit"],"picked":"Uppercut+1","floor":11},{"not_picked":["Havoc","Pommel Strike+1","Anger+1"],"picked":"Singing Bowl","floor":12},{"not_picked":["Power Through","Metallicize"],"picked":"Impervious","floor":13},{"not_picked":["Juggernaut","Berserk"],"picked":"Fiend Fire+1","floor":16},{"not_picked":["Pommel Strike+1","Entrench","Body Slam+1"],"picked":"Singing Bowl","floor":18},{"not_picked":["Armaments","Iron Wave+1","Wild Strike+1"],"picked":"Singing Bowl","floor":19},{"not_picked":["Anger+1","Power Through","Searing Blow+1"],"picked":"Singing Bowl","floor":20},{"not_picked":["Clothesline+1","Warcry","Brutality"],"picked":"Singing Bowl","floor":22},{"not_picked":["Rampage+1","Fire Breathing","Clothesline+1"],"picked":"Singing Bowl","floor":24},{"not_picked":["Reckless Charge+1","Heavy Blade+1"],"picked":"Ghostly Armor+1","floor":27},{"not_picked":["Havoc","Perfected Strike+1","Clothesline+1","Body Slam+1"],"picked":"Singing Bowl","floor":28},{"not_picked":["Shrug It Off","Warcry","Perfected Strike+1"],"picked":"Shockwave","floor":31},{"not_picked":["Barricade","Berserk","Immolate+1"],"picked":"Fiend Fire+1","floor":33},{"not_picked":["Sword Boomerang+1","Iron Wave+1","Twin Strike+1"],"picked":"Evolve","floor":35},{"not_picked":["Perfected Strike+1","Clash+1","Havoc","Immolate+1"],"picked":"Singing Bowl","floor":36},{"not_picked":["Hemokinesis+1","Anger+1","Feel No Pain","Blood for Blood+1"],"picked":"Singing Bowl","floor":37},{"not_picked":["Headbutt+1","Armaments","Warcry+1","Shockwave"],"picked":"Singing Bowl","floor":40},{"not_picked":["Panacea","Mind Blast+1","Dramatic Entrance+1"],"picked":"Thinking Ahead","floor":42},{"not_picked":["PanicButton","Jack Of All Trades","Trip"],"picked":"Madness","floor":42},{"not_picked":["PanicButton","Madness","Flash of Steel+1"],"picked":"HandOfGreed+1","floor":42},{"not_picked":["Sword Boomerang+1","Cleave+1","Pommel Strike+1","Rupture+1"],"picked":"Singing Bowl","floor":44},{"not_picked":["Warcry","Spot Weakness","Anger+1","Wild Strike+1"],"picked":"Singing Bowl","floor":46},{"not_picked":["Shrug It Off","Flex+1","Havoc","Rage"],"picked":"Singing Bowl","floor":47},{"not_picked":["Body Slam+1","Warcry","Feed+1","Rage"],"picked":"Singing Bowl","floor":48}],"player_experience":1141667,"relics_obtained":[{"floor":7,"key":"Oddly Smooth Stone"},{"floor":9,"key":"Singing Bowl"},{"floor":10,"key":"Molten Egg 2"},{"floor":11,"key":"Pocketwatch"},{"floor":20,"key":"Ginger"},{"floor":20,"key":"Matryoshka"},{"floor":24,"key":"Meat on the Bone"},{"floor":26,"key":"Dream Catcher"},{"floor":26,"key":"Pantograph"},{"floor":27,"key":"Question Card"},{"floor":36,"key":"Incense Burner"},{"floor":40,"key":"Omamori"},{"floor":43,"key":"Strawberry"},{"floor":43,"key":"Mummified Hand"},{"floor":44,"key":"Shovel"},{"floor":48,"key":"Du-Vu Doll"},{"floor":49,"key":"Vajra"}],"event_choices":[{"damage_healed":0,"gold_gain":0,"cards_transformed":["Strike_R"],"player_choice":"Transformed","damage_taken":0,"max_hp_gain":0,"max_hp_loss":0,"event_name":"Transmorgrifier","floor":2,"gold_loss":0,"cards_obtained":["Spot Weakness"]},{"damage_healed":0,"gold_gain":0,"player_choice":"Grow","damage_taken":0,"max_hp_gain":0,"max_hp_loss":0,"event_name":"Living Wall","floor":14,"gold_loss":0,"cards_upgraded":["Intimidate"]},{"damage_healed":0,"gold_gain":0,"player_choice":"Fight","damage_taken":0,"max_hp_gain":0,"max_hp_loss":0,"event_name":"Colosseum","floor":20,"gold_loss":0},{"damage_healed":0,"gold_gain":0,"player_choice":"Fought Nobs","damage_taken":0,"max_hp_gain":0,"max_hp_loss":0,"event_name":"Colosseum","floor":20,"gold_loss":0},{"damage_healed":0,"gold_gain":0,"player_choice":"Read","damage_taken":0,"max_hp_gain":0,"max_hp_loss":0,"event_name":"The Library","floor":30,"gold_loss":0,"cards_obtained":["Ghostly Armor"]},{"damage_healed":0,"gold_gain":0,"player_choice":"Fight","damage_taken":0,"max_hp_gain":0,"max_hp_loss":0,"event_name":"MindBloom","floor":36,"gold_loss":0},{"cards_removed":["Strike_R"],"damage_healed":0,"gold_gain":0,"player_choice":"Removed Attack","damage_taken":0,"max_hp_gain":0,"max_hp_loss":0,"event_name":"Falling","floor":39,"gold_loss":0},{"damage_healed":0,"gold_gain":0,"player_choice":"Memory 3","damage_taken":10,"max_hp_gain":0,"max_hp_loss":0,"event_name":"SensoryStone","floor":42,"gold_loss":0},{"damage_healed":21,"gold_gain":0,"player_choice":"Writhe","damage_taken":0,"max_hp_gain":0,"max_hp_loss":0,"event_name":"Winding Halls","floor":45,"gold_loss":0,"cards_obtained":["Writhe"]}],"is_beta":false,"boss_relics":[{"not_picked":["Empty Cage","Velvet Choker"],"picked":"Coffee Dripper"},{"not_picked":["Sozu","Astrolabe"],"picked":"Mark of Pain"}],"items_purged_floors":[21,38],"is_endless":false,"potions_floor_spawned":[1,7,12,19,24,27,31,33,40,44],"killed_by":"Donu and Deca","ascension_level":16}