{"gold_per_floor":[117,129,8,8,27,27,56,80,80,80,108,108,121,121,121,245,245,264,364,121,140,140,140,204,204,204,204,240,287,331,345,345,476,476,501,834,846,846,859,859,889,889,889,914,926,951,951,382,382,382],"floor_reached":51,"playtime":3538,"items_purged":["Strike_G","Strike_G","Strike_G+1"],"score":1006,"play_id":"e6b01722-92cb-41b1-af81-cc1894750ce0","local_time":"20190408193442","is_ascension_mode":true,"campfire_choices":[{"data":"Dagger Spray","floor":6,"key":"SMITH"},{"floor":10,"key":"REST"},{"floor":12,"key":"REST"},{"data":"Footwork","floor":15,"key":"SMITH"},{"data":"A Thousand Cuts","floor":23,"key":"SMITH"},{"data":"Dodge and Roll","floor":25,"key":"SMITH"},{"data":"Backflip","floor":27,"key":"SMITH"},{"floor":32,"key":"REST"},{"data":"Accuracy","floor":40,"key":"SMITH"},{"floor":42,"key":"REST"},{"data":"Footwork","floor":47,"key":"SMITH"},{"floor":49,"key":"REST"}],"neow_cost":"NONE","seed_source_timestamp":34135228148266,"circlet_count":0,"master_deck":["Defend_G+1","Defend_G+1","Defend_G+1","Defend_G+1","Strike_G+1","Strike_G+1","Survivor","Neutralize","Footwork+1","Dash","Dagger Spray+1","Sucker Punch+1","Infinite Blades","Caltrops","Dodge and Roll","A Thousand Cuts+1","Backflip+1","Skewer+1","Dagger Spray+1","Dodge and Roll+1","Escape Plan","Blade Dance","Poisoned Stab+1","Infinite Blades+1","Malaise","Accuracy+1","Acrobatics+1","Well Laid Plans","Deadly Poison","Footwork+1","Flying Knee+1","Flying Knee+1","Metamorphosis","Well Laid Plans"],"relics":["Ring of the Snake","Molten Egg 2","Ninja Scroll","Odd Mushroom","Omamori","Vajra","Orrery","Oddly Smooth Stone","Tiny Chest","Gremlin Horn","Ornamental Fan","Snake Skull","StoneCalendar","Busted Crown","Regal Pillow","Bottled Flame","Pocketwatch","Pen Nib","Bag of Marbles"],"potions_floor_usage":[16,24,24,28,28,28,28,28,33,33,37,41,50,50],"damage_taken":[{"damage":0,"enemies":"Cultist","floor":1,"turns":4},{"damage":0,"enemies":"Small Slimes","floor":2,"turns":3},{"damage":0,"enemies":"2 Louse","floor":5,"turns":4},{"damage":22,"enemies":"3 Sentries","floor":7,"turns":6},{"damage":20,"enemies":"The Mushroom Lair","floor":8,"turns":3},{"damage":12,"enemies":"Lagavulin","floor":11,"turns":6},{"damage":4,"enemies":"Exordium Thugs","floor":13,"turns":3},{"damage":26,"enemies":"Hexaghost","floor":16,"turns":9},{"damage":0,"enemies":"Chosen","floor":18,"turns":6},{"damage":11,"enemies":"2 Thieves","floor":21,"turns":4},{"damage":0,"enemies":"Book of Stabbing","floor":24,"turns":6},{"damage":12,"enemies":"Slavers","floor":28,"turns":4},{"damage":10,"enemies":"Book of Stabbing","floor":30,"turns":7},{"damage":12,"enemies":"Shelled Parasite and Fungi","floor":31,"turns":6},{"damage":7,"enemies":"Automaton","floor":33,"turns":10},{"damage":0,"enemies":"3 Darklings","floor":35,"turns":5},{"damage":0,"enemies":"3 Shapes","floor":37,"turns":4},{"damage":0,"enemies":"Sphere and 2 Shapes","floor":39,"turns":3},{"damage":24,"enemies":"Nemesis","floor":41,"turns":7},{"damage":0,"enemies":"Reptomancer","floor":44,"turns":6},{"damage":0,"enemies":"4 Shapes","floor":45,"turns":3},{"damage":25,"enemies":"Nemesis","floor":46,"turns":7},{"damage":62,"enemies":"Time Eater","floor":50,"turns":12}],"seed_played":"3242628164341372908","potions_obtained":[{"floor":1,"key":"EntropicBrew"},{"floor":11,"key":"Energy Potion"},{"floor":13,"key":"Energy Potion"},{"floor":16,"key":"PowerPotion"},{"floor":24,"key":"PowerPotion"},{"floor":30,"key":"Dexterity Potion"},{"floor":31,"key":"AttackPotion"},{"floor":33,"key":"Dexterity Potion"},{"floor":35,"key":"Fruit Juice"},{"floor":41,"key":"Weak Potion"},{"floor":44,"key":"FearPotion"},{"floor":45,"key":"SteroidPotion"}],"is_trial":false,"path_per_floor":["M","M","$","?","M","R","E","?","T","R","E","R","M","?","R","B",null,"M","?","$","M","?","R","E","R","T","R","E","T","E","M","R","B",null,"M","?","M","?","M","R","E","R","T","E","M","E","R","$","R","B",null],"character_chosen":"THE_SILENT","items_purchased":["Dagger Spray","Oddly Smooth Stone","Ancient Potion","Metamorphosis","Bag of Marbles","Well Laid Plans"],"campfire_rested":5,"item_purchase_floors":[3,20,48,48,48,48],"current_hp_per_floor":[70,70,70,67,67,67,45,25,25,46,34,55,51,51,51,25,65,65,65,65,54,54,54,54,54,54,54,42,42,32,20,39,32,65,65,65,70,70,70,70,46,70,70,70,70,45,45,45,70,8],"gold":382,"neow_bonus":"REMOVE_CARD","is_prod":false,"is_daily":false,"chose_seed":false,"campfire_upgraded":7,"win_rate":0,"timestamp":1554744882,"path_taken":["M","M","$","?","M","R","E","?","T","R","E","R","M","?","R","BOSS","M","?","?","?","?","R","E","R","T","R","E","?","E","M","R","BOSS","M","?","M","?","?","R","E","R","T","E","?","E","R","$","R","BOSS"],"build_version":"2019-01-23","purchased_purges":3,"victory":true,"max_hp_per_floor":[70,70,70,70,70,70,70,70,70,70,70,70,70,65,65,65,65,65,65,65,65,65,65,65,65,65,65,65,65,65,65,65,65,65,65,65,70,70,70,70,70,70,70,70,70,70,70,70,70,70],"card_choices":[{"not_picked":["Backflip","Deflect"],"picked":"Footwork","floor":1},{"not_picked":["Backflip","Storm of Steel"],"picked":"Dash","floor":2},{"not_picked":["Bane+1","Masterful Stab+1"],"picked":"Sucker Punch+1","floor":5},{"not_picked":["Finisher+1","Acrobatics"],"picked":"Infinite Blades","floor":7},{"not_picked":["Outmaneuver","Acrobatics"],"picked":"Caltrops","floor":11},{"not_picked":["Choke+1","Riddle With Holes+1"],"picked":"Dodge and Roll","floor":13},{"not_picked":["Phantasmal Killer","Bullet Time"],"picked":"A Thousand Cuts","floor":16},{"not_picked":["Poisoned Stab+1","Predator+1"],"picked":"Backflip","floor":17},{"not_picked":["Flechettes+1","Crippling Poison"],"picked":"Skewer+1","floor":17},{"not_picked":["Outmaneuver","Predator+1"],"picked":"Dagger Spray+1","floor":17},{"not_picked":["Infinite Blades","Flechettes+1"],"picked":"Dodge and Roll","floor":17},{"not_picked":["Tactician","Heel Hook+1"],"picked":"Escape Plan","floor":18},{"not_picked":["Eviscerate+1","Crippling Poison"],"picked":"Blade Dance","floor":21},{"not_picked":["Endless Agony+1","Glass Knife+1"],"picked":"Poisoned Stab+1","floor":24},{"not_picked":["Backflip","Acrobatics"],"picked":"Infinite Blades+1","floor":28},{"not_picked":["Prepared","Blade Dance","Endless Agony+1"],"picked":"SKIP","floor":30},{"not_picked":["Bane+1","Sucker Punch+1","Dodge and Roll"],"picked":"SKIP","floor":31},{"not_picked":["Doppelganger","Wraith Form v2"],"picked":"Malaise","floor":33},{"not_picked":[],"picked":"Accuracy","floor":35},{"not_picked":[],"picked":"Acrobatics+1","floor":37},{"not_picked":[],"picked":"Well Laid Plans","floor":39},{"not_picked":[],"picked":"Deadly Poison","floor":41},{"not_picked":[],"picked":"Footwork","floor":44},{"not_picked":[],"picked":"Flying Knee+1","floor":45},{"not_picked":[],"picked":"Flying Knee+1","floor":46}],"player_experience":269421,"relics_obtained":[{"floor":7,"key":"Ninja Scroll"},{"floor":8,"key":"Odd Mushroom"},{"floor":9,"key":"Omamori"},{"floor":11,"key":"Vajra"},{"floor":24,"key":"Tiny Chest"},{"floor":26,"key":"Gremlin Horn"},{"floor":28,"key":"Ornamental Fan"},{"floor":29,"key":"Snake Skull"},{"floor":30,"key":"StoneCalendar"},{"floor":41,"key":"Regal Pillow"},{"floor":43,"key":"Bottled Flame"},{"floor":44,"key":"Pocketwatch"},{"floor":46,"key":"Pen Nib"}],"event_choices":[{"damage_healed":0,"gold_gain":0,"player_choice":"Success","damage_taken":3,"relics_obtained":["Molten Egg 2"],"max_hp_gain":0,"max_hp_loss":0,"event_name":"Scrap Ooze","floor":4,"gold_loss":0},{"damage_healed":0,"gold_gain":0,"player_choice":"Fought Mushrooms","damage_taken":0,"max_hp_gain":0,"max_hp_loss":0,"event_name":"Mushrooms","floor":8,"gold_loss":0},{"damage_healed":0,"gold_gain":0,"player_choice":"Lose Max HP","damage_taken":0,"relics_obtained":["Golden Idol"],"max_hp_gain":0,"max_hp_loss":5,"event_name":"Golden Idol","floor":14,"gold_loss":0},{"damage_healed":0,"gold_gain":100,"player_choice":"Pray","damage_taken":0,"max_hp_gain":0,"max_hp_loss":0,"event_name":"Golden Shrine","floor":19,"gold_loss":0},{"damage_healed":0,"gold_gain":0,"player_choice":"Simplicity","damage_taken":0,"max_hp_gain":0,"max_hp_loss":0,"event_name":"Back to Basics","floor":22,"gold_loss":0,"cards_upgraded":["Defend_G","Defend_G","Defend_G","Defend_G","Strike_G","Strike_G","Strike_G"]},{"damage_healed":0,"gold_gain":333,"player_choice":"Gave Idol","damage_taken":0,"max_hp_gain":0,"max_hp_loss":0,"event_name":"The Moai Head","floor":36,"relics_lost":["Golden Idol"],"gold_loss":0},{"damage_healed":0,"gold_gain":0,"player_choice":"Ignored","damage_taken":0,"max_hp_gain":0,"max_hp_loss":0,"event_name":"Tomb of Lord Red Mask","floor":38,"gold_loss":0}],"is_beta":false,"boss_relics":[{"not_picked":["Ring of the Serpent","Ectoplasm"],"picked":"Orrery"},{"not_picked":["Runic Dome","Tiny House"],"picked":"Busted Crown"}],"items_purged_floors":[3,20,48],"is_endless":false,"potions_floor_spawned":[1,11,13,16,24,30,31,33,35,41,44,45],"ascension_level":4}