{"gold_per_floor":[118,134,209,134,144,155,155,173,200,62,77,142,159,176,176,176],"floor_reached":16,"playtime":745,"items_purged":["Strike_R","Strike_R"],"score":96,"play_id":"bb808c8b-c898-498e-84fc-823a57755117","local_time":"20181202014549","is_ascension_mode":false,"campfire_choices":[{"data":"Entrench","floor":7,"key":"SMITH"},{"floor":15,"key":"REST"}],"neow_cost":"NONE","seed_source_timestamp":104529973347964,"circlet_count":0,"master_deck":["Strike_R","Strike_R","Strike_R","Defend_R","Defend_R","Defend_R","Defend_R","Bash","Entrench+1","Flame Barrier"],"relics":["Velvet Choker"],"potions_floor_usage":[6,12,13,16],"damage_taken":[{"damage":1,"enemies":"Jaw Worm","floor":1,"turns":2},{"damage":0,"enemies":"Small Slimes","floor":2,"turns":3},{"damage":0,"enemies":"2 Louse","floor":5,"turns":3},{"damage":3,"enemies":"Exordium Wildlife","floor":6,"turns":4},{"damage":5,"enemies":"Looter","floor":8,"turns":3},{"damage":0,"enemies":"Blue Slaver","floor":11,"turns":4},{"damage":4,"enemies":"3 Sentries","floor":12,"turns":11},{"damage":10,"enemies":"Exordium Thugs","floor":13,"turns":6},{"damage":0,"enemies":"2 Fungi Beasts","floor":14,"turns":4},{"damage":73,"enemies":"Hexaghost","floor":16,"turns":16}],"seed_played":"-5171610562905793471","potions_obtained":[{"floor":1,"key":"Energy Potion"},{"floor":5,"key":"PowerPotion"},{"floor":8,"key":"GamblersBrew"},{"floor":11,"key":"Fire Potion"}],"is_trial":false,"path_per_floor":["M","M","?","$","M","M","R","M","T","$","M","?","M","M","R","B"],"character_chosen":"IRONCLAD","items_purchased":["Flame Barrier"],"campfire_rested":1,"item_purchase_floors":[10],"current_hp_per_floor":[79,79,68,68,68,65,65,60,60,60,60,56,46,46,70,0],"gold":176,"neow_bonus":"BOSS_RELIC","is_prod":false,"is_daily":false,"chose_seed":false,"campfire_upgraded":1,"win_rate":0,"timestamp":1543711549,"path_taken":["M","M","?","$","M","M","R","M","T","$","M","?","M","M","R","BOSS"],"build_version":"2018-11-15","purchased_purges":2,"victory":false,"max_hp_per_floor":[80,80,80,80,80,80,80,80,80,80,80,80,80,80,80,80],"card_choices":[{"not_picked":["Searing Blow","Warcry"],"picked":"Entrench","floor":1},{"not_picked":["Dual Wield","Bloodletting","Intimidate"],"picked":"SKIP","floor":2},{"not_picked":["Rupture","Seeing Red","Burning Pact"],"picked":"SKIP","floor":5},{"not_picked":["True Grit","Twin Strike","Blood for Blood"],"picked":"SKIP","floor":6},{"not_picked":["Iron Wave","Sword Boomerang","Hemokinesis"],"picked":"SKIP","floor":8},{"not_picked":["Heavy Blade","Flex","Demon Form"],"picked":"SKIP","floor":11},{"not_picked":["Thunderclap","Blood for Blood","Havoc"],"picked":"SKIP","floor":13},{"not_picked":["Perfected Strike","Shockwave","Clash"],"picked":"SKIP","floor":14}],"player_experience":312372,"relics_obtained":[],"event_choices":[{"damage_healed":0,"gold_gain":75,"player_choice":"Gather Gold","damage_taken":11,"max_hp_gain":0,"max_hp_loss":0,"event_name":"World of Goop","floor":3,"gold_loss":0},{"damage_healed":0,"gold_gain":30,"player_choice":"Searched \u00273\u0027 times","damage_taken":0,"max_hp_gain":0,"max_hp_loss":0,"event_name":"Dead Adventurer","floor":12,"gold_loss":0}],"is_beta":false,"boss_relics":[],"items_purged_floors":[4,10],"is_endless":false,"potions_floor_spawned":[1,5,8,11],"killed_by":"Hexaghost","ascension_level":0}