{"gold_per_floor":[109,109,133,133,153,153,188,188,212,60,60,81,105,180,180,301,301,316,363,379,393,417,442,460,460,487,487,506,506,73,113,113,243,243,266,391,724,737,747,747,747,674,674,686,701,701,728,743,743,743],"floor_reached":50,"playtime":1398,"items_purged":[],"score":519,"play_id":"5d2b4df0-0f6a-49e7-a886-71991bcd71df","local_time":"20181027132833","is_ascension_mode":false,"campfire_choices":[{"data":"Perfected Strike","floor":6,"key":"SMITH"},{"data":"Bash","floor":8,"key":"SMITH"},{"data":"Pommel Strike","floor":15,"key":"SMITH"},{"data":"Pummel","floor":25,"key":"SMITH"},{"data":"Offering","floor":29,"key":"SMITH"},{"floor":32,"key":"REST"},{"data":"Perfected Strike","floor":40,"key":"SMITH"},{"floor":49,"key":"REST"}],"neow_cost":"NONE","seed_source_timestamp":336105742609089,"circlet_count":0,"master_deck":["Strike_R+1","Strike_R+1","Strike_R+1","Strike_R+1","Strike_R+1","Defend_R+1","Defend_R+1","Bash+1","Dual Wield+1","Perfected Strike+1","Inflame","Pummel+1","Inflame","Pommel Strike+1","Offering+1","Inflame+1","Rage","Whirlwind+1","Perfected Strike+1","Corruption","Disarm+1","Shrug It Off","Headbutt","Perfected Strike+1","Shrug It Off+1","Shrug It Off+1"],"relics":["Burning Blood","NeowsBlessing","War Paint","Orichalcum","Tiny Chest","Runic Dome","Omamori","Lantern","Blood Vial","Lee\u0027s Waffle","Red Skull","Bag of Marbles","Mark of Pain","Torii","Gremlin Horn","Smiling Mask","Vajra"],"potions_floor_usage":[7,16,16,33,50,50,50],"damage_taken":[{"damage":0,"enemies":"2 Louse","floor":1,"turns":1},{"damage":0,"enemies":"Jaw Worm","floor":3,"turns":1},{"damage":0,"enemies":"Cultist","floor":5,"turns":1},{"damage":30,"enemies":"3 Sentries","floor":7,"turns":7},{"damage":0,"enemies":"3 Louse","floor":12,"turns":4},{"damage":2,"enemies":"Exordium Thugs","floor":13,"turns":4},{"damage":13,"enemies":"Hexaghost","floor":16,"turns":6},{"damage":10,"enemies":"2 Thieves","floor":18,"turns":2},{"damage":0,"enemies":"3 Byrds","floor":20,"turns":4},{"damage":11,"enemies":"Centurion and Healer","floor":21,"turns":3},{"damage":15,"enemies":"Snecko","floor":23,"turns":3},{"damage":13,"enemies":"3 Cultists","floor":24,"turns":4},{"damage":6,"enemies":"Sentry and Sphere","floor":28,"turns":2},{"damage":35,"enemies":"Slavers","floor":31,"turns":4},{"damage":43,"enemies":"Collector","floor":33,"turns":5},{"damage":11,"enemies":"3 Shapes","floor":35,"turns":4},{"damage":0,"enemies":"Mind Bloom Boss Battle","floor":36,"turns":3},{"damage":1,"enemies":"Orb Walker","floor":38,"turns":2},{"damage":17,"enemies":"4 Shapes","floor":39,"turns":3},{"damage":18,"enemies":"Sphere and 2 Shapes","floor":44,"turns":4},{"damage":6,"enemies":"Jaw Worm Horde","floor":45,"turns":2},{"damage":41,"enemies":"Nemesis","floor":47,"turns":5},{"damage":7,"enemies":"Spire Growth","floor":48,"turns":3},{"damage":80,"enemies":"Time Eater","floor":50,"turns":7}],"seed_played":"-1157695861687927131","potions_obtained":[{"floor":1,"key":"SkillPotion"},{"floor":3,"key":"FearPotion"},{"floor":7,"key":"Weak Potion"},{"floor":23,"key":"LiquidBronze"},{"floor":24,"key":"Ancient Potion"},{"floor":33,"key":"FearPotion"},{"floor":36,"key":"SkillPotion"},{"floor":38,"key":"Energy Potion"},{"floor":45,"key":"BloodPotion"}],"is_trial":false,"path_per_floor":["M","?","M","$","M","R","E","R","T","$","?","M","M","?","R","B",null,"M","T","M","M","T","M","M","R","T","?","M","R","$","E","R","B",null,"M","?","?","M","M","R","?","$","T","M","M","T","E","M","R"],"character_chosen":"IRONCLAD","items_purchased":["Inflame","Tiny Chest","Lee\u0027s Waffle","Rage","Red Skull","Shrug It Off","Headbutt"],"campfire_rested":2,"item_purchase_floors":[10,10,30,30,30,42,42],"current_hp_per_floor":[80,60,66,66,72,72,48,48,48,48,48,54,58,47,47,40,80,76,76,80,75,75,66,59,59,59,59,61,61,87,58,84,49,87,82,87,87,87,76,76,76,76,76,66,68,68,35,36,62,0],"gold":743,"neow_bonus":"THREE_ENEMY_KILL","is_prod":false,"is_daily":false,"chose_seed":false,"campfire_upgraded":6,"win_rate":0,"timestamp":1540672113,"path_taken":["M","?","M","?","?","R","E","R","T","$","?","?","M","?","R","BOSS","M","?","?","M","?","M","M","R","T","?","M","R","$","E","R","BOSS","M","?","?","M","M","R","?","$","T","M","M","?","E","M","R","BOSS"],"build_version":"2018-10-25v2","purchased_purges":0,"victory":false,"max_hp_per_floor":[80,80,80,80,80,80,80,80,80,80,80,80,80,80,80,80,80,80,80,80,80,80,80,80,80,80,80,80,80,87,87,87,87,87,87,87,87,87,87,87,87,87,87,87,87,87,87,87,87,87],"card_choices":[{"not_picked":["Rupture","Second Wind"],"picked":"Dual Wield","floor":1},{"not_picked":["Cleave","Ghostly Armor"],"picked":"Perfected Strike","floor":3},{"not_picked":["Clash","Sentinel","Sword Boomerang"],"picked":"SKIP","floor":5},{"not_picked":["Flex","Clothesline","True Grit"],"picked":"SKIP","floor":7},{"not_picked":["Body Slam","Combust"],"picked":"Inflame","floor":12},{"not_picked":["Spot Weakness","Body Slam"],"picked":"Pommel Strike","floor":13},{"not_picked":["Double Tap","Exhume"],"picked":"Offering","floor":16},{"not_picked":["Body Slam","True Grit","Clothesline"],"picked":"SKIP","floor":18},{"not_picked":["Battle Trance+1","Intimidate"],"picked":"Inflame+1","floor":20},{"not_picked":["Searing Blow","Thunderclap","Cleave"],"picked":"SKIP","floor":21},{"not_picked":["Uppercut","Clothesline+1","Thunderclap+1"],"picked":"SKIP","floor":23},{"not_picked":["Clash","Havoc","Rampage"],"picked":"SKIP","floor":24},{"not_picked":["Twin Strike","Clash","Sever Soul"],"picked":"SKIP","floor":28},{"not_picked":["Sword Boomerang","Hemokinesis","Wild Strike"],"picked":"SKIP","floor":31},{"not_picked":["Twin Strike","Wild Strike"],"picked":"Whirlwind+1","floor":35},{"not_picked":["Heavy Blade","Intimidate+1"],"picked":"Perfected Strike","floor":36},{"not_picked":["Bloodletting","Havoc+1"],"picked":"Corruption","floor":38},{"not_picked":["Clash+1","Iron Wave+1"],"picked":"Disarm+1","floor":39},{"not_picked":["Armaments","Infernal Blade"],"picked":"Perfected Strike+1","floor":44},{"not_picked":["Inflame+1","Thunderclap"],"picked":"Shrug It Off+1","floor":45},{"not_picked":["Carnage","Anger","Heavy Blade"],"picked":"SKIP","floor":47},{"not_picked":["Wild Strike","Headbutt+1"],"picked":"Shrug It Off+1","floor":48}],"player_experience":324821,"relics_obtained":[{"floor":7,"key":"War Paint"},{"floor":9,"key":"Orichalcum"},{"floor":19,"key":"Omamori"},{"floor":22,"key":"Lantern"},{"floor":26,"key":"Blood Vial"},{"floor":31,"key":"Bag of Marbles"},{"floor":36,"key":"Torii"},{"floor":43,"key":"Gremlin Horn"},{"floor":46,"key":"Smiling Mask"},{"floor":47,"key":"Vajra"}],"event_choices":[{"damage_healed":0,"gold_gain":0,"player_choice":"Take Damage","damage_taken":20,"relics_obtained":["Golden Idol"],"max_hp_gain":0,"max_hp_loss":0,"event_name":"Golden Idol","floor":2,"gold_loss":0},{"damage_healed":0,"gold_gain":0,"cards_transformed":["Defend_R"],"player_choice":"Transformed","damage_taken":0,"max_hp_gain":0,"max_hp_loss":0,"event_name":"Transmorgrifier","floor":11,"gold_loss":0,"cards_obtained":["Pummel"]},{"damage_healed":0,"gold_gain":75,"player_choice":"Gather Gold","damage_taken":11,"max_hp_gain":0,"max_hp_loss":0,"event_name":"World of Goop","floor":14,"gold_loss":0},{"damage_healed":0,"gold_gain":0,"player_choice":"Simplicity","damage_taken":0,"max_hp_gain":0,"max_hp_loss":0,"event_name":"Back to Basics","floor":27,"gold_loss":0,"cards_upgraded":["Strike_R","Strike_R","Strike_R","Strike_R","Strike_R","Defend_R","Defend_R"]},{"damage_healed":0,"gold_gain":0,"player_choice":"Fight","damage_taken":0,"max_hp_gain":0,"max_hp_loss":0,"event_name":"MindBloom","floor":36,"gold_loss":0},{"damage_healed":0,"gold_gain":333,"player_choice":"Gave Idol","damage_taken":0,"max_hp_gain":0,"max_hp_loss":0,"event_name":"The Moai Head","floor":37,"relics_lost":["Golden Idol"],"gold_loss":0},{"cards_removed":["Defend_R"],"damage_healed":0,"gold_gain":0,"player_choice":"Removed Skill","damage_taken":0,"max_hp_gain":0,"max_hp_loss":0,"event_name":"Falling","floor":41,"gold_loss":0}],"is_beta":false,"boss_relics":[{"not_picked":["White Beast Statue","Empty Cage"],"picked":"Runic Dome"},{"not_picked":["Tiny House","Black Blood"],"picked":"Mark of Pain"}],"items_purged_floors":[],"is_endless":false,"potions_floor_spawned":[1,3,7,23,24,33,36,38,44,45],"killed_by":"Time Eater","ascension_level":0}