{"gold_per_floor":[113,24,24,24,41,41,59,91,145,164,195,214,233,246,246,318,318,290,10,26,26],"floor_reached":21,"playtime":998,"items_purged":[],"score":347,"play_id":"9de30340-a63f-4b70-8b9f-c2cb54995017","local_time":"20190417150242","is_ascension_mode":true,"campfire_choices":[{"data":"Mind Blast","floor":6,"key":"SMITH"},{"data":"Inflame","floor":15,"key":"SMITH"}],"neow_cost":"TEN_PERCENT_HP_LOSS","seed_source_timestamp":13019041696495,"circlet_count":0,"master_deck":["AscendersBane","Strike_R","Strike_R","Strike_R","Strike_R","Defend_R","Defend_R","Defend_R","Defend_R","Bash+1","Reaper","Clothesline+1","Mind Blast+1","Iron Wave","Shrug It Off","Havoc","Inflame+1","Offering","Clothesline","Intimidate","Shrug It Off","Feed","Carnage","Impatience","Panache","Armaments"],"relics":["Black Blood","Centennial Puzzle","Potion Belt","Du-Vu Doll"],"potions_floor_usage":[8,11,13,16],"damage_taken":[{"damage":3,"enemies":"Jaw Worm","floor":1,"turns":5},{"damage":0,"enemies":"2 Louse","floor":5,"turns":2},{"damage":1,"enemies":"Cultist","floor":7,"turns":3},{"damage":8,"enemies":"Gremlin Nob","floor":8,"turns":4},{"damage":32,"enemies":"Lots of Slimes","floor":10,"turns":5},{"damage":29,"enemies":"Lagavulin","floor":11,"turns":6},{"damage":11,"enemies":"Blue Slaver","floor":12,"turns":2},{"damage":8,"enemies":"Gremlin Gang","floor":13,"turns":4},{"damage":10,"enemies":"2 Fungi Beasts","floor":14,"turns":3},{"damage":26,"enemies":"Slime Boss","floor":16,"turns":9},{"damage":18,"enemies":"2 Thieves","floor":18,"turns":5},{"damage":36,"enemies":"Shell Parasite","floor":20,"turns":7},{"damage":58,"enemies":"Shelled Parasite and Fungi","floor":21,"turns":7}],"seed_played":"-4285923197508102477","potions_obtained":[{"floor":1,"key":"EssenceOfSteel"},{"floor":5,"key":"FearPotion"},{"floor":12,"key":"AttackPotion"},{"floor":14,"key":"SneckoOil"}],"is_trial":false,"path_per_floor":["M","$","?","?","M","R","M","E","T","M","E","M","M","M","R","B",null,"M","$","M","M"],"character_chosen":"IRONCLAD","items_purchased":["Mind Blast","Impatience","Panache"],"campfire_rested":0,"item_purchase_floors":[2,19,19],"current_hp_per_floor":[68,68,48,48,54,54,65,63,63,46,29,34,39,45,45,45,62,62,62,47,0],"gold":26,"neow_bonus":"THREE_RARE_CARDS","is_prod":false,"is_daily":false,"chose_seed":false,"campfire_upgraded":2,"win_rate":0,"timestamp":1555538562,"path_taken":["M","$","?","?","M","R","M","E","T","M","E","M","M","M","R","BOSS","M","?","?","M"],"build_version":"2019-01-23","purchased_purges":0,"victory":false,"max_hp_per_floor":[68,68,68,68,68,68,68,68,68,68,68,68,68,68,68,68,68,71,71,74,77],"card_choices":[{"not_picked":["Double Tap","Berserk"],"picked":"Reaper","floor":0},{"not_picked":["Second Wind","Anger"],"picked":"Clothesline","floor":1},{"not_picked":["Clash","Perfected Strike"],"picked":"Iron Wave","floor":5},{"not_picked":["True Grit","Flex"],"picked":"Shrug It Off","floor":7},{"not_picked":["Clash","Anger"],"picked":"Havoc","floor":8},{"not_picked":["Reckless Charge","Iron Wave"],"picked":"Inflame","floor":10},{"not_picked":["Combust","Perfected Strike"],"picked":"Offering","floor":11},{"not_picked":["Pommel Strike","Clash"],"picked":"Clothesline","floor":12},{"not_picked":["Hemokinesis","Thunderclap"],"picked":"Intimidate","floor":13},{"not_picked":["Hemokinesis","Reckless Charge"],"picked":"Shrug It Off","floor":14},{"not_picked":["Brutality","Impervious"],"picked":"Feed","floor":16},{"not_picked":["Armaments","Havoc"],"picked":"Carnage","floor":18},{"not_picked":["Sever Soul","Clash"],"picked":"Armaments","floor":20}],"player_experience":453172,"relics_obtained":[{"floor":8,"key":"Centennial Puzzle"},{"floor":9,"key":"Potion Belt"},{"floor":11,"key":"Du-Vu Doll"}],"event_choices":[{"damage_healed":0,"gold_gain":0,"player_choice":"Entered Light","damage_taken":20,"max_hp_gain":0,"max_hp_loss":0,"event_name":"Shining Light","floor":3,"gold_loss":0,"cards_upgraded":["Clothesline","Bash"]},{"cards_removed":["Strike_R"],"damage_healed":0,"gold_gain":0,"player_choice":"Offered Basic","damage_taken":0,"max_hp_gain":0,"max_hp_loss":0,"event_name":"Bonfire Elementals","floor":4,"gold_loss":0}],"is_beta":false,"boss_relics":[{"not_picked":["Lizard Tail","Busted Crown"],"picked":"Black Blood"}],"items_purged_floors":[],"is_endless":false,"potions_floor_spawned":[1,5,7,12,14],"killed_by":"Shelled Parasite and Fungi","ascension_level":16}