{"gold_per_floor":[109,109,109,123,48,48,74,74,74,74,74,93,93,112,112,210,210,229,255,255,355,36,46,66,85,131,163,63,94,105,125,125,125],"floor_reached":33,"playtime":1406,"items_purged":["Strike_R","Strike_R"],"score":310,"play_id":"bb29db56-65d7-4b37-bee0-6c926a4d1a0a","local_time":"20181117194605","is_ascension_mode":false,"campfire_choices":[{"data":"Dropkick","floor":6,"key":"SMITH"},{"data":"Defend_R","floor":8,"key":"SMITH"},{"data":"Defend_R","floor":11,"key":"SMITH"},{"data":"Shrug It Off","floor":15,"key":"SMITH"},{"data":"Double Tap","floor":32,"key":"SMITH"}],"neow_cost":"NONE","seed_source_timestamp":339524643221333,"circlet_count":0,"master_deck":["Strike_R+1","Strike_R+1","Defend_R+1","Defend_R+1","Defend_R","Bash+1","Dropkick+1","Shrug It Off+1","Double Tap+1","Shrug It Off","Thunderclap+1","Panache","Thunderclap+1","True Grit+1"],"relics":["Burning Blood","Lantern","Self Forming Clay","Black Star","Red Mask","Vajra","Orichalcum","Molten Egg 2","Ornamental Fan","Whetstone","Anchor"],"potions_floor_usage":[16,18,19,19,27,27,33,33],"damage_taken":[{"damage":10,"enemies":"Jaw Worm","floor":1,"turns":4},{"damage":1,"enemies":"Cultist","floor":4,"turns":3},{"damage":11,"enemies":"Gremlin Nob","floor":7,"turns":3},{"damage":0,"enemies":"2 Louse","floor":12,"turns":2},{"damage":6,"enemies":"Exordium Thugs","floor":14,"turns":5},{"damage":15,"enemies":"The Guardian","floor":16,"turns":14},{"damage":21,"enemies":"Spheric Guardian","floor":18,"turns":6},{"damage":0,"enemies":"Masked Bandits","floor":19,"turns":3},{"damage":2,"enemies":"2 Thieves","floor":23,"turns":4},{"damage":6,"enemies":"Centurion and Healer","floor":24,"turns":7},{"damage":12,"enemies":"Snake Plant","floor":25,"turns":3},{"damage":25,"enemies":"Gremlin Leader","floor":27,"turns":6},{"damage":0,"enemies":"Slavers","floor":29,"turns":3},{"damage":6,"enemies":"Sentry and Sphere","floor":30,"turns":3},{"damage":0,"enemies":"3 Cultists","floor":31,"turns":3},{"damage":69,"enemies":"Champ","floor":33,"turns":14}],"seed_played":"3617745291129330488","potions_obtained":[{"floor":1,"key":"Weak Potion"},{"floor":10,"key":"Explosive Potion"},{"floor":10,"key":"AttackPotion"},{"floor":10,"key":"Dexterity Potion"},{"floor":16,"key":"EssenceOfSteel"},{"floor":18,"key":"AttackPotion"},{"floor":24,"key":"Fire Potion"},{"floor":25,"key":"Regen Potion"},{"floor":27,"key":"Weak Potion"}],"is_trial":false,"path_per_floor":["M","?","?","M","$","R","E","R","T","?","R","M","$","M","R","B",null,"M","?","?","?","$","M","M","M","T","E","$","E","M","M","R","B"],"character_chosen":"IRONCLAD","items_purchased":["Panache","Vajra"],"campfire_rested":0,"item_purchase_floors":[22,22],"current_hp_per_floor":[76,60,53,58,58,58,53,53,53,53,53,59,59,59,59,50,80,65,71,56,56,56,60,60,54,54,50,50,56,56,62,62,0],"gold":125,"neow_bonus":"REMOVE_CARD","is_prod":false,"is_daily":false,"chose_seed":false,"campfire_upgraded":5,"win_rate":0,"timestamp":1542512765,"path_taken":["M","?","?","?","$","R","E","R","T","?","R","?","?","M","R","BOSS","M","?","?","?","$","M","M","?","T","E","$","E","M","M","R","BOSS"],"build_version":"2018-11-15","purchased_purges":2,"victory":false,"max_hp_per_floor":[80,80,80,80,80,80,80,80,80,80,80,80,80,80,80,80,80,80,80,85,85,85,85,85,85,85,85,85,85,85,85,85,85],"card_choices":[{"not_picked":["Shrug It Off","Body Slam"],"picked":"Dropkick","floor":1},{"not_picked":["Feel No Pain","Havoc","Infernal Blade"],"picked":"SKIP","floor":4},{"not_picked":["Anger","Sever Soul","Sword Boomerang"],"picked":"SKIP","floor":7},{"not_picked":["Sword Boomerang","Flame Barrier"],"picked":"Shrug It Off","floor":12},{"not_picked":["Anger","Dark Embrace","Headbutt"],"picked":"SKIP","floor":14},{"not_picked":["Demon Form","Exhume"],"picked":"Double Tap","floor":16},{"not_picked":["Iron Wave","Bloodletting"],"picked":"Shrug It Off","floor":18},{"not_picked":["Iron Wave","Cleave+1"],"picked":"Thunderclap","floor":19},{"not_picked":["Cleave+1","Feed","Havoc"],"picked":"SKIP","floor":23},{"not_picked":["Body Slam","Whirlwind","Heavy Blade"],"picked":"SKIP","floor":24},{"not_picked":["Hemokinesis","Ghostly Armor"],"picked":"Thunderclap+1","floor":25},{"not_picked":["Iron Wave","Feel No Pain","Spot Weakness"],"picked":"SKIP","floor":27},{"not_picked":["Perfected Strike+1","Armaments+1","Berserk"],"picked":"SKIP","floor":29},{"not_picked":["Power Through","Perfected Strike+1","Armaments"],"picked":"SKIP","floor":30},{"not_picked":["Clash+1","Sword Boomerang+1"],"picked":"True Grit+1","floor":31}],"player_experience":337404,"relics_obtained":[{"floor":7,"key":"Lantern"},{"floor":9,"key":"Self Forming Clay"},{"floor":19,"key":"Red Mask"},{"floor":26,"key":"Orichalcum"},{"floor":27,"key":"Molten Egg 2"},{"floor":27,"key":"Ornamental Fan"},{"floor":29,"key":"Whetstone"},{"floor":29,"key":"Anchor"}],"event_choices":[{"damage_healed":0,"gold_gain":0,"player_choice":"Entered Light","damage_taken":16,"max_hp_gain":0,"max_hp_loss":0,"event_name":"Shining Light","floor":2,"gold_loss":0,"cards_upgraded":["Strike_R","Bash"]},{"cards_removed":["Strike_R"],"damage_healed":0,"gold_gain":0,"player_choice":"Card Removal","damage_taken":7,"max_hp_gain":0,"max_hp_loss":0,"event_name":"Golden Wing","floor":3,"gold_loss":0},{"damage_healed":0,"gold_gain":0,"player_choice":"Got Potions","damage_taken":0,"max_hp_gain":0,"max_hp_loss":0,"event_name":"Lab","floor":10,"gold_loss":0},{"damage_healed":0,"gold_gain":0,"player_choice":"Fought Bandits","damage_taken":0,"max_hp_gain":0,"max_hp_loss":0,"event_name":"Masked Bandits","floor":19,"gold_loss":0},{"damage_healed":0,"gold_gain":0,"player_choice":"Shed Blood","damage_taken":20,"max_hp_gain":5,"max_hp_loss":0,"event_name":"Forgotten Altar","floor":20,"gold_loss":0},{"damage_healed":0,"gold_gain":100,"player_choice":"Pray","damage_taken":0,"max_hp_gain":0,"max_hp_loss":0,"event_name":"Golden Shrine","floor":21,"gold_loss":0}],"is_beta":false,"boss_relics":[{"not_picked":["Calling Bell","Ectoplasm"],"picked":"Black Star"}],"items_purged_floors":[5,28],"is_endless":false,"potions_floor_spawned":[1,12,16,18,24,25,27],"killed_by":"Champ","ascension_level":0}