{"gold_per_floor":[217,227,227,242,3,37,37,48,129,155,173,208,117,137,137,239,239,258,272,272,291,304,304],"floor_reached":23,"playtime":1413,"items_purged":[],"score":276,"play_id":"c45f5a9d-5f12-43f4-a4a7-2b6e693eec8b","local_time":"20190315203751","is_ascension_mode":true,"campfire_choices":[{"floor":7,"key":"REST"},{"floor":15,"key":"REST"}],"neow_cost":"NONE","seed_source_timestamp":1195942726219061,"circlet_count":0,"master_deck":["Defend_G","Defend_G","Defend_G","Defend_G","Defend_G","Strike_G","Strike_G","Survivor","Neutralize","Flechettes","Crippling Poison","Catalyst","Well Laid Plans","Catalyst","Noxious Fumes","Endless Agony","Leg Sweep","Malaise","Noxious Fumes+1","PiercingWail","Poisoned Stab","Storm of Steel","Underhanded Strike","Escape Plan","Tools of the Trade+1","Infinite Blades+1"],"relics":["Ring of the Snake","Sling","Dead Branch","Frozen Egg 2","Lantern","Centennial Puzzle","Snecko Eye"],"potions_floor_usage":[11,12,23],"damage_taken":[{"damage":7,"enemies":"Jaw Worm","floor":1,"turns":7},{"damage":0,"enemies":"Cultist","floor":2,"turns":4},{"damage":1,"enemies":"Small Slimes","floor":4,"turns":4},{"damage":26,"enemies":"3 Sentries","floor":6,"turns":10},{"damage":23,"enemies":"Exordium Wildlife","floor":8,"turns":7},{"damage":18,"enemies":"Gremlin Nob","floor":10,"turns":4},{"damage":0,"enemies":"2 Fungi Beasts","floor":11,"turns":2},{"damage":2,"enemies":"3 Sentries","floor":12,"turns":5},{"damage":3,"enemies":"Gremlin Gang","floor":14,"turns":5},{"damage":19,"enemies":"Hexaghost","floor":16,"turns":6},{"damage":0,"enemies":"Spheric Guardian","floor":18,"turns":1},{"damage":0,"enemies":"2 Thieves","floor":19,"turns":3},{"damage":18,"enemies":"Centurion and Healer","floor":21,"turns":5},{"damage":11,"enemies":"Shelled Parasite and Fungi","floor":22,"turns":4},{"damage":44,"enemies":"Book of Stabbing","floor":23,"turns":5}],"seed_played":"8249137982707513284","potions_obtained":[{"floor":1,"key":"Ancient Potion"},{"floor":6,"key":"Strength Potion"},{"floor":8,"key":"Swift Potion"},{"floor":19,"key":"Ancient Potion"},{"floor":21,"key":"FearPotion"},{"floor":22,"key":"Explosive Potion"}],"is_trial":false,"path_per_floor":["M","M","?","M","$","E","R","M","T","E","M","E","$","M","R","B",null,"M","M","?","M","M","E"],"character_chosen":"THE_SILENT","items_purchased":["Well Laid Plans","Sling","Noxious Fumes+1","PiercingWail"],"campfire_rested":2,"item_purchase_floors":[5,5,13,13],"current_hp_per_floor":[63,63,63,62,62,36,57,34,34,16,16,14,14,11,32,13,70,70,70,70,52,41,0],"gold":304,"neow_bonus":"HUNDRED_GOLD","is_prod":false,"is_daily":false,"chose_seed":false,"campfire_upgraded":0,"win_rate":0,"timestamp":1552707471,"path_taken":["M","M","?","M","$","E","R","M","T","E","?","E","?","?","R","BOSS","M","M","?","M","M","E"],"build_version":"2019-01-23","purchased_purges":0,"victory":false,"max_hp_per_floor":[70,70,70,70,70,70,70,70,70,70,70,70,70,70,70,70,70,70,70,70,70,70,70],"card_choices":[{"not_picked":["Acrobatics","Deflect"],"picked":"Flechettes","floor":1},{"not_picked":["Predator","Deflect"],"picked":"Crippling Poison","floor":2},{"not_picked":["Poisoned Stab","Heel Hook"],"picked":"Catalyst","floor":4},{"not_picked":["Heel Hook","Backflip"],"picked":"Catalyst","floor":6},{"not_picked":["Cloak And Dagger","Tactician"],"picked":"Noxious Fumes","floor":8},{"not_picked":["Poisoned Stab","Escape Plan"],"picked":"Endless Agony","floor":10},{"not_picked":["Flying Knee","Riddle With Holes"],"picked":"Leg Sweep","floor":11},{"not_picked":["Flying Knee","Dash"],"picked":"Malaise","floor":12},{"not_picked":["Slice","Backflip"],"picked":"Poisoned Stab","floor":14},{"not_picked":["Burst","Corpse Explosion"],"picked":"Storm of Steel","floor":16},{"not_picked":["Prepared+1","Flying Knee"],"picked":"Underhanded Strike","floor":18},{"not_picked":["Cloak And Dagger","Flying Knee+1","Tactician"],"picked":"SKIP","floor":19},{"not_picked":["Skewer","Masterful Stab"],"picked":"Infinite Blades+1","floor":21},{"not_picked":["Prepared","Slice","Backflip"],"picked":"SKIP","floor":22}],"player_experience":40357,"relics_obtained":[{"floor":6,"key":"Dead Branch"},{"floor":9,"key":"Frozen Egg 2"},{"floor":10,"key":"Lantern"},{"floor":12,"key":"Centennial Puzzle"}],"event_choices":[{"cards_removed":["Strike_G"],"damage_healed":0,"gold_gain":0,"player_choice":"Purged","damage_taken":0,"max_hp_gain":0,"max_hp_loss":0,"event_name":"Purifier","floor":3,"gold_loss":0},{"damage_healed":0,"gold_gain":0,"cards_transformed":["Strike_G","Strike_G"],"player_choice":"Became Test Subject","damage_taken":0,"max_hp_gain":0,"max_hp_loss":0,"event_name":"Drug Dealer","floor":20,"gold_loss":0,"cards_obtained":["Escape Plan","Tools of the Trade"]}],"is_beta":false,"boss_relics":[{"not_picked":["Coffee Dripper","Runic Dome"],"picked":"Snecko Eye"}],"items_purged_floors":[],"is_endless":false,"potions_floor_spawned":[1,6,8,19,21,22],"killed_by":"Book of Stabbing","ascension_level":3}