{"gold_per_floor":[115,134,134,134,59,92,92,106,133,149,149,149,174,20,20,118,118,134,157,172,186,210,210,225,225,225,225,24,44,44,65,65,161,161,181,205,205,219,239,275,275,87,87,87],"floor_reached":44,"playtime":2062,"items_purged":["Strike_R","Anger+1"],"score":821,"play_id":"2e36fbce-0c79-4673-8a6c-143c78ff5f04","local_time":"20190502125109","is_ascension_mode":true,"campfire_choices":[{"data":"Bash","floor":7.0,"key":"SMITH"},{"data":"Inflame","floor":15.0,"key":"SMITH"},{"floor":23,"key":"REST"},{"data":"Juggernaut","floor":25,"key":"SMITH"},{"data":"Armaments","floor":27,"key":"SMITH"},{"data":"Clothesline","floor":30,"key":"SMITH"},{"data":"Shrug It Off","floor":32,"key":"SMITH"},{"data":"Impervious","floor":41,"key":"SMITH"}],"neow_cost":"NONE","seed_source_timestamp":0,"circlet_count":0,"master_deck":["AscendersBane","Strike_R","Strike_R","Strike_R","Strike_R","Defend_R","Defend_R","Defend_R","Defend_R","Bash+1","Flame Barrier","Inflame+1","Clothesline+1","Shrug It Off+1","Armaments+1","Impervious+1","Impervious","Heavy Blade+1","Juggernaut+1","Barricade","Body Slam","Blood for Blood","Shrug It Off"],"special_seed":0,"relics":["Burning Blood","NeowsBlessing","Golden Idol","Strawberry","Omamori","Vajra","Snecko Eye","Ancient Tea Set","Lee\u0027s Waffle","Eternal Feather","Nunchaku"],"potions_floor_usage":[33,33],"damage_taken":[{"damage":0.0,"enemies":"Cultist","floor":1.0,"turns":1.0},{"damage":0.0,"enemies":"2 Louse","floor":2.0,"turns":2.0},{"damage":0.0,"enemies":"Lagavulin","floor":6.0,"turns":1.0},{"damage":0.0,"enemies":"Small Slimes","floor":8.0,"turns":3.0},{"damage":15.0,"enemies":"Exordium Thugs","floor":10.0,"turns":4.0},{"damage":9.0,"enemies":"Looter","floor":13.0,"turns":3.0},{"damage":19.0,"enemies":"Hexaghost","floor":16.0,"turns":10.0},{"damage":24,"enemies":"3 Byrds","floor":18,"turns":7},{"damage":12,"enemies":"2 Thieves","floor":19,"turns":5},{"damage":25,"enemies":"Shelled Parasite and Fungi","floor":20,"turns":7},{"damage":15,"enemies":"3 Cultists","floor":21,"turns":6},{"damage":9,"enemies":"Centurion and Healer","floor":22,"turns":7},{"damage":13,"enemies":"Snecko","floor":24,"turns":5},{"damage":10,"enemies":"Snake Plant","floor":29,"turns":2},{"damage":15,"enemies":"Shelled Parasite and Fungi","floor":31,"turns":5},{"damage":51,"enemies":"Automaton","floor":33,"turns":12},{"damage":0,"enemies":"3 Shapes","floor":35,"turns":5},{"damage":20,"enemies":"Orb Walker","floor":36,"turns":4},{"damage":13,"enemies":"3 Darklings","floor":38,"turns":7},{"damage":34,"enemies":"Sphere and 2 Shapes","floor":39,"turns":8},{"damage":19,"enemies":"Giant Head","floor":40,"turns":8},{"damage":56,"enemies":"Reptomancer","floor":44,"turns":3}],"seed_played":"-3523777116834700412","potions_obtained":[{"floor":1.0,"key":"Ancient Potion"},{"floor":2.0,"key":"AttackPotion"},{"floor":21,"key":"SkillPotion"},{"floor":29,"key":"Fire Potion"},{"floor":36,"key":"LiquidBronze"},{"floor":39,"key":"Dexterity Potion"}],"is_trial":false,"path_per_floor":["M","M","?","?","$","E","R","M","T","M","?","?","M","$","R","B",null,"M","M","M","M","M","R","M","R","T","R","$","M","R","M","R","B",null,"M","M","?","M","M","E","R","$","T","E"],"character_chosen":"IRONCLAD","items_purchased":["Inflame","Impervious","Lee\u0027s Waffle","Blood for Blood","Shrug It Off"],"campfire_rested":1,"item_purchase_floors":[5,14,28,42,42],"current_hp_per_floor":[74,75,49,45,45,58,58,64,64,55,55,44,41,41,41,28,69,51,45,26,17,14,38,31,31,31,31,89,85,85,76,76,31,75,81,67,89,82,54,41,53,53,53,0],"gold":87,"neow_bonus":"THREE_ENEMY_KILL","is_prod":false,"is_daily":false,"chose_seed":false,"campfire_upgraded":7,"win_rate":0,"timestamp":1556826669,"path_taken":["M","?","?","?","$","E","R","?","T","M","?","?","M","$","R","BOSS","M","M","M","M","M","R","M","R","T","R","$","M","R","M","R","BOSS","M","M","?","M","?","E","R","$","T","E"],"build_version":"2019-01-23","purchased_purges":2,"victory":false,"max_hp_per_floor":[75,75,75,75,75,82,82,82,82,82,82,82,82,82,82,82,82,82,82,82,82,82,82,82,82,82,82,89,89,89,89,89,89,89,89,89,89,89,89,89,89,89,89,89],"card_choices":[{"not_picked":["Havoc","Shockwave"],"picked":"Flame Barrier","floor":1.0},{"not_picked":["Evolve","Reckless Charge"],"picked":"Anger","floor":2.0},{"not_picked":["Armaments","Warcry"],"picked":"Clothesline","floor":6.0},{"not_picked":["Carnage","Heavy Blade","Anger"],"picked":"SKIP","floor":8.0},{"not_picked":["Body Slam","Thunderclap"],"picked":"Shrug It Off","floor":10.0},{"not_picked":["Twin Strike","Pummel"],"picked":"Armaments","floor":13.0},{"not_picked":["Offering","Barricade"],"picked":"Impervious","floor":16.0},{"not_picked":["Headbutt","Intimidate","Armaments"],"picked":"SKIP","floor":18},{"not_picked":["Shrug It Off","Ghostly Armor","Second Wind"],"picked":"SKIP","floor":19},{"not_picked":["Inflame","Sword Boomerang","Twin Strike"],"picked":"SKIP","floor":20},{"not_picked":["Armaments","Twin Strike"],"picked":"Heavy Blade+1","floor":21},{"not_picked":["Ghostly Armor","Headbutt+1"],"picked":"Juggernaut","floor":22},{"not_picked":["Whirlwind","Twin Strike","Ghostly Armor"],"picked":"SKIP","floor":24},{"not_picked":["Iron Wave","Anger","Wild Strike"],"picked":"SKIP","floor":29},{"not_picked":["Rupture","True Grit","Warcry"],"picked":"SKIP","floor":31},{"not_picked":["Berserk","Brutality"],"picked":"Barricade","floor":33},{"not_picked":["Cleave+1","Carnage","Iron Wave"],"picked":"SKIP","floor":35},{"not_picked":["Rage+1","Clothesline","Thunderclap"],"picked":"SKIP","floor":36},{"not_picked":["Pommel Strike+1","Clothesline"],"picked":"Body Slam","floor":38},{"not_picked":["Burning Pact","Warcry","Reckless Charge"],"picked":"SKIP","floor":39},{"not_picked":["Iron Wave+1","Anger","Offering"],"picked":"SKIP","floor":40}],"player_experience":374662,"relics_obtained":[{"floor":6.0,"key":"Strawberry"},{"floor":9.0,"key":"Omamori"},{"floor":26,"key":"Ancient Tea Set"},{"floor":40,"key":"Nunchaku"}],"event_choices":[{"damage_healed":0.0,"max_hp_gain":0.0,"max_hp_loss":0.0,"gold_gain":0.0,"event_name":"Golden Idol","player_choice":"Take Damage","floor":3.0,"gold_loss":0.0,"damage_taken":26.0,"relics_obtained":["Golden Idol"]},{"damage_healed":0.0,"max_hp_gain":0.0,"max_hp_loss":0.0,"gold_gain":0.0,"event_name":"The Woman in Blue","player_choice":"Bought 0 Potions","floor":4.0,"gold_loss":0.0,"damage_taken":0.0},{"damage_healed":0.0,"max_hp_gain":0.0,"max_hp_loss":0.0,"gold_gain":0.0,"event_name":"Living Wall","player_choice":"Grow","floor":11.0,"gold_loss":0.0,"damage_taken":0.0,"cards_upgraded":["Anger"]},{"damage_healed":0.0,"max_hp_gain":0.0,"max_hp_loss":0.0,"gold_gain":0.0,"event_name":"Scrap Ooze","player_choice":"Success","floor":12.0,"gold_loss":0.0,"damage_taken":11.0,"relics_obtained":["Vajra"]},{"damage_healed":22,"gold_gain":0,"player_choice":"Full Heal","damage_taken":0,"max_hp_gain":0,"max_hp_loss":0,"event_name":"Wheel of Change","floor":37,"gold_loss":0}],"is_beta":false,"boss_relics":[{"not_picked":["Empty Cage","Tiny House"],"picked":"Snecko Eye"},{"not_picked":["Runic Pyramid","Black Star"],"picked":"Eternal Feather"}],"items_purged_floors":[14,42],"is_endless":false,"potions_floor_spawned":[1,2,6,21,22,29,31,36,39],"killed_by":"Reptomancer","ascension_level":15}