{"gold_per_floor":[114,134,151,226,239,239,414,430,456,456,456,456],"floor_reached":12,"playtime":662,"items_purged":[],"score":74,"play_id":"2c928608-9e0c-4d86-907a-f1713cfcfe4b","local_time":"20190316111232","is_ascension_mode":true,"campfire_choices":[{"data":"Shrug It Off","floor":6,"key":"SMITH"},{"data":"Headbutt","floor":11,"key":"SMITH"}],"neow_cost":"NONE","seed_source_timestamp":307414033145175,"circlet_count":0,"master_deck":["Strike_R","Strike_R","Strike_R","Strike_R","Strike_R","Defend_R","Defend_R","Defend_R","Defend_R","Bash","Battle Trance","Heavy Blade","Shrug It Off+1","Metallicize+1","Doubt","Headbutt+1"],"relics":["Burning Blood"],"potions_floor_usage":[12],"damage_taken":[{"damage":1,"enemies":"Cultist","floor":1,"turns":3},{"damage":1,"enemies":"Jaw Worm","floor":2,"turns":5},{"damage":8,"enemies":"Small Slimes","floor":3,"turns":4},{"damage":3,"enemies":"3 Louse","floor":5,"turns":5},{"damage":23,"enemies":"Large Slime","floor":8,"turns":11},{"damage":55,"enemies":"Lagavulin","floor":12,"turns":18}],"seed_played":"-496631513778192841","potions_obtained":[{"floor":1,"key":"SpeedPotion"},{"floor":2,"key":"SkillPotion"}],"is_trial":false,"path_per_floor":["M","M","M","?","M","R","?","M","T","?","R","E"],"character_chosen":"IRONCLAD","items_purchased":[],"campfire_rested":0,"item_purchase_floors":[],"current_hp_per_floor":[88,88,86,75,78,78,78,61,61,61,61,6],"gold":456,"neow_bonus":"TEN_PERCENT_HP_BONUS","is_prod":false,"is_daily":false,"chose_seed":false,"campfire_upgraded":2,"win_rate":0,"timestamp":1552756352,"path_taken":["M","?","M","?","M","R","?","M","T","?","R","E"],"build_version":"2019-01-23","purchased_purges":0,"victory":false,"max_hp_per_floor":[88,88,88,88,88,88,88,88,88,88,88,88],"card_choices":[{"not_picked":["Armaments","Thunderclap"],"picked":"Battle Trance","floor":1},{"not_picked":["Twin Strike","Anger"],"picked":"Heavy Blade","floor":2},{"not_picked":["Sword Boomerang","Havoc"],"picked":"Shrug It Off","floor":3},{"not_picked":["Wild Strike","Limit Break"],"picked":"Metallicize","floor":5},{"not_picked":["Clash","Dropkick"],"picked":"Headbutt","floor":8}],"player_experience":232549,"relics_obtained":[],"event_choices":[{"damage_healed":0,"gold_gain":75,"player_choice":"Gather Gold","damage_taken":11,"max_hp_gain":0,"max_hp_loss":0,"event_name":"World of Goop","floor":4,"gold_loss":0},{"damage_healed":0,"gold_gain":175,"player_choice":"AGREE","damage_taken":0,"max_hp_gain":0,"max_hp_loss":0,"event_name":"Liars Game","floor":7,"gold_loss":0,"cards_obtained":["Doubt"]},{"damage_healed":0,"gold_gain":0,"player_choice":"Grow","damage_taken":0,"max_hp_gain":0,"max_hp_loss":0,"event_name":"Living Wall","floor":10,"gold_loss":0,"cards_upgraded":["Metallicize"]}],"is_beta":false,"boss_relics":[],"items_purged_floors":[],"is_endless":false,"potions_floor_spawned":[1,2],"killed_by":"Lagavulin","ascension_level":1}