{"gold_per_floor":[116,39,39,39,39,39,64,76,76,90,115,179,196,223,223,323,323,339,339,339,353,373,373,388,388],"floor_reached":25,"playtime":767,"items_purged":[],"score":400,"play_id":"0f9b9636-6d6e-46cc-9bb2-7112d5129700","local_time":"20190402141624","is_ascension_mode":true,"campfire_choices":[{"data":"Bash","floor":6,"key":"SMITH"},{"data":"Searing Blow","floor":15,"key":"SMITH"},{"data":"Searing Blow+1","floor":23,"key":"SMITH"}],"neow_cost":"NONE","seed_source_timestamp":242900652799879,"circlet_count":0,"master_deck":["Strike_R","Strike_R+1","Strike_R","Strike_R+1","Defend_R","Defend_R","Defend_R","Defend_R","Bash+1","Headbutt","Combust+1","Combust","Dropkick","Battle Trance","Searing Blow+2","Immolate","Armaments+1","Power Through"],"relics":["Burning Blood","NeowsBlessing","Nunchaku","Whetstone","Blood Vial","Kunai","Paper Frog","Bottled Flame","Mark of Pain","Enchiridion"],"potions_floor_usage":[14,18,18],"damage_taken":[{"damage":0,"enemies":"2 Louse","floor":1,"turns":1},{"damage":0,"enemies":"Lagavulin","floor":7,"turns":2},{"damage":0,"enemies":"Jaw Worm","floor":8,"turns":1},{"damage":1,"enemies":"Cultist","floor":10,"turns":2},{"damage":20,"enemies":"Gremlin Nob","floor":11,"turns":3},{"damage":27,"enemies":"3 Sentries","floor":12,"turns":5},{"damage":8,"enemies":"Blue Slaver","floor":13,"turns":2},{"damage":21,"enemies":"3 Sentries","floor":14,"turns":4},{"damage":4,"enemies":"Slime Boss","floor":16,"turns":6},{"damage":10,"enemies":"3 Byrds","floor":18,"turns":2},{"damage":9,"enemies":"Spheric Guardian","floor":21,"turns":3},{"damage":32,"enemies":"Centurion and Healer","floor":22,"turns":5},{"damage":24,"enemies":"Snake Plant","floor":24,"turns":2},{"damage":18,"enemies":"Gremlin Leader","floor":25,"turns":1}],"seed_played":"-523368836376906873","potions_obtained":[{"floor":8,"key":"Explosive Potion"},{"floor":11,"key":"Regen Potion"},{"floor":13,"key":"GamblersBrew"},{"floor":14,"key":"Ancient Potion"},{"floor":18,"key":"Weak Potion"},{"floor":24,"key":"Block Potion"}],"is_trial":false,"path_per_floor":["M","$","?","T","?","R","E","M","T","M","E","?","M","E","R","B",null,"M","?","?","M","M","R","M","E"],"character_chosen":"IRONCLAD","items_purchased":["Combust"],"campfire_rested":0,"item_purchase_floors":[2],"current_hp_per_floor":[78,78,78,78,78,78,80,80,80,80,66,47,47,46,46,50,73,71,55,55,54,30,30,14,0],"gold":388,"neow_bonus":"THREE_ENEMY_KILL","is_prod":false,"is_daily":false,"chose_seed":false,"campfire_upgraded":3,"win_rate":0,"timestamp":1554239784,"path_taken":["M","$","?","?","?","R","E","M","T","M","E","?","M","E","R","BOSS","M","?","?","M","M","R","?","E"],"build_version":"2019-01-23","purchased_purges":0,"victory":false,"max_hp_per_floor":[80,80,80,80,80,80,80,80,80,80,80,80,80,80,80,80,80,80,80,80,80,80,80,80,80],"card_choices":[{"not_picked":["Flex","Rupture"],"picked":"Headbutt","floor":1},{"not_picked":["Blood for Blood","Pommel Strike","Bloodletting"],"picked":"SKIP","floor":7},{"not_picked":["Sword Boomerang","Headbutt","Sever Soul"],"picked":"SKIP","floor":8},{"not_picked":["Iron Wave","Ghostly Armor"],"picked":"Combust","floor":10},{"not_picked":["Warcry","Battle Trance"],"picked":"Dropkick","floor":11},{"not_picked":["Seeing Red","Sword Boomerang"],"picked":"Battle Trance","floor":12},{"not_picked":["Sever Soul","Cleave"],"picked":"Searing Blow","floor":13},{"not_picked":["Havoc","Whirlwind","Bloodletting"],"picked":"SKIP","floor":14},{"not_picked":["Feed","Reaper"],"picked":"Immolate","floor":16},{"not_picked":["Entrench","Sword Boomerang","Cleave"],"picked":"SKIP","floor":18},{"not_picked":["Heavy Blade","Shockwave"],"picked":"Armaments+1","floor":21},{"not_picked":["Flex","Cleave"],"picked":"Power Through","floor":22},{"not_picked":["Twin Strike+1","Perfected Strike+1","Cleave"],"picked":"SKIP","floor":24}],"player_experience":131614,"relics_obtained":[{"floor":4,"key":"Nunchaku"},{"floor":7,"key":"Whetstone"},{"floor":9,"key":"Blood Vial"},{"floor":11,"key":"Kunai"},{"floor":12,"key":"Paper Frog"},{"floor":14,"key":"Bottled Flame"},{"floor":19,"key":"Enchiridion"}],"event_choices":[{"damage_healed":0,"gold_gain":0,"player_choice":"Grow","damage_taken":0,"max_hp_gain":0,"max_hp_loss":0,"event_name":"Living Wall","floor":3,"gold_loss":0,"cards_upgraded":["Combust"]},{"damage_healed":0,"gold_gain":0,"player_choice":"Leave","damage_taken":0,"max_hp_gain":0,"max_hp_loss":0,"event_name":"The Cleric","floor":5,"gold_loss":0},{"damage_healed":0,"gold_gain":0,"player_choice":"Searched \u00271\u0027 times","damage_taken":0,"max_hp_gain":0,"max_hp_loss":0,"event_name":"Dead Adventurer","floor":12,"gold_loss":0},{"damage_healed":0,"gold_gain":0,"player_choice":"Obtained Book","damage_taken":16,"max_hp_gain":0,"max_hp_loss":0,"event_name":"Cursed Tome","floor":19,"gold_loss":0},{"cards_removed":["Strike_R"],"damage_healed":0,"gold_gain":0,"player_choice":"Offered Basic","damage_taken":0,"max_hp_gain":0,"max_hp_loss":0,"event_name":"Bonfire Elementals","floor":20,"gold_loss":0}],"is_beta":false,"boss_relics":[{"not_picked":["Philosopher\u0027s Stone","Coffee Dripper"],"picked":"Mark of Pain"}],"items_purged_floors":[],"is_endless":false,"potions_floor_spawned":[8,11,13,14,18,24],"killed_by":"Gremlin Leader","ascension_level":7}