{"gold_per_floor":[115,82,0,12,22,22,22,40,40,5,5,25,45,71,71,71],"floor_reached":16,"playtime":348,"items_purged":[],"score":107,"play_id":"2b9e5db6-df90-4bd1-bdbd-652e75803c08","local_time":"20181222122203","is_ascension_mode":true,"campfire_choices":[{"data":"Defragment","floor":6,"key":"SMITH"},{"floor":15,"key":"REST"}],"neow_cost":"NONE","seed_source_timestamp":227052027883937,"circlet_count":0,"master_deck":["Strike_B","Strike_B","Strike_B","Strike_B","Defend_B","Defend_B","Defend_B","Defend_B","Zap","Dualcast","Leap","Defragment+1","Sweeping Beam","Auto Shields","Streamline","Genetic Algorithm","Genetic Algorithm","Gash"],"relics":["Cracked Core","Question Card"],"potions_floor_usage":[13,13,14],"damage_taken":[{"damage":3,"enemies":"2 Louse","floor":1,"turns":2},{"damage":10,"enemies":"Jaw Worm","floor":4,"turns":4},{"damage":9,"enemies":"Cultist","floor":5,"turns":4},{"damage":0,"enemies":"2 Fungi Beasts","floor":8,"turns":2},{"damage":10,"enemies":"Looter","floor":12,"turns":3},{"damage":4,"enemies":"3 Louse","floor":13,"turns":2},{"damage":36,"enemies":"Gremlin Nob","floor":14,"turns":5},{"damage":45,"enemies":"The Guardian","floor":16,"turns":6}],"seed_played":"-2763769926773395042","potions_obtained":[{"floor":5,"key":"AttackPotion"},{"floor":8,"key":"PowerPotion"},{"floor":12,"key":"SkillPotion"}],"is_trial":false,"path_per_floor":["M","?","$","M","M","R","$","M","T","$","?","M","M","E","R","B"],"character_chosen":"DEFECT","items_purchased":["Defragment","Genetic Algorithm"],"campfire_rested":1,"item_purchase_floors":[3,10],"current_hp_per_floor":[79,79,79,69,60,60,60,60,60,60,65,55,51,15,41,0],"gold":71,"neow_bonus":"TEN_PERCENT_HP_BONUS","is_prod":false,"is_daily":false,"chose_seed":false,"campfire_upgraded":1,"win_rate":0,"timestamp":1545510123,"path_taken":["M","?","$","M","M","R","$","M","T","$","?","M","M","E","R","BOSS"],"build_version":"2018-12-20","purchased_purges":0,"victory":false,"max_hp_per_floor":[82,82,82,82,82,82,82,82,82,82,87,87,87,87,87,87],"card_choices":[{"not_picked":["Go for the Eyes","Conserve Battery"],"picked":"Leap","floor":1},{"not_picked":["Leap","Compile Driver"],"picked":"Sweeping Beam","floor":4},{"not_picked":["Melter","Beam Cell"],"picked":"Auto Shields","floor":5},{"not_picked":["Coolheaded","Force Field"],"picked":"Streamline","floor":8},{"not_picked":["Ball Lightning","Conserve Battery"],"picked":"Genetic Algorithm","floor":12},{"not_picked":["Compile Driver","Heatsinks","Blizzard"],"picked":"SKIP","floor":13},{"not_picked":["Compile Driver","Hyperbeam"],"picked":"Gash","floor":14}],"player_experience":311196,"relics_obtained":[{"floor":14,"key":"Question Card"}],"event_choices":[{"damage_healed":0,"gold_gain":0,"player_choice":"Left Gold","damage_taken":0,"max_hp_gain":0,"max_hp_loss":0,"event_name":"World of Goop","floor":2,"gold_loss":33},{"damage_healed":0,"gold_gain":0,"player_choice":"Donut","damage_taken":0,"max_hp_gain":5,"max_hp_loss":0,"event_name":"Big Fish","floor":11,"gold_loss":0}],"is_beta":false,"boss_relics":[],"items_purged_floors":[],"is_endless":false,"potions_floor_spawned":[5,8,12],"killed_by":"The Guardian","ascension_level":1}