{"gold_per_floor":[115,115,115,132,149,149,74,74,120,146,164,181,192,209,209,308,308,218,218,218,236,236,236,246,246,246,256,171,171,181,181,181,181],"floor_reached":33,"playtime":2597,"items_purged":["Strike_R"],"score":272,"play_id":"328b80d4-521d-4253-99c1-555a8f479e1a","local_time":"20181019174648","is_ascension_mode":false,"campfire_choices":[{"data":"Forethought","floor":6,"key":"SMITH"},{"data":"Demon Form","floor":8,"key":"SMITH"},{"data":"Bash","floor":15,"key":"SMITH"},{"data":"Uppercut","floor":23,"key":"SMITH"},{"floor":25,"key":"REST"},{"floor":32,"key":"REST"}],"neow_cost":"NONE","seed_source_timestamp":0,"circlet_count":0,"master_deck":["Defend_R+1","Defend_R+1","Defend_R+1","Defend_R+1","Bash+1","Forethought+1","Shrug It Off","Demon Form+1","Uppercut+1","Dropkick","Dropkick","True Grit","Pummel","Reaper","Sever Soul+1","Clothesline+1","Anger+1","Thunderclap+1","Bite","Bite","Bite","Bite","Bite"],"special_seed":0,"relics":["Burning Blood","Anchor","Matryoshka","Astrolabe","MutagenicStrength","Oddly Smooth Stone","Juzu Bracelet","Centennial Puzzle","Vajra","Smiling Mask"],"potions_floor_usage":[13,16,18,24],"damage_taken":[{"damage":5.0,"enemies":"Small Slimes","floor":1.0,"turns":3.0},{"damage":4,"enemies":"Jaw Worm","floor":4,"turns":5},{"damage":0,"enemies":"2 Louse","floor":5,"turns":3},{"damage":33,"enemies":"3 Sentries","floor":10,"turns":8},{"damage":0,"enemies":"Large Slime","floor":11,"turns":6},{"damage":0,"enemies":"Lots of Slimes","floor":12,"turns":6},{"damage":14,"enemies":"Gremlin Gang","floor":13,"turns":4},{"damage":0,"enemies":"Red Slaver","floor":14,"turns":4},{"damage":9,"enemies":"Hexaghost","floor":16,"turns":6},{"damage":33,"enemies":"2 Thieves","floor":18,"turns":5},{"damage":40,"enemies":"3 Byrds","floor":21,"turns":6},{"damage":24,"enemies":"Sentry and Sphere","floor":24,"turns":6},{"damage":22,"enemies":"Centurion and Healer","floor":27,"turns":11},{"damage":19,"enemies":"3 Cultists","floor":30,"turns":6},{"damage":26,"enemies":"Collector","floor":33,"turns":3}],"seed_played":"-5791129648463856659","potions_obtained":[{"floor":1,"key":"SpeedPotion"},{"floor":10,"key":"Block Potion"},{"floor":12,"key":"Strength Potion"},{"floor":21,"key":"AttackPotion"},{"floor":30,"key":"EssenceOfSteel"}],"is_trial":false,"path_per_floor":["M","?","?","M","M","R","$","R","T","E","M","M","M","M","R","B",null,"M","?","?","M","T","R","M","R","T","M","?","?","M","?","R"],"character_chosen":"IRONCLAD","items_purchased":[],"campfire_rested":2,"item_purchase_floors":[],"current_hp_per_floor":[80,64,64,66,72,72,72,72,72,45,51,57,49,55,55,52,80,65,65,65,31,31,31,13,37,37,21,21,21,8,8,24,0],"gold":181,"neow_bonus":"RANDOM_COLORLESS","is_prod":false,"is_daily":false,"chose_seed":false,"campfire_upgraded":4,"win_rate":0,"timestamp":1539996408,"path_taken":["M","?","?","M","?","R","?","R","T","E","M","M","M","M","R","BOSS","M","?","?","M","?","R","M","R","T","M","?","?","M","?","R","BOSS"],"build_version":"2018-10-18","purchased_purges":1,"victory":false,"max_hp_per_floor":[80,80,80,80,80,80,80,80,80,80,80,80,80,80,80,80,80,80,80,80,80,80,80,80,80,80,80,80,80,80,56,56,56],"card_choices":[{"not_picked":["Sword Boomerang","Pommel Strike"],"picked":"Shrug It Off","floor":1},{"not_picked":["Warcry","Clash","Seeing Red"],"picked":"SKIP","floor":4},{"not_picked":["Armaments","Fire Breathing"],"picked":"Uppercut","floor":5},{"not_picked":["Fire Breathing","Wild Strike"],"picked":"Dropkick","floor":10},{"not_picked":["Burning Pact","Armaments"],"picked":"Dropkick","floor":11},{"not_picked":["Spot Weakness","Brutality"],"picked":"True Grit","floor":12},{"not_picked":["Rampage","Heavy Blade"],"picked":"Pummel","floor":13},{"not_picked":["Seeing Red","Corruption","Clothesline"],"picked":"SKIP","floor":14},{"not_picked":["Juggernaut","Berserk"],"picked":"Reaper","floor":16},{"not_picked":["Entrench","Sword Boomerang"],"picked":"Thunderclap+1","floor":18},{"not_picked":["Warcry","Headbutt","Havoc"],"picked":"SKIP","floor":21},{"not_picked":["Pommel Strike","Intimidate","Searing Blow+1"],"picked":"SKIP","floor":24},{"not_picked":["Headbutt","Second Wind","Wild Strike"],"picked":"SKIP","floor":27},{"not_picked":["Sword Boomerang","Flex+1","Perfected Strike"],"picked":"SKIP","floor":30}],"player_experience":300705,"relics_obtained":[{"floor":9,"key":"Anchor"},{"floor":10,"key":"Matryoshka"},{"floor":22,"key":"Oddly Smooth Stone"},{"floor":22,"key":"Juzu Bracelet"},{"floor":26,"key":"Centennial Puzzle"},{"floor":26,"key":"Vajra"}],"event_choices":[{"damage_healed":0,"gold_gain":0,"player_choice":"Entered Light","damage_taken":16,"max_hp_gain":0,"max_hp_loss":0,"event_name":"Shining Light","floor":2,"gold_loss":0,"cards_upgraded":["Defend_R","Defend_R"]},{"damage_healed":0,"gold_gain":0,"player_choice":"1 cards matched","damage_taken":0,"max_hp_gain":0,"max_hp_loss":0,"event_name":"Match and Keep!","floor":3,"gold_loss":0,"cards_obtained":["Demon Form"]},{"damage_healed":0,"gold_gain":0,"player_choice":"Ignored","damage_taken":0,"max_hp_gain":0,"max_hp_loss":0,"event_name":"Ghosts","floor":19,"gold_loss":0},{"damage_healed":0,"gold_gain":0,"player_choice":"Inject Mutagens","damage_taken":0,"relics_obtained":["MutagenicStrength"],"max_hp_gain":0,"max_hp_loss":0,"event_name":"Drug Dealer","floor":20,"gold_loss":0},{"damage_healed":0,"gold_gain":0,"player_choice":"Obtained Relic","damage_taken":0,"relics_obtained":["Smiling Mask"],"max_hp_gain":0,"max_hp_loss":0,"event_name":"Addict","floor":28,"gold_loss":85},{"damage_healed":0,"gold_gain":0,"player_choice":"Simplicity","damage_taken":0,"max_hp_gain":0,"max_hp_loss":0,"event_name":"Back to Basics","floor":29,"gold_loss":0,"cards_upgraded":["Strike_R","Defend_R","Defend_R"]},{"damage_healed":0,"gold_gain":0,"player_choice":"Became a vampire","damage_taken":0,"max_hp_gain":0,"max_hp_loss":24,"event_name":"Vampires","floor":31,"gold_loss":0,"cards_obtained":["Bite","Bite","Bite","Bite","Bite"]}],"is_beta":false,"boss_relics":[{"not_picked":["Runic Pyramid","Velvet Choker"],"picked":"Astrolabe"}],"items_purged_floors":[7],"is_endless":false,"potions_floor_spawned":[1,10,12,21,30],"killed_by":"Collector","ascension_level":0}