{"gold_per_floor":[112,37,53,72,90,90,123,96,173,184,184],"floor_reached":11,"playtime":658,"items_purged":["Strike_R"],"score":75,"play_id":"56596897-c59f-411e-a140-00b7f3de07d8","local_time":"20181129213125","is_ascension_mode":false,"campfire_choices":[{"data":"Heavy Blade","floor":6,"key":"SMITH"}],"neow_cost":"NONE","seed_source_timestamp":11111338803094,"circlet_count":0,"master_deck":["Strike_R","Strike_R","Strike_R","Strike_R","Defend_R","Defend_R","Defend_R","Defend_R","Bash","Body Slam","Heavy Blade+1","Inflame","Flex","Shrug It Off","Twin Strike"],"relics":["Burning Blood","Turnip"],"potions_floor_usage":[3,5,5,7],"damage_taken":[{"damage":5,"enemies":"Small Slimes","floor":1,"turns":4},{"damage":0,"enemies":"2 Louse","floor":3,"turns":1},{"damage":5,"enemies":"Cultist","floor":4,"turns":4},{"damage":5,"enemies":"Exordium Thugs","floor":5,"turns":5},{"damage":55,"enemies":"3 Sentries","floor":7,"turns":12},{"damage":16,"enemies":"Large Slime","floor":10,"turns":5},{"damage":40,"enemies":"Lagavulin","floor":11,"turns":6}],"seed_played":"-6251085721960019892","potions_obtained":[{"floor":0,"key":"Block Potion"},{"floor":0,"key":"Explosive Potion"},{"floor":0,"key":"Regen Potion"},{"floor":3,"key":"Block Potion"}],"is_trial":false,"path_per_floor":["M","$","M","M","M","R","E","$","T","M","E"],"character_chosen":"IRONCLAD","items_purchased":["Shrug It Off"],"campfire_rested":0,"item_purchase_floors":[8],"current_hp_per_floor":[80,80,80,80,80,80,46,46,46,36,0],"gold":184,"neow_bonus":"THREE_SMALL_POTIONS","is_prod":false,"is_daily":false,"chose_seed":false,"campfire_upgraded":1,"win_rate":0,"timestamp":1543523485,"path_taken":["M","$","M","M","M","R","E","$","T","M","E"],"build_version":"2018-11-15","purchased_purges":1,"victory":false,"max_hp_per_floor":[80,80,80,80,80,80,80,80,80,80,80],"card_choices":[{"not_picked":["Fire Breathing","Iron Wave"],"picked":"Body Slam","floor":1},{"not_picked":["Warcry","Power Through"],"picked":"Heavy Blade","floor":3},{"not_picked":["Blood for Blood","Armaments"],"picked":"Inflame","floor":4},{"not_picked":["Heavy Blade","Clothesline"],"picked":"Flex","floor":5},{"not_picked":["Dark Embrace","Bloodletting","True Grit"],"picked":"SKIP","floor":7},{"not_picked":["Ghostly Armor","Headbutt"],"picked":"Twin Strike","floor":10}],"player_experience":290691,"relics_obtained":[{"floor":7,"key":"Turnip"}],"event_choices":[],"is_beta":false,"boss_relics":[],"items_purged_floors":[2],"is_endless":false,"potions_floor_spawned":[3],"killed_by":"Lagavulin","ascension_level":0}