{"gold_per_floor":[115,115,115,37,37,37,77,77,77,93,129,181,217,237,237,362,362,376,370,393,409,425,425,466,466,517,550,563,563],"floor_reached":29,"playtime":1449,"items_purged":[],"score":343,"play_id":"656968aa-74b0-4a73-a7e9-ed7fc6c28436","local_time":"20190315201402","is_ascension_mode":true,"campfire_choices":[{"data":"Well Laid Plans","floor":6,"key":"SMITH"},{"data":"Malaise","floor":8,"key":"SMITH"},{"data":"Flechettes","floor":15,"key":"SMITH"},{"data":"Flechettes","floor":23,"key":"SMITH"},{"data":"A Thousand Cuts","floor":25,"key":"SMITH"}],"neow_cost":"NONE","seed_source_timestamp":1194476705832691,"circlet_count":0,"master_deck":["Defend_G","Defend_G","Defend_G","Defend_G","Defend_G","Strike_G","Strike_G","Strike_G+1","Strike_G+1","Strike_G","Survivor+1","Neutralize+1","Masterful Stab+1","Well Laid Plans+1","Malaise+1","Caltrops","Backflip","Flechettes+1","A Thousand Cuts+1","Deflect+1","Escape Plan","Flechettes+1","Slice+1","Backflip","Backflip","Deflect+1"],"relics":["Ring of the Snake","NeowsBlessing","Golden Idol","Bottled Tornado","The Courier","Odd Mushroom","Whetstone","Happy Flower","Runic Pyramid","Art of War","Vajra"],"potions_floor_usage":[11,16,22,24,27],"damage_taken":[{"damage":0,"enemies":"Small Slimes","floor":1,"turns":1},{"damage":0,"enemies":"Lagavulin","floor":7,"turns":1},{"damage":0,"enemies":"Jaw Worm","floor":10,"turns":1},{"damage":0,"enemies":"The Mushroom Lair","floor":11,"turns":6},{"damage":10,"enemies":"Gremlin Nob","floor":13,"turns":5},{"damage":2,"enemies":"2 Louse","floor":14,"turns":2},{"damage":35,"enemies":"Slime Boss","floor":16,"turns":14},{"damage":2,"enemies":"3 Byrds","floor":18,"turns":3},{"damage":18,"enemies":"2 Thieves","floor":19,"turns":4},{"damage":2,"enemies":"Centurion and Healer","floor":20,"turns":7},{"damage":0,"enemies":"Snecko","floor":21,"turns":6},{"damage":1,"enemies":"Snake Plant","floor":22,"turns":7},{"damage":8,"enemies":"Gremlin Leader","floor":24,"turns":7},{"damage":35,"enemies":"Slavers","floor":27,"turns":5},{"damage":5,"enemies":"Shelled Parasite and Fungi","floor":28,"turns":4},{"damage":17,"enemies":"Sentry and Sphere","floor":29,"turns":5}],"seed_played":"2161184345512901555","potions_obtained":[{"floor":1,"key":"SpeedPotion"},{"floor":10,"key":"Regen Potion"},{"floor":14,"key":"Regen Potion"},{"floor":18,"key":"Strength Potion"},{"floor":19,"key":"Ancient Potion"},{"floor":21,"key":"LiquidBronze"},{"floor":28,"key":"SpeedPotion"}],"is_trial":false,"path_per_floor":["M","?","?","$","?","R","E","R","T","M","?","T","E","M","R","B",null,"M","M","M","M","M","R","E","R","T","E","M","M"],"character_chosen":"THE_SILENT","items_purchased":["Well Laid Plans"],"campfire_rested":0,"item_purchase_floors":[4],"current_hp_per_floor":[70,70,56,56,39,39,39,39,39,39,54,54,44,42,42,7,70,68,50,48,48,62,62,54,54,54,19,14,0],"gold":563,"neow_bonus":"THREE_ENEMY_KILL","is_prod":false,"is_daily":false,"chose_seed":false,"campfire_upgraded":5,"win_rate":0,"timestamp":1552706042,"path_taken":["M","?","?","$","?","R","E","R","T","M","?","?","E","M","R","BOSS","M","M","M","M","M","R","E","R","T","E","M","?"],"build_version":"2019-01-23","purchased_purges":0,"victory":false,"max_hp_per_floor":[70,70,70,70,70,70,70,70,70,70,70,70,70,70,70,70,70,70,70,70,70,70,70,70,70,70,70,70,70],"card_choices":[{"not_picked":["Expertise","Flechettes"],"picked":"Masterful Stab","floor":1},{"not_picked":["Outmaneuver","Poisoned Stab"],"picked":"Malaise","floor":7},{"not_picked":["Finisher","Eviscerate","Dagger Spray"],"picked":"SKIP","floor":10},{"not_picked":["Distraction","PiercingWail"],"picked":"Caltrops","floor":11},{"not_picked":["Blade Dance","All Out Attack"],"picked":"Backflip","floor":13},{"not_picked":["Bane","Poisoned Stab"],"picked":"Flechettes","floor":14},{"not_picked":["Adrenaline","Unload"],"picked":"A Thousand Cuts","floor":16},{"not_picked":["Poisoned Stab","Blade Dance","Deadly Poison"],"picked":"SKIP","floor":18},{"not_picked":["Well Laid Plans","Acrobatics"],"picked":"Deflect+1","floor":19},{"not_picked":["Quick Slash","All Out Attack"],"picked":"Escape Plan","floor":20},{"not_picked":["Glass Knife","Dodge and Roll"],"picked":"Flechettes","floor":21},{"not_picked":["Deadly Poison","Deflect"],"picked":"Slice+1","floor":22},{"not_picked":["Unload","Bouncing Flask+1"],"picked":"Backflip","floor":24},{"not_picked":["Sucker Punch","Predator"],"picked":"Backflip","floor":27},{"not_picked":["Dash","Distraction+1"],"picked":"Deflect+1","floor":28}],"player_experience":38908,"relics_obtained":[{"floor":7,"key":"Bottled Tornado"},{"floor":9,"key":"The Courier"},{"floor":11,"key":"Odd Mushroom"},{"floor":12,"key":"Whetstone"},{"floor":13,"key":"Happy Flower"},{"floor":24,"key":"Art of War"},{"floor":27,"key":"Vajra"}],"event_choices":[{"damage_healed":0,"gold_gain":0,"player_choice":"Grow","damage_taken":0,"max_hp_gain":0,"max_hp_loss":0,"event_name":"Living Wall","floor":2,"gold_loss":0,"cards_upgraded":["Neutralize"]},{"damage_healed":0,"gold_gain":0,"player_choice":"Entered Light","damage_taken":14,"max_hp_gain":0,"max_hp_loss":0,"event_name":"Shining Light","floor":3,"gold_loss":0,"cards_upgraded":["Masterful Stab","Survivor"]},{"damage_healed":0,"gold_gain":0,"player_choice":"Take Damage","damage_taken":17,"relics_obtained":["Golden Idol"],"max_hp_gain":0,"max_hp_loss":0,"event_name":"Golden Idol","floor":5,"gold_loss":0},{"damage_healed":0,"gold_gain":0,"player_choice":"Fought Mushrooms","damage_taken":0,"max_hp_gain":0,"max_hp_loss":0,"event_name":"Mushrooms","floor":11,"gold_loss":0}],"is_beta":false,"boss_relics":[{"not_picked":["Busted Crown","Tiny House"],"picked":"Runic Pyramid"}],"items_purged_floors":[],"is_endless":false,"potions_floor_spawned":[1,10,14,18,19,21,28],"killed_by":"Sentry and Sphere","ascension_level":3}