{"gold_per_floor":[116,416,433,433,288,318,318,318,318,338,352,371,58,58,58,154,154,169,169,79,99,99,99],"floor_reached":23,"playtime":1007,"items_purged":["Strike_B"],"score":248,"play_id":"93f8df84-d019-4ef7-8dd7-a0a0cfbd9a80","local_time":"20181127210549","is_ascension_mode":true,"campfire_choices":[{"floor":7,"key":"REST"},{"floor":15,"key":"REST"}],"neow_cost":"NONE","seed_source_timestamp":738796289930170,"circlet_count":0,"master_deck":["Strike_B","Strike_B","Strike_B","Defend_B","Defend_B","Defend_B","Zap","Dualcast","Redo","Redo","Melter","Thunder Strike","Loop","Conserve Battery","Echo Form","Coolheaded+1","Sweeping Beam","Static Discharge"],"relics":["FrozenCore","Boot","Old Coin","Blood Vial","Pocketwatch","Torii"],"potions_floor_usage":[6,14],"damage_taken":[{"damage":1,"enemies":"Cultist","floor":1,"turns":3},{"damage":2,"enemies":"Jaw Worm","floor":3,"turns":3},{"damage":34,"enemies":"Gremlin Nob","floor":6,"turns":4},{"damage":0,"enemies":"2 Louse","floor":10,"turns":2},{"damage":1,"enemies":"Exordium Wildlife","floor":11,"turns":3},{"damage":12,"enemies":"Looter","floor":12,"turns":3},{"damage":0,"enemies":"Exordium Thugs","floor":14,"turns":1},{"damage":21,"enemies":"The Guardian","floor":16,"turns":8},{"damage":21,"enemies":"Shell Parasite","floor":18,"turns":8},{"damage":23,"enemies":"2 Thieves","floor":20,"turns":5},{"damage":24,"enemies":"Shelled Parasite and Fungi","floor":21,"turns":7},{"damage":7,"enemies":"Book of Stabbing","floor":23,"turns":1}],"seed_played":"4275144835049606636","potions_obtained":[{"floor":3,"key":"EssenceOfSteel"},{"floor":6,"key":"Ancient Potion"},{"floor":10,"key":"SmokeBomb"},{"floor":21,"key":"GamblersBrew"}],"is_trial":false,"path_per_floor":["M","?","M","?","$","E","R","?","T","M","M","M","$","M","R","B",null,"M","?","M","M","$","E"],"character_chosen":"DEFECT","items_purchased":["Melter","Torii"],"campfire_rested":2,"item_purchase_floors":[5,13],"current_hp_per_floor":[67,55,53,53,53,19,41,41,41,43,44,34,34,36,58,39,66,47,47,26,4,4,0],"gold":99,"neow_bonus":"RANDOM_COMMON_RELIC","is_prod":false,"is_daily":false,"chose_seed":false,"campfire_upgraded":0,"win_rate":0,"timestamp":1543349149,"path_taken":["M","?","M","?","$","E","R","?","T","?","M","M","$","M","R","BOSS","M","?","?","M","$","E"],"build_version":"2018-11-15","purchased_purges":1,"victory":false,"max_hp_per_floor":[75,75,75,75,75,75,75,75,75,75,75,75,75,75,75,75,75,75,75,75,75,75,75],"card_choices":[{"not_picked":["Hologram","Rebound"],"picked":"Redo","floor":1},{"not_picked":["Aggregate","Chaos"],"picked":"Redo","floor":3},{"not_picked":["Redo","Turbo"],"picked":"Thunder Strike","floor":6},{"not_picked":["Rip and Tear","Stack","Coolheaded"],"picked":"SKIP","floor":10},{"not_picked":["Streamline","Beam Cell"],"picked":"Loop","floor":11},{"not_picked":["Blizzard","Core Surge"],"picked":"Conserve Battery","floor":12},{"not_picked":["Machine Learning","Seek"],"picked":"Echo Form","floor":16},{"not_picked":["Compile Driver+1","Reinforced Body+1"],"picked":"Coolheaded+1","floor":18},{"not_picked":["Turbo","Melter+1","Self Repair"],"picked":"SKIP","floor":20},{"not_picked":["Sweeping Beam","Streamline+1"],"picked":"Static Discharge","floor":21}],"player_experience":261926,"relics_obtained":[{"floor":6,"key":"Blood Vial"},{"floor":9,"key":"Pocketwatch"}],"event_choices":[{"damage_healed":0,"gold_gain":0,"player_choice":"Success","damage_taken":12,"relics_obtained":["Old Coin"],"max_hp_gain":0,"max_hp_loss":0,"event_name":"Scrap Ooze","floor":2,"gold_loss":0},{"damage_healed":0,"gold_gain":0,"player_choice":"Ignored","damage_taken":0,"max_hp_gain":0,"max_hp_loss":0,"event_name":"Shining Light","floor":4,"gold_loss":0},{"damage_healed":0,"gold_gain":0,"player_choice":"Ignored","damage_taken":0,"max_hp_gain":0,"max_hp_loss":0,"event_name":"Liars Game","floor":8,"gold_loss":0},{"damage_healed":0,"gold_gain":0,"cards_transformed":["Defend_B"],"player_choice":"Transformed","damage_taken":0,"max_hp_gain":0,"max_hp_loss":0,"event_name":"Transmorgrifier","floor":19,"gold_loss":0,"cards_obtained":["Sweeping Beam"]}],"is_beta":false,"boss_relics":[{"not_picked":["Cursed Key","Coffee Dripper"],"picked":"FrozenCore"}],"items_purged_floors":[5],"is_endless":false,"potions_floor_spawned":[3,6,10,21],"killed_by":"Book of Stabbing","ascension_level":6}