{"gold_per_floor":[117,134,151,164,164,194,212,212],"floor_reached":8,"playtime":306,"items_purged":[],"score":99,"play_id":"cf0c8861-a24e-4386-aed8-634f4894c282","local_time":"20190503133542","is_ascension_mode":true,"campfire_choices":[],"neow_cost":"NONE","seed_source_timestamp":308626804955400,"circlet_count":0,"master_deck":["AscendersBane","Strike_R","Strike_R","Strike_R","Strike_R","Defend_R","Defend_R","Defend_R","Bash","Cleave","Feel No Pain","True Grit","True Grit","Whirlwind","Double Tap"],"relics":["Burning Blood","Ancient Tea Set"],"potions_floor_usage":[8],"damage_taken":[{"damage":12,"enemies":"2 Louse","floor":1,"turns":3},{"damage":6,"enemies":"Cultist","floor":2,"turns":3},{"damage":12,"enemies":"Jaw Worm","floor":3,"turns":3},{"damage":22,"enemies":"Exordium Thugs","floor":4,"turns":5},{"damage":14,"enemies":"3 Sentries","floor":6,"turns":12},{"damage":4,"enemies":"3 Louse","floor":7,"turns":2},{"damage":43,"enemies":"Lagavulin","floor":8,"turns":5}],"seed_played":"-1085297131183497052","potions_obtained":[{"floor":6,"key":"Poison Potion"},{"floor":7,"key":"Explosive Potion"}],"is_trial":false,"path_per_floor":["M","M","M","M","?","E","M","E"],"character_chosen":"IRONCLAD","items_purchased":[],"campfire_rested":0,"item_purchase_floors":[],"current_hp_per_floor":[66,66,60,44,44,36,38,0],"gold":212,"neow_bonus":"REMOVE_CARD","is_prod":false,"is_daily":false,"chose_seed":false,"campfire_upgraded":0,"win_rate":0,"timestamp":1556883342,"path_taken":["M","M","M","M","?","E","?","E"],"build_version":"2019-01-23","purchased_purges":0,"victory":false,"max_hp_per_floor":[80,80,80,80,80,80,80,80],"card_choices":[{"not_picked":["Body Slam","Perfected Strike"],"picked":"Cleave","floor":1},{"not_picked":["Iron Wave","Armaments"],"picked":"Feel No Pain","floor":2},{"not_picked":["Clash","Second Wind"],"picked":"True Grit","floor":3},{"not_picked":["Anger","Sentinel"],"picked":"True Grit","floor":4},{"not_picked":["Perfected Strike","Hemokinesis"],"picked":"Whirlwind","floor":6},{"not_picked":["Sword Boomerang","True Grit"],"picked":"Double Tap","floor":7}],"player_experience":1021838,"relics_obtained":[{"floor":6,"key":"Ancient Tea Set"}],"event_choices":[{"cards_removed":["Defend_R"],"damage_healed":0,"gold_gain":0,"player_choice":"Purged","damage_taken":0,"max_hp_gain":0,"max_hp_loss":0,"event_name":"Purifier","floor":5,"gold_loss":0}],"is_beta":false,"boss_relics":[],"items_purged_floors":[],"is_endless":false,"potions_floor_spawned":[6,7],"killed_by":"Lagavulin","ascension_level":13}