{"gold_per_floor":[119,119,294,307,307,307,342,342,369,382,382],"floor_reached":11,"playtime":356,"items_purged":[],"score":75,"play_id":"1b624075-a70e-45b0-b2e7-1895a6a24fa3","local_time":"20190317151724","is_ascension_mode":true,"campfire_choices":[{"data":"Havoc","floor":6,"key":"SMITH"}],"neow_cost":"NONE","seed_source_timestamp":346389437745495,"circlet_count":0,"master_deck":["Strike_R","Strike_R","Strike_R+1","Strike_R","Defend_R","Defend_R","Defend_R","Defend_R","Bash","Sentinel","Armaments+1","Doubt","Havoc+1","Havoc"],"relics":["Burning Blood","Strawberry","The Courier","Centennial Puzzle"],"potions_floor_usage":[],"damage_taken":[{"damage":2,"enemies":"2 Louse","floor":1,"turns":4},{"damage":5,"enemies":"Small Slimes","floor":4,"turns":4},{"damage":46,"enemies":"Lagavulin","floor":7,"turns":9},{"damage":9,"enemies":"Jaw Worm","floor":10,"turns":6},{"damage":31,"enemies":"Exordium Thugs","floor":11,"turns":7}],"seed_played":"83354318429062816","potions_obtained":[{"floor":10,"key":"EssenceOfSteel"}],"is_trial":false,"path_per_floor":["M","?","?","M","?","R","E","T","T","M","M"],"character_chosen":"IRONCLAD","items_purchased":[],"campfire_rested":0,"item_purchase_floors":[],"current_hp_per_floor":[80,64,64,65,58,58,25,25,25,22,0],"gold":382,"neow_bonus":"THREE_CARDS","is_prod":false,"is_daily":false,"chose_seed":false,"campfire_upgraded":1,"win_rate":0,"timestamp":1552857444,"path_taken":["M","?","?","M","?","R","E","?","T","M","M"],"build_version":"2019-01-23","purchased_purges":0,"victory":false,"max_hp_per_floor":[80,80,80,80,80,80,87,87,87,87,87],"card_choices":[{"not_picked":["Anger","Havoc"],"picked":"Sentinel","floor":0},{"not_picked":["Cleave","Pommel Strike"],"picked":"Armaments","floor":1},{"not_picked":["Rupture","Fire Breathing"],"picked":"Havoc","floor":4},{"not_picked":["Clash","Body Slam"],"picked":"Havoc","floor":7},{"not_picked":["Intimidate","Cleave","Headbutt"],"picked":"SKIP","floor":10}],"player_experience":237295,"relics_obtained":[{"floor":7,"key":"Strawberry"},{"floor":8,"key":"The Courier"},{"floor":9,"key":"Centennial Puzzle"}],"event_choices":[{"damage_healed":0,"gold_gain":0,"player_choice":"Entered Light","damage_taken":16,"max_hp_gain":0,"max_hp_loss":0,"event_name":"Shining Light","floor":2,"gold_loss":0,"cards_upgraded":["Armaments","Strike_R"]},{"damage_healed":0,"gold_gain":175,"player_choice":"AGREE","damage_taken":0,"max_hp_gain":0,"max_hp_loss":0,"event_name":"Liars Game","floor":3,"gold_loss":0,"cards_obtained":["Doubt"]},{"cards_removed":["Strike_R"],"damage_healed":0,"gold_gain":0,"player_choice":"Card Removal","damage_taken":7,"max_hp_gain":0,"max_hp_loss":0,"event_name":"Golden Wing","floor":5,"gold_loss":0}],"is_beta":false,"boss_relics":[],"items_purged_floors":[],"is_endless":false,"potions_floor_spawned":[10],"killed_by":"Exordium Thugs","ascension_level":1}