{"gold_per_floor":[167,167,177,102,112,112,142,142,217,230,40,40,59,70,70,147,147,158,83,83,98,98,129,145,145,198,233,42,67,67,40,40,117,117,128,145,145,245,256,256,276,302,302,302,302,317,317,337,337,337],"floor_reached":51,"playtime":4011,"items_purged":["Strike_G"],"score":1286,"play_id":"aaf88ef7-f0de-45c0-8e36-e282d599e16f","local_time":"20190828002421","is_ascension_mode":true,"campfire_choices":[{"data":"Dash","floor":6.0,"key":"SMITH"},{"data":"Apotheosis","floor":12.0,"key":"SMITH"},{"floor":15.0,"key":"REST"},{"data":"Envenom","floor":25.0,"key":"SMITH"},{"data":"Backflip","floor":30.0,"key":"SMITH"},{"floor":32.0,"key":"REST"},{"floor":40.0,"key":"REST"},{"floor":44.0,"key":"REST"},{"floor":47.0,"key":"REST"},{"floor":49.0,"key":"REST"}],"neow_cost":"NONE","seed_source_timestamp":1064623873886662,"circlet_count":0,"master_deck":["AscendersBane","Strike_G","Strike_G","Strike_G","Strike_G","Defend_G","Defend_G","Defend_G","Defend_G","Survivor","Neutralize+1","Dash+1","Escape Plan","Backstab","Predator","Backflip+1","Apotheosis+1","Envenom+1","Leg Sweep+1","Poisoned Stab+1","Acrobatics","Die Die Die","Backflip+1","Regret","Well Laid Plans+1"],"special_seed":0,"relics":["Tiny House","Omamori","Du-Vu Doll","Mercury Hourglass","Cursed Key","MutagenicStrength","Oddly Smooth Stone","Happy Flower","The Specimen","Medical Kit","Darkstone Periapt","Fusion Hammer","Ginger","Ancient Tea Set","Paper Crane","Bottled Flame"],"potions_floor_usage":[50,50],"damage_taken":[{"damage":0.0,"enemies":"2 Louse","floor":1.0,"turns":3.0},{"damage":2.0,"enemies":"Cultist","floor":3.0,"turns":4.0},{"damage":4.0,"enemies":"Jaw Worm","floor":5.0,"turns":2.0},{"damage":26.0,"enemies":"Gremlin Nob","floor":7.0,"turns":5.0},{"damage":5.0,"enemies":"Red Slaver","floor":10.0,"turns":2.0},{"damage":0.0,"enemies":"2 Fungi Beasts","floor":13.0,"turns":3.0},{"damage":4.0,"enemies":"Exordium Wildlife","floor":14.0,"turns":3.0},{"damage":0.0,"enemies":"The Guardian","floor":16.0,"turns":13.0},{"damage":4.0,"enemies":"3 Byrds","floor":18.0,"turns":4.0},{"damage":8.0,"enemies":"Chosen","floor":21.0,"turns":3.0},{"damage":16.0,"enemies":"Slavers","floor":23.0,"turns":8.0},{"damage":2.0,"enemies":"Centurion and Healer","floor":24.0,"turns":7.0},{"damage":5.0,"enemies":"Book of Stabbing","floor":27.0,"turns":5.0},{"damage":6.0,"enemies":"Gremlin Leader","floor":29.0,"turns":5.0},{"damage":40.0,"enemies":"Automaton","floor":33.0,"turns":11.0},{"damage":0.0,"enemies":"3 Shapes","floor":35.0,"turns":2.0},{"damage":25.0,"enemies":"3 Darklings","floor":36.0,"turns":4.0},{"damage":0.0,"enemies":"Mind Bloom Boss Battle","floor":38.0,"turns":5.0},{"damage":6.0,"enemies":"Jaw Worm Horde","floor":39.0,"turns":4.0},{"damage":13.0,"enemies":"Sphere and 2 Shapes","floor":41.0,"turns":5.0},{"damage":23.0,"enemies":"Giant Head","floor":42.0,"turns":8.0},{"damage":16.0,"enemies":"3 Darklings","floor":46.0,"turns":3.0},{"damage":21.0,"enemies":"Spire Growth","floor":48.0,"turns":5.0},{"damage":36,"enemies":"Time Eater","floor":50,"turns":17}],"seed_played":"9088504270868995749","potions_obtained":[{"floor":0.0,"key":"SneckoOil"},{"floor":1.0,"key":"Dexterity Potion"},{"floor":5.0,"key":"Ancient Potion"},{"floor":7.0,"key":"Weak Potion"},{"floor":10.0,"key":"EssenceOfSteel"},{"floor":23.0,"key":"SteroidPotion"},{"floor":24.0,"key":"Explosive Potion"},{"floor":27.0,"key":"PowerPotion"},{"floor":38.0,"key":"AttackPotion"},{"floor":42.0,"key":"Block Potion"},{"floor":48.0,"key":"EssenceOfSteel"}],"is_trial":false,"path_per_floor":["M","?","M","$","M","R","E","?","T","M","$","R","M","M","R","B",null,"M","?","?","M","?","E","M","R","T","E","$","E","R","$","R","B",null,"M","M","?","?","M","R","M","E","T","R","T","M","R","M","R","B",null],"character_chosen":"THE_SILENT","items_purchased":["Apotheosis","Medical Kit","Acrobatics"],"campfire_rested":6,"item_purchase_floors":[11,28,31],"current_hp_per_floor":[64,64,62,62,58,58,32,22,22,17,17,17,17,13,34,34,62,58,58,58,50,50,34,32,32,32,27,27,21,21,21,42,2,54,54,29,58,58,52,58,45,22,22,39,45,29,48,27,46,10],"gold":337,"neow_bonus":"BOSS_RELIC","is_prod":false,"is_daily":false,"chose_seed":false,"campfire_upgraded":4,"win_rate":0,"timestamp":1566969861,"path_taken":["M","?","M","$","?","R","E","?","T","M","$","R","?","M","R","BOSS","M","?","?","M","?","E","?","R","T","E","$","E","R","$","R","BOSS","M","?","?","?","M","R","M","E","T","R","?","M","R","?","R","BOSS"],"build_version":"2019-07-17","purchased_purges":1,"victory":true,"max_hp_per_floor":[71,71,71,71,71,71,71,71,71,71,71,71,71,71,71,71,71,71,71,71,71,71,71,71,71,71,71,71,71,71,71,71,71,71,71,71,58,58,58,58,58,58,58,58,64,64,64,64,64,64],"card_choices":[{"not_picked":["Dagger Spray","PiercingWail"],"picked":"Dash","floor":0.0},{"not_picked":["Poisoned Stab","Accuracy"],"picked":"Escape Plan","floor":1.0},{"not_picked":["Calculated Gamble","Deflect"],"picked":"Backstab","floor":3.0},{"not_picked":["Riddle With Holes","Bane"],"picked":"Predator","floor":5.0},{"not_picked":["All Out Attack","Quick Slash"],"picked":"Backflip","floor":7.0},{"not_picked":["Accuracy","Deadly Poison","Heel Hook"],"picked":"SKIP","floor":10.0},{"not_picked":["Poisoned Stab","Phantasmal Killer","Flying Knee"],"picked":"SKIP","floor":13.0},{"not_picked":["Accuracy","Sucker Punch","Prepared"],"picked":"SKIP","floor":14.0},{"not_picked":["Night Terror","Malaise"],"picked":"Envenom","floor":16.0},{"not_picked":["Blade Dance","Bane","Underhanded Strike"],"picked":"SKIP","floor":18.0},{"not_picked":["Sucker Punch+1","Setup"],"picked":"Leg Sweep","floor":21.0},{"not_picked":["Dodge and Roll","After Image","Flying Knee"],"picked":"SKIP","floor":23.0},{"not_picked":["Accuracy","Cloak And Dagger","Concentrate"],"picked":"SKIP","floor":24.0},{"not_picked":["Deflect","Eviscerate"],"picked":"Poisoned Stab+1","floor":27.0},{"not_picked":["Poisoned Stab","Infinite Blades","All Out Attack"],"picked":"SKIP","floor":29.0},{"not_picked":["Malaise","Wraith Form v2"],"picked":"Die Die Die","floor":33.0},{"not_picked":["Outmaneuver","Dagger Spray","Acrobatics"],"picked":"SKIP","floor":35.0},{"not_picked":["Concentrate","Predator","Bouncing Flask"],"picked":"SKIP","floor":36.0},{"not_picked":["All Out Attack+1","Dash","Sucker Punch"],"picked":"SKIP","floor":39.0},{"not_picked":["Dodge and Roll","Dagger Throw"],"picked":"Backflip+1","floor":41.0},{"not_picked":["Concentrate","Heel Hook","Flechettes+1"],"picked":"SKIP","floor":42.0},{"not_picked":["Blade Dance+1","Predator"],"picked":"Well Laid Plans+1","floor":46.0},{"not_picked":["Heel Hook","Poisoned Stab","Well Laid Plans"],"picked":"SKIP","floor":48.0}],"player_experience":933685,"relics_obtained":[{"floor":7.0,"key":"Du-Vu Doll"},{"floor":9.0,"key":"Mercury Hourglass"},{"floor":23.0,"key":"Oddly Smooth Stone"},{"floor":26.0,"key":"Happy Flower"},{"floor":27.0,"key":"The Specimen"},{"floor":29.0,"key":"Darkstone Periapt"},{"floor":38.0,"key":"Ginger"},{"floor":42.0,"key":"Ancient Tea Set"},{"floor":43.0,"key":"Paper Crane"},{"floor":45.0,"key":"Bottled Flame"}],"event_choices":[{"damage_healed":0.0,"max_hp_gain":0.0,"max_hp_loss":0.0,"gold_gain":0.0,"event_name":"WeMeetAgain","player_choice":"Gave Potion","floor":2.0,"gold_loss":0.0,"damage_taken":0.0,"relics_obtained":["Omamori"]},{"damage_healed":0.0,"max_hp_gain":0.0,"max_hp_loss":0.0,"gold_gain":0.0,"event_name":"Wheel of Change","player_choice":"Damaged","floor":8.0,"gold_loss":0.0,"damage_taken":10.0},{"cards_removed":["Defend_G"],"damage_healed":0.0,"max_hp_gain":0.0,"max_hp_loss":0.0,"gold_gain":0.0,"event_name":"Beggar","player_choice":"Gave Gold","floor":19.0,"gold_loss":75.0,"damage_taken":0.0},{"damage_healed":0.0,"max_hp_gain":0.0,"max_hp_loss":0.0,"gold_gain":0.0,"event_name":"Drug Dealer","player_choice":"Inject Mutagens","floor":20.0,"gold_loss":0.0,"damage_taken":0.0,"relics_obtained":["MutagenicStrength"]},{"damage_healed":0.0,"max_hp_gain":0.0,"max_hp_loss":0.0,"gold_gain":0.0,"event_name":"Accursed Blacksmith","player_choice":"Forge","floor":22.0,"gold_loss":0.0,"damage_taken":0.0,"cards_upgraded":["Leg Sweep"]},{"damage_healed":58.0,"max_hp_gain":0.0,"max_hp_loss":13.0,"gold_gain":0.0,"event_name":"The Moai Head","player_choice":"Heal","floor":37.0,"gold_loss":0.0,"damage_taken":0.0},{"damage_healed":0.0,"max_hp_gain":0.0,"max_hp_loss":0.0,"gold_gain":0.0,"event_name":"MindBloom","player_choice":"Fight","floor":38.0,"gold_loss":0.0,"damage_taken":0.0}],"is_beta":false,"boss_relics":[{"not_picked":["Calling Bell","White Beast Statue"],"picked":"Cursed Key"},{"not_picked":["Astrolabe","Busted Crown"],"picked":"Fusion Hammer"}],"items_purged_floors":[4],"is_endless":false,"potions_floor_spawned":[1,5,7,10,23,24,27,38,42,48],"ascension_level":15}