{"gold_per_floor":[110,110,127,147,160,160,160,160,210,228,228,248,248,259,259,333,333,353,353,353,365,365,365,80,110,165,178,178,178],"floor_reached":29,"playtime":2483,"items_purged":[],"score":411,"play_id":"2eefeeb6-e348-4055-8c64-2f40dddb331d","local_time":"20190827152735","is_ascension_mode":true,"campfire_choices":[{"data":"Backflip","floor":6.0,"key":"SMITH"},{"data":"Blade Dance","floor":8.0,"key":"SMITH"},{"data":"Blur","floor":13.0,"key":"SMITH"},{"floor":15.0,"key":"REST"},{"data":"Blade Dance","floor":23.0,"key":"SMITH"}],"neow_cost":"NONE","seed_source_timestamp":1050499756881486,"circlet_count":0,"master_deck":["AscendersBane","Strike_G+1","Strike_G+1","Strike_G+1","Strike_G+1","Defend_G+1","Defend_G+1","Defend_G+1","Survivor","Neutralize","Footwork","After Image","Backflip+1","Blade Dance+1","Blade Dance+1","Blur+1","Burst","Backflip","Well Laid Plans"],"special_seed":0,"relics":["Ring of the Snake","NeowsBlessing","Vajra","Empty Cage","Meat on the Bone","Centennial Puzzle","Pen Nib"],"potions_floor_usage":[],"damage_taken":[{"damage":0.0,"enemies":"2 Louse","floor":1.0,"turns":1.0},{"damage":0.0,"enemies":"Small Slimes","floor":3.0,"turns":1.0},{"damage":0.0,"enemies":"Jaw Worm","floor":4.0,"turns":1.0},{"damage":1.0,"enemies":"Looter","floor":5.0,"turns":5.0},{"damage":9.0,"enemies":"Exordium Wildlife","floor":10.0,"turns":8.0},{"damage":5.0,"enemies":"3 Louse","floor":12.0,"turns":2.0},{"damage":0.0,"enemies":"Looter","floor":14.0,"turns":3.0},{"damage":19.0,"enemies":"Slime Boss","floor":16.0,"turns":13.0},{"damage":1.0,"enemies":"Spheric Guardian","floor":18.0,"turns":6.0},{"damage":0.0,"enemies":"3 Byrds","floor":21.0,"turns":8.0},{"damage":51.0,"enemies":"Slavers","floor":25.0,"turns":15.0},{"damage":6.0,"enemies":"Centurion and Healer","floor":27.0,"turns":7.0},{"damage":23,"enemies":"Book of Stabbing","floor":29,"turns":5}],"seed_played":"-4431324293423167243","potions_obtained":[{"floor":1.0,"key":"Swift Potion"},{"floor":4.0,"key":"PowerPotion"},{"floor":10.0,"key":"Swift Potion"},{"floor":21.0,"key":"GamblersBrew"}],"is_trial":false,"path_per_floor":["M","?","M","M","M","R","?","R","T","M","?","M","R","M","R","B",null,"M","?","?","M","$","R","$","E","T","M","?","E"],"character_chosen":"THE_SILENT","items_purchased":["Meat on the Bone","Backflip"],"campfire_rested":1,"item_purchase_floors":[24,24],"current_hp_per_floor":[59,59,59,59,58,58,38,38,38,29,29,24,24,24,43,24,56,55,55,55,55,55,55,55,16,16,22,22,0],"gold":178,"neow_bonus":"THREE_ENEMY_KILL","is_prod":false,"is_daily":false,"chose_seed":false,"campfire_upgraded":4,"win_rate":0,"timestamp":1566937655,"path_taken":["M","?","M","M","M","R","?","R","T","M","?","M","R","M","R","BOSS","M","?","?","M","?","R","$","E","T","M","?","E"],"build_version":"2019-07-17","purchased_purges":0,"victory":false,"max_hp_per_floor":[66,66,66,66,66,66,66,66,66,66,66,66,66,66,66,66,66,66,66,66,66,66,66,66,66,66,66,66,66],"card_choices":[{"not_picked":["Underhanded Strike","Dagger Spray"],"picked":"Footwork","floor":1.0},{"not_picked":["Bane","Deflect"],"picked":"Backflip","floor":3.0},{"not_picked":["Bane","Dagger Throw"],"picked":"Blade Dance","floor":4.0},{"not_picked":["Masterful Stab","Flying Knee"],"picked":"Blade Dance","floor":5.0},{"not_picked":["Tactician","Venomology","Deflect"],"picked":"SKIP","floor":10.0},{"not_picked":["Well Laid Plans","Deflect"],"picked":"Blur","floor":12.0},{"not_picked":["Sucker Punch","Dodge and Roll","Caltrops"],"picked":"SKIP","floor":14.0},{"not_picked":["Bullet Time","Malaise"],"picked":"Burst","floor":16.0},{"not_picked":["Bane","Dagger Spray","Quick Slash"],"picked":"SKIP","floor":18.0},{"not_picked":["Setup","Sucker Punch","Dodge and Roll+1"],"picked":"SKIP","floor":21.0},{"not_picked":["Endless Agony","Bouncing Flask+1"],"picked":"Well Laid Plans","floor":25.0},{"not_picked":["Quick Slash","Dagger Throw","Slice"],"picked":"SKIP","floor":27.0}],"player_experience":922845,"relics_obtained":[{"floor":9.0,"key":"Vajra"},{"floor":25.0,"key":"Centennial Puzzle"},{"floor":26.0,"key":"Pen Nib"}],"event_choices":[{"damage_healed":0.0,"max_hp_gain":0.0,"max_hp_loss":0.0,"gold_gain":0.0,"cards_transformed":["Strike_G"],"event_name":"Living Wall","player_choice":"Change","floor":2.0,"gold_loss":0.0,"damage_taken":0.0,"cards_obtained":["After Image"]},{"damage_healed":0.0,"max_hp_gain":0.0,"max_hp_loss":0.0,"gold_gain":0.0,"event_name":"Shining Light","player_choice":"Entered Light","floor":7.0,"gold_loss":0.0,"damage_taken":20.0,"cards_upgraded":["Defend_G","Strike_G"]},{"damage_healed":0.0,"max_hp_gain":0.0,"max_hp_loss":0.0,"gold_gain":0.0,"event_name":"Liars Game","player_choice":"Ignored","floor":11.0,"gold_loss":0.0,"damage_taken":0.0},{"damage_healed":0.0,"max_hp_gain":0.0,"max_hp_loss":0.0,"gold_gain":0.0,"event_name":"The Mausoleum","player_choice":"Ignored","floor":19.0,"gold_loss":0.0,"damage_taken":0.0},{"damage_healed":0.0,"max_hp_gain":0.0,"max_hp_loss":0.0,"gold_gain":0.0,"event_name":"Back to Basics","player_choice":"Simplicity","floor":20.0,"gold_loss":0.0,"damage_taken":0.0,"cards_upgraded":["Strike_G","Strike_G","Strike_G","Defend_G","Defend_G"]},{"damage_healed":0.0,"max_hp_gain":0.0,"max_hp_loss":0.0,"gold_gain":0.0,"event_name":"Vampires","player_choice":"Ignored","floor":28.0,"gold_loss":0.0,"damage_taken":0.0}],"is_beta":false,"boss_relics":[{"not_picked":["Orrery","Fusion Hammer"],"picked":"Empty Cage"}],"items_purged_floors":[],"is_endless":false,"potions_floor_spawned":[1,4,10,21],"killed_by":"Book of Stabbing","ascension_level":15}