{"gold_per_floor":[13,13,26,42,61,61,61,61,115,146,146,161,161,178,178,255,255,272,272,272,36,56,89,89,89,112,112,112,132,132,152,152,152],"floor_reached":33,"playtime":2791,"items_purged":["Defend_B"],"score":599,"play_id":"c863381e-fcf7-45fb-876b-af13e7020926","local_time":"20190904195859","is_ascension_mode":true,"campfire_choices":[{"data":"Coolheaded","floor":6.0,"key":"SMITH"},{"data":"Go for the Eyes","floor":8.0,"key":"SMITH"},{"data":"Genetic Algorithm","floor":11.0,"key":"SMITH"},{"data":"Streamline","floor":13.0,"key":"SMITH"},{"data":"Cold Snap","floor":15.0,"key":"SMITH"},{"data":"Fission","floor":24.0,"key":"SMITH"},{"floor":28.0,"key":"REST"},{"floor":30.0,"key":"REST"},{"floor":32.0,"key":"REST"}],"neow_cost":"NO_GOLD","seed_source_timestamp":10224612529984,"circlet_count":0,"master_deck":["AscendersBane","Strike_B","Strike_B","Defend_B+1","Zap","Dualcast+1","Genetic Algorithm+1","Cold Snap+1","Glacier+1","Go for the Eyes+1","Coolheaded+1","BootSequence+1","Streamline+1","Seek","Fission+1","Gash","RitualDagger","Blizzard","Streamline"],"special_seed":0,"relics":["Cracked Core","Tiny Chest","Omamori","Empty Cage","Lantern","Incense Burner","War Paint"],"potions_floor_usage":[],"damage_taken":[{"damage":1.0,"enemies":"Cultist","floor":1.0,"turns":4.0},{"damage":2.0,"enemies":"2 Louse","floor":3.0,"turns":3.0},{"damage":1.0,"enemies":"Jaw Worm","floor":4.0,"turns":3.0},{"damage":0.0,"enemies":"Red Slaver","floor":5.0,"turns":5.0},{"damage":8.0,"enemies":"3 Sentries","floor":10.0,"turns":9.0},{"damage":3.0,"enemies":"Looter","floor":12.0,"turns":3.0},{"damage":0.0,"enemies":"Lots of Slimes","floor":14.0,"turns":3.0},{"damage":0.0,"enemies":"The Guardian","floor":16.0,"turns":13.0},{"damage":3.0,"enemies":"3 Byrds","floor":18.0,"turns":7.0},{"damage":2.0,"enemies":"2 Thieves","floor":22.0,"turns":3.0},{"damage":28.0,"enemies":"Gremlin Leader","floor":23.0,"turns":8.0},{"damage":30.0,"enemies":"Cultist and Chosen","floor":29.0,"turns":9.0},{"damage":0.0,"enemies":"Snecko","floor":31.0,"turns":5.0},{"damage":61,"enemies":"Automaton","floor":33,"turns":12}],"seed_played":"-9058852642244196878","potions_obtained":[{"floor":3.0,"key":"Swift Potion"},{"floor":5.0,"key":"Energy Potion"},{"floor":10.0,"key":"EntropicBrew"},{"floor":12.0,"key":"Regen Potion"},{"floor":14.0,"key":"Energy Potion"},{"floor":22.0,"key":"Explosive Potion"},{"floor":23.0,"key":"EssenceOfSteel"},{"floor":29.0,"key":"Explosive Potion"}],"is_trial":false,"path_per_floor":["M","$","M","M","M","R","?","R","T","E","R","M","R","M","R","B",null,"M","?","?","$","M","E","R","$","T","?","R","M","R","M","R","B"],"character_chosen":"DEFECT","items_purchased":["Lantern"],"campfire_rested":3,"item_purchase_floors":[21],"current_hp_per_floor":[63,63,61,60,60,60,39,39,39,31,31,28,28,37,37,37,63,60,60,54,54,52,24,24,24,24,24,45,15,36,36,57,0],"gold":152,"neow_bonus":"TRANSFORM_TWO_CARDS","is_prod":false,"is_daily":false,"chose_seed":false,"campfire_upgraded":6,"win_rate":0,"timestamp":1567645139,"path_taken":["M","?","M","?","M","R","?","R","T","E","R","M","R","M","R","BOSS","M","?","?","$","M","E","R","$","T","?","R","M","R","M","R","BOSS"],"build_version":"2019-07-17","purchased_purges":1,"victory":false,"max_hp_per_floor":[71,71,71,71,71,71,71,71,71,71,71,71,71,71,71,71,71,71,71,71,71,71,71,71,71,71,71,71,71,71,71,71,71],"card_choices":[{"not_picked":["Redo","Rip and Tear","Reprogram"],"picked":"SKIP","floor":1.0},{"not_picked":["Heatsinks","Stack"],"picked":"Glacier","floor":3.0},{"not_picked":["Redo","Turbo"],"picked":"Go for the Eyes","floor":4.0},{"not_picked":["Scrape","Rebound"],"picked":"Coolheaded","floor":5.0},{"not_picked":["Double Energy","Darkness"],"picked":"BootSequence","floor":10.0},{"not_picked":["Rip and Tear","Force Field"],"picked":"Streamline","floor":12.0},{"not_picked":["Recycle","Stack"],"picked":"Seek","floor":14.0},{"not_picked":["Hyperbeam","All For One"],"picked":"Fission","floor":16.0},{"not_picked":["Rebound","Lockon"],"picked":"Gash","floor":18.0},{"not_picked":["Sweeping Beam+1","Coolheaded","Fusion"],"picked":"SKIP","floor":22.0},{"not_picked":["Barrage","Leap"],"picked":"Blizzard","floor":23.0},{"not_picked":["White Noise","Fusion"],"picked":"Streamline","floor":29.0},{"not_picked":["Sweeping Beam","Cold Snap","Redo"],"picked":"SKIP","floor":31.0}],"player_experience":1089632,"relics_obtained":[{"floor":9.0,"key":"Tiny Chest"},{"floor":10.0,"key":"Omamori"},{"floor":23.0,"key":"Incense Burner"},{"floor":26.0,"key":"War Paint"}],"event_choices":[{"damage_healed":0.0,"max_hp_gain":0.0,"max_hp_loss":0.0,"gold_gain":0.0,"event_name":"Shining Light","player_choice":"Entered Light","floor":7.0,"gold_loss":0.0,"damage_taken":21.0,"cards_upgraded":["Defend_B","Glacier"]},{"damage_healed":0.0,"max_hp_gain":0.0,"max_hp_loss":0.0,"gold_gain":0.0,"event_name":"Cursed Tome","player_choice":"Ignored","floor":19.0,"gold_loss":0.0,"damage_taken":0.0},{"damage_healed":0.0,"max_hp_gain":0.0,"max_hp_loss":0.0,"gold_gain":0.0,"event_name":"Nest","player_choice":"Joined the Cult","floor":20.0,"gold_loss":0.0,"damage_taken":6.0,"cards_obtained":["RitualDagger"]},{"damage_healed":0.0,"max_hp_gain":0.0,"max_hp_loss":0.0,"gold_gain":0.0,"event_name":"Ghosts","player_choice":"Ignored","floor":27.0,"gold_loss":0.0,"damage_taken":0.0}],"is_beta":false,"boss_relics":[{"not_picked":["Snecko Eye","Runic Dome"],"picked":"Empty Cage"}],"items_purged_floors":[21],"is_endless":false,"potions_floor_spawned":[3,5,10,12,14,22,23,29],"killed_by":"Automaton","ascension_level":18}