{"gold_per_floor":[115,190,70,89,103,103,128,128,153,184,184,194,194,208,208,284,284,297,316,316,39,39,74,74,93,93,104,117,117,152,33,33,108,108,123,3,15,15,15,15,41,53,127,138,138,138,158,171,171,171],"floor_reached":51,"playtime":10485,"items_purged":["Survivor"],"score":1184,"play_id":"a516a3e7-0cb8-4c22-9282-386e05418639","local_time":"20190824161432","is_ascension_mode":true,"campfire_choices":[{"data":"Neutralize","floor":6.0,"key":"SMITH"},{"data":"Backflip","floor":11.0,"key":"SMITH"},{"floor":13.0,"key":"REST"},{"data":"Leg Sweep","floor":15.0,"key":"SMITH"},{"floor":24.0,"key":"REST"},{"data":"Envenom","floor":29.0,"key":"SMITH"},{"floor":32.0,"key":"REST"},{"data":"Noxious Fumes","floor":40.0,"key":"SMITH"},{"floor":45.0,"key":"REST"},{"floor":49,"key":"REST"}],"neow_cost":"TEN_PERCENT_HP_LOSS","seed_source_timestamp":907418992512647,"circlet_count":0,"master_deck":["AscendersBane","Strike_G+1","Strike_G+1","Strike_G+1","Strike_G+1","Defend_G+1","Defend_G+1","Defend_G+1","Defend_G+1","Neutralize+1","Adrenaline","Bane","Escape Plan","Well Laid Plans","Leg Sweep+1","Deadly Poison","Backflip+1","Well Laid Plans","Backstab","Envenom+1","Footwork","Backflip","Deadly Poison","Deadly Poison","Concentrate","Tools of the Trade","Footwork","Bane","Night Terror","Noxious Fumes+1","Bane","Master of Strategy","After Image","Bane+1","Acrobatics+1"],"special_seed":0,"relics":["Ring of the Snake","Odd Mushroom","Dream Catcher","Omamori","Sozu","Bag of Marbles","Blood Vial","StoneCalendar","Bronze Scales","Cursed Key","Lantern","Meat on the Bone"],"potions_floor_usage":[],"damage_taken":[{"damage":0.0,"enemies":"Cultist","floor":1.0,"turns":5.0},{"damage":0.0,"enemies":"2 Louse","floor":4.0,"turns":3.0},{"damage":0.0,"enemies":"Small Slimes","floor":5.0,"turns":4.0},{"damage":17.0,"enemies":"The Mushroom Lair","floor":7.0,"turns":5.0},{"damage":16.0,"enemies":"Lagavulin","floor":10.0,"turns":8.0},{"damage":0.0,"enemies":"2 Fungi Beasts","floor":12.0,"turns":4.0},{"damage":0.0,"enemies":"Looter","floor":14.0,"turns":3.0},{"damage":24.0,"enemies":"Hexaghost","floor":16.0,"turns":11.0},{"damage":0.0,"enemies":"3 Byrds","floor":18.0,"turns":6.0},{"damage":10.0,"enemies":"Spheric Guardian","floor":19.0,"turns":6.0},{"damage":10.0,"enemies":"Slavers","floor":23.0,"turns":7.0},{"damage":0.0,"enemies":"Cultist and Chosen","floor":25.0,"turns":6.0},{"damage":4.0,"enemies":"Snake Plant","floor":27.0,"turns":4.0},{"damage":0.0,"enemies":"Shelled Parasite and Fungi","floor":28.0,"turns":6.0},{"damage":50.0,"enemies":"Gremlin Leader","floor":30.0,"turns":7.0},{"damage":7.0,"enemies":"Automaton","floor":33.0,"turns":11.0},{"damage":19.0,"enemies":"3 Darklings","floor":35.0,"turns":6.0},{"damage":4.0,"enemies":"Orb Walker","floor":37.0,"turns":3.0},{"damage":5.0,"enemies":"Nemesis","floor":41.0,"turns":7.0},{"damage":1.0,"enemies":"4 Shapes","floor":42.0,"turns":5.0},{"damage":34.0,"enemies":"3 Darklings","floor":44.0,"turns":5.0},{"damage":10.0,"enemies":"Spire Growth","floor":47.0,"turns":5.0},{"damage":21,"enemies":"Sphere and 2 Shapes","floor":48,"turns":6},{"damage":40,"enemies":"Awakened One","floor":50,"turns":17}],"seed_played":"2587650401236154183","potions_obtained":[{"floor":1.0,"key":"FearPotion"},{"floor":5.0,"key":"Fruit Juice"},{"floor":12.0,"key":"SteroidPotion"},{"floor":14.0,"key":"Poison Potion"}],"is_trial":false,"path_per_floor":["M","?","$","M","M","R","?","?","T","E","R","M","R","M","R","B",null,"M","M","?","$","?","E","R","M","T","M","M","R","E","$","R","B",null,"M","$","M","?","?","R","E","M","T","M","R","?","M","M","R","B",null],"character_chosen":"THE_SILENT","items_purchased":["Well Laid Plans","Leg Sweep","Deadly Poison","Bag of Marbles","Footwork","Bane","Noxious Fumes","Bane"],"campfire_rested":5,"item_purchase_floors":[3,3,21,21,31,31,36,36],"current_hp_per_floor":[59,53,53,53,58,58,41,46,46,30,30,30,51,51,51,27,59,59,49,49,49,49,39,60,62,62,60,62,62,14,14,35,30,60,43,43,41,41,41,41,38,39,39,19,40,58,50,43,64,38],"gold":171,"neow_bonus":"TRANSFORM_TWO_CARDS","is_prod":false,"is_daily":false,"chose_seed":false,"campfire_upgraded":5,"win_rate":0,"timestamp":1566681272,"path_taken":["M","?","$","M","?","R","?","?","T","E","R","M","R","M","R","BOSS","M","M","?","$","?","E","R","M","T","M","?","R","E","$","R","BOSS","M","$","M","?","?","R","E","M","T","M","R","?","M","M","R","BOSS"],"build_version":"2019-07-17","purchased_purges":1,"victory":true,"max_hp_per_floor":[60,60,60,60,65,65,65,70,70,70,70,70,70,70,70,70,70,70,70,70,70,70,70,70,70,70,70,70,70,70,70,70,70,70,70,70,70,70,70,70,70,70,70,70,70,70,70,70,70,70],"card_choices":[{"not_picked":["All Out Attack","Heel Hook"],"picked":"Escape Plan","floor":1.0},{"not_picked":["Blade Dance","Expertise","Slice"],"picked":"SKIP","floor":4.0},{"not_picked":["Distraction","Blade Dance"],"picked":"Deadly Poison","floor":5.0},{"not_picked":["Deadly Poison","Flying Knee"],"picked":"Backflip","floor":7.0},{"not_picked":["Outmaneuver","Quick Slash","Bullet Time"],"picked":"SKIP","floor":10.0},{"not_picked":["Acrobatics","Eviscerate","Accuracy"],"picked":"SKIP","floor":12.0},{"not_picked":["Slice","Endless Agony"],"picked":"Well Laid Plans","floor":13.0},{"not_picked":["Tactician","Deflect"],"picked":"Backstab","floor":14.0},{"not_picked":["Malaise","Phantasmal Killer"],"picked":"Envenom","floor":16.0},{"not_picked":["Underhanded Strike","Poisoned Stab"],"picked":"Footwork","floor":18.0},{"not_picked":["Reflex","Well Laid Plans"],"picked":"Backflip","floor":19.0},{"not_picked":["PiercingWail","Choke","Cloak And Dagger"],"picked":"SKIP","floor":23.0},{"not_picked":["PiercingWail","Flying Knee"],"picked":"Deadly Poison","floor":24.0},{"not_picked":["Prepared","Cloak And Dagger","Deflect"],"picked":"SKIP","floor":25.0},{"not_picked":["Predator","Riddle With Holes"],"picked":"Concentrate","floor":27.0},{"not_picked":["Sucker Punch","Deflect","Cloak And Dagger+1"],"picked":"SKIP","floor":28.0},{"not_picked":["PiercingWail","Dagger Spray"],"picked":"Tools of the Trade","floor":30.0},{"not_picked":["Phantasmal Killer","Unload"],"picked":"Night Terror","floor":33.0},{"not_picked":["Quick Slash","Deflect","Flying Knee"],"picked":"SKIP","floor":35.0},{"not_picked":["Poisoned Stab","Dagger Spray","Quick Slash"],"picked":"SKIP","floor":37.0},{"not_picked":["Mind Blast","Panacea"],"picked":"Master of Strategy","floor":38.0},{"not_picked":["Crippling Poison+1","Outmaneuver"],"picked":"After Image","floor":41.0},{"not_picked":["Distraction","Dagger Spray","Finisher"],"picked":"SKIP","floor":42.0},{"not_picked":["Deflect","Poisoned Stab","Prepared"],"picked":"SKIP","floor":44.0},{"not_picked":["Choke","Slice","Grand Finale"],"picked":"SKIP","floor":47.0},{"not_picked":["PiercingWail","Outmaneuver"],"picked":"Bane+1","floor":48},{"not_picked":["Dagger Spray","Infinite Blades"],"picked":"Acrobatics+1","floor":49}],"player_experience":837673,"relics_obtained":[{"floor":7.0,"key":"Odd Mushroom"},{"floor":9.0,"key":"Dream Catcher"},{"floor":10.0,"key":"Omamori"},{"floor":23.0,"key":"Blood Vial"},{"floor":26.0,"key":"StoneCalendar"},{"floor":30.0,"key":"Bronze Scales"},{"floor":41.0,"key":"Lantern"},{"floor":43.0,"key":"Meat on the Bone"}],"event_choices":[{"damage_healed":0.0,"max_hp_gain":0.0,"max_hp_loss":0.0,"gold_gain":75.0,"event_name":"FaceTrader","player_choice":"Touch","floor":2.0,"gold_loss":0.0,"damage_taken":6.0},{"damage_healed":0.0,"max_hp_gain":0.0,"max_hp_loss":0.0,"gold_gain":0.0,"event_name":"Mushrooms","player_choice":"Fought Mushrooms","floor":7.0,"gold_loss":0.0,"damage_taken":0.0},{"damage_healed":0.0,"max_hp_gain":5.0,"max_hp_loss":0.0,"gold_gain":0.0,"event_name":"Big Fish","player_choice":"Donut","floor":8.0,"gold_loss":0.0,"damage_taken":0.0},{"damage_healed":0.0,"max_hp_gain":0.0,"max_hp_loss":0.0,"gold_gain":0.0,"event_name":"Back to Basics","player_choice":"Simplicity","floor":20.0,"gold_loss":0.0,"damage_taken":0.0,"cards_upgraded":["Strike_G","Strike_G","Strike_G","Strike_G","Defend_G","Defend_G","Defend_G","Defend_G"]},{"damage_healed":0.0,"max_hp_gain":0.0,"max_hp_loss":0.0,"gold_gain":0.0,"event_name":"Ghosts","player_choice":"Ignored","floor":22.0,"gold_loss":0.0,"damage_taken":0.0},{"damage_healed":0.0,"max_hp_gain":0.0,"max_hp_loss":0.0,"gold_gain":0.0,"event_name":"SensoryStone","player_choice":"Memory 1","floor":38.0,"gold_loss":0.0,"damage_taken":0.0},{"damage_healed":0.0,"max_hp_gain":0.0,"max_hp_loss":0.0,"gold_gain":0.0,"event_name":"Mysterious Sphere","player_choice":"Ignored","floor":39.0,"gold_loss":0.0,"damage_taken":0.0},{"damage_healed":18.0,"max_hp_gain":0.0,"max_hp_loss":0.0,"gold_gain":0.0,"event_name":"Winding Halls","player_choice":"Writhe","floor":46.0,"gold_loss":0.0,"damage_taken":0.0,"cards_obtained":["Writhe"]}],"is_beta":false,"boss_relics":[{"not_picked":["Tiny House","Fusion Hammer"],"picked":"Sozu"},{"not_picked":["Snecko Eye","Eternal Feather"],"picked":"Cursed Key"}],"items_purged_floors":[21],"is_endless":false,"potions_floor_spawned":[1,5,12,14,18,19,25,41,47,48],"ascension_level":14}