{"gold_per_floor":[119,131,206,131,131,159,159,189,189,202,229,249,266,329,329,329],"floor_reached":16,"playtime":834,"items_purged":[],"score":279,"play_id":"5e9b0c23-fc01-46f5-863b-cc2029036b05","local_time":"20190907203303","is_ascension_mode":true,"campfire_choices":[{"data":"Body Slam","floor":7.0,"key":"SMITH"},{"floor":15,"key":"REST"}],"neow_cost":"NONE","seed_source_timestamp":146036956364711,"circlet_count":0,"master_deck":["AscendersBane","Strike_R","Strike_R","Strike_R","Strike_R","Strike_R","Defend_R","Defend_R","Defend_R","Bash","Shrug It Off","Shockwave","Body Slam+1","Armaments","Shrug It Off","Wild Strike"],"special_seed":0,"relics":["Burning Blood","NeowsBlessing","SsserpentHead","Kunai","Singing Bowl","Pear","Girya"],"potions_floor_usage":[13,14],"damage_taken":[{"damage":0.0,"enemies":"Small Slimes","floor":1.0,"turns":1.0},{"damage":0.0,"enemies":"2 Louse","floor":2.0,"turns":2.0},{"damage":0.0,"enemies":"Gremlin Nob","floor":6.0,"turns":1.0},{"damage":27.0,"enemies":"Lagavulin","floor":8.0,"turns":7.0},{"damage":4,"enemies":"Jaw Worm","floor":10,"turns":3},{"damage":41,"enemies":"3 Sentries","floor":11,"turns":10},{"damage":14,"enemies":"Lots of Slimes","floor":12,"turns":7},{"damage":16,"enemies":"Gremlin Gang","floor":13,"turns":6},{"damage":4,"enemies":"Blue Slaver","floor":14,"turns":2},{"damage":0,"enemies":"Hexaghost","floor":16,"turns":1}],"seed_played":"-900474014117471155","potions_obtained":[{"floor":2.0,"key":"Fire Potion"},{"floor":12,"key":"Dexterity Potion"},{"floor":13,"key":"Fire Potion"},{"floor":14,"key":"AttackPotion"}],"is_trial":false,"path_per_floor":["M","M","?","?","?","E","R","E","T","M","E","M","M","M","R","B"],"character_chosen":"IRONCLAD","items_purchased":[],"campfire_rested":1,"item_purchase_floors":[],"current_hp_per_floor":[74,75,64,64,64,70,70,51,61,65,30,24,14,16,43,43],"gold":329,"neow_bonus":"THREE_ENEMY_KILL","is_prod":false,"is_daily":false,"chose_seed":false,"campfire_upgraded":1,"win_rate":0,"timestamp":1567906383,"path_taken":["M","M","?","?","?","E","R","E","T","M","E","M","M","?","R","BOSS"],"build_version":"2019-07-17","purchased_purges":0,"victory":false,"max_hp_per_floor":[75,75,75,75,75,75,75,77,87,89,89,91,91,91,91,91],"card_choices":[{"not_picked":["Heavy Blade","Wild Strike"],"picked":"Shrug It Off","floor":1.0},{"not_picked":["Rupture","Dropkick"],"picked":"Shockwave","floor":2.0},{"not_picked":["Perfected Strike","Sword Boomerang"],"picked":"Body Slam","floor":6.0},{"not_picked":["Flex","Shockwave","Wild Strike"],"picked":"Singing Bowl","floor":8.0},{"not_picked":["Combust","Warcry","Iron Wave"],"picked":"Singing Bowl","floor":10},{"not_picked":["Rampage","Twin Strike"],"picked":"Armaments","floor":11},{"not_picked":["Flame Barrier","Armaments","Twin Strike"],"picked":"Singing Bowl","floor":12},{"not_picked":["Infernal Blade","True Grit"],"picked":"Shrug It Off","floor":13},{"not_picked":["True Grit","Corruption"],"picked":"Wild Strike","floor":14}],"player_experience":1131259,"relics_obtained":[{"floor":6.0,"key":"Kunai"},{"floor":8.0,"key":"Singing Bowl"},{"floor":9.0,"key":"Pear"},{"floor":11,"key":"Girya"}],"event_choices":[{"damage_healed":0.0,"max_hp_gain":0.0,"max_hp_loss":0.0,"gold_gain":75.0,"event_name":"World of Goop","player_choice":"Gather Gold","floor":3.0,"gold_loss":0.0,"damage_taken":11.0},{"cards_removed":["Defend_R"],"damage_healed":0.0,"max_hp_gain":0.0,"max_hp_loss":0.0,"gold_gain":0.0,"event_name":"The Cleric","player_choice":"Card Removal","floor":4.0,"gold_loss":75.0,"damage_taken":0.0},{"damage_healed":0.0,"max_hp_gain":0.0,"max_hp_loss":0.0,"gold_gain":0.0,"event_name":"FaceTrader","player_choice":"Trade","floor":5.0,"gold_loss":0.0,"damage_taken":0.0,"relics_obtained":["SsserpentHead"]}],"is_beta":false,"boss_relics":[],"items_purged_floors":[],"is_endless":false,"potions_floor_spawned":[2,12,13,14],"killed_by":"Hexaghost","ascension_level":18}