{"gold_per_floor":[17,32,32,52,52,52,73,73],"floor_reached":8,"playtime":468,"items_purged":[],"score":94,"play_id":"8accd2c9-436b-474b-8146-7d3e8b7f37b0","local_time":"20190830121134","is_ascension_mode":true,"campfire_choices":[{"data":"Blade Dance","floor":6.0,"key":"SMITH"}],"neow_cost":"NO_GOLD","seed_source_timestamp":0,"circlet_count":0,"master_deck":["AscendersBane","Strike_G","Strike_G","Strike_G","Strike_G","Defend_G","Defend_G","Defend_G","Defend_G","Defend_G","Survivor","Neutralize","Blur","Blade Dance+1","Well Laid Plans","Cloak And Dagger"],"special_seed":0,"relics":["Ring of the Snake","WingedGreaves","Golden Idol"],"potions_floor_usage":[8],"damage_taken":[{"damage":2.0,"enemies":"Small Slimes","floor":1.0,"turns":7.0},{"damage":6.0,"enemies":"Jaw Worm","floor":2.0,"turns":7.0},{"damage":2.0,"enemies":"2 Louse","floor":4.0,"turns":3.0},{"damage":23.0,"enemies":"Looter","floor":7.0,"turns":4.0},{"damage":2,"enemies":"Gremlin Gang","floor":8,"turns":3}],"seed_played":"4973604908568913864","potions_obtained":[{"floor":1.0,"key":"Energy Potion"},{"floor":7.0,"key":"SkillPotion"}],"is_trial":false,"path_per_floor":["M","M","?","M","?","R","M","M"],"character_chosen":"THE_SILENT","items_purchased":[],"campfire_rested":0,"item_purchase_floors":[],"current_hp_per_floor":[57,51,51,49,49,49,26,24],"gold":73,"neow_bonus":"ONE_RARE_RELIC","is_prod":false,"is_daily":false,"chose_seed":false,"campfire_upgraded":1,"win_rate":0,"timestamp":1567185094,"path_taken":["M","M","?","M","?","R","M","M"],"build_version":"2019-07-17","purchased_purges":0,"victory":false,"max_hp_per_floor":[66,66,60,60,60,60,60,60],"card_choices":[{"not_picked":["Deflect","Prepared"],"picked":"Blur","floor":1.0},{"not_picked":["Dagger Throw","Catalyst"],"picked":"Blade Dance","floor":2.0},{"not_picked":["Quick Slash","Prepared"],"picked":"Well Laid Plans","floor":4.0},{"not_picked":["Poisoned Stab","Acrobatics"],"picked":"Cloak And Dagger","floor":7.0}],"player_experience":994767,"relics_obtained":[],"event_choices":[{"damage_healed":0.0,"max_hp_gain":0.0,"max_hp_loss":6.0,"gold_gain":0.0,"event_name":"Golden Idol","player_choice":"Lose Max HP","floor":3.0,"gold_loss":0.0,"damage_taken":0.0,"relics_obtained":["Golden Idol"]},{"cards_removed":["Strike_G"],"damage_healed":0.0,"max_hp_gain":0.0,"max_hp_loss":0.0,"gold_gain":0.0,"event_name":"Living Wall","player_choice":"Forget","floor":5.0,"gold_loss":0.0,"damage_taken":0.0}],"is_beta":false,"boss_relics":[],"items_purged_floors":[],"is_endless":false,"potions_floor_spawned":[1,7],"killed_by":"Gremlin Gang","ascension_level":19}