{"gold_per_floor":[319,244,255,255,255,294,294,54,78,78,78],"floor_reached":11,"playtime":265,"items_purged":["Strike_R"],"score":131,"play_id":"769e2b88-e08f-4d02-a3f1-ec5e5bef507b","local_time":"20190908070957","is_ascension_mode":true,"campfire_choices":[{"floor":7,"key":"REST"},{"floor":10,"key":"REST"}],"neow_cost":"NO_GOLD","seed_source_timestamp":161320163040364,"circlet_count":0,"master_deck":["AscendersBane","Strike_R","Strike_R","Strike_R","Strike_R","Defend_R","Defend_R","Defend_R","Bash","Body Slam"],"special_seed":0,"relics":["Burning Blood","Old Coin","Golden Idol","Torii","Oddly Smooth Stone","Boot"],"potions_floor_usage":[],"damage_taken":[{"damage":12.0,"enemies":"Small Slimes","floor":1.0,"turns":4.0},{"damage":16.0,"enemies":"Jaw Worm","floor":3.0,"turns":5.0},{"damage":55,"enemies":"Gremlin Nob","floor":6,"turns":5},{"damage":84,"enemies":"Lagavulin","floor":11,"turns":9}],"seed_played":"-261793347196710958","potions_obtained":[{"floor":3.0,"key":"FairyPotion"}],"is_trial":false,"path_per_floor":["M","?","M","?","?","E","R","$","T","R","E"],"character_chosen":"IRONCLAD","items_purchased":["Oddly Smooth Stone"],"campfire_rested":2,"item_purchase_floors":[8],"current_hp_per_floor":[62,62,52,52,57,8,29,29,29,50,0],"gold":78,"neow_bonus":"ONE_RARE_RELIC","is_prod":false,"is_daily":false,"chose_seed":false,"campfire_upgraded":0,"win_rate":0,"timestamp":1567944597,"path_taken":["M","?","M","?","?","E","R","$","T","R","E"],"build_version":"2019-07-17","purchased_purges":1,"victory":false,"max_hp_per_floor":[75,75,75,68,73,73,73,73,73,73,73],"card_choices":[{"not_picked":["Anger","Thunderclap","Blood for Blood"],"picked":"SKIP","floor":1.0},{"not_picked":["Spot Weakness","Fire Breathing"],"picked":"Body Slam","floor":3.0},{"not_picked":["Rupture","Pummel","Power Through"],"picked":"SKIP","floor":6}],"player_experience":1140382,"relics_obtained":[{"floor":6,"key":"Torii"},{"floor":9,"key":"Boot"}],"event_choices":[{"cards_removed":["Defend_R"],"damage_healed":0.0,"max_hp_gain":0.0,"max_hp_loss":0.0,"gold_gain":0.0,"event_name":"The Cleric","player_choice":"Card Removal","floor":2.0,"gold_loss":75.0,"damage_taken":0.0},{"damage_healed":0.0,"max_hp_gain":0.0,"max_hp_loss":7.0,"gold_gain":0.0,"event_name":"Golden Idol","player_choice":"Lose Max HP","floor":4.0,"gold_loss":0.0,"damage_taken":0.0,"relics_obtained":["Golden Idol"]},{"damage_healed":0.0,"max_hp_gain":5.0,"max_hp_loss":0.0,"gold_gain":0.0,"event_name":"Big Fish","player_choice":"Donut","floor":5.0,"gold_loss":0.0,"damage_taken":0.0}],"is_beta":false,"boss_relics":[],"items_purged_floors":[8],"is_endless":false,"potions_floor_spawned":[3],"killed_by":"Lagavulin","ascension_level":18}