{"gold_per_floor":[361,250,250,250,113,113,128,128,128,141,172,186,197,231,231,330,330,345,362,362,59,59,59,89,89,89,106,106,124,158,85,85,85],"floor_reached":33,"playtime":1811,"items_purged":["Strike_R","Defend_R","Strike_R"],"score":494,"play_id":"7f132de5-c3dc-4804-ae3c-f27533808afa","local_time":"20190825011044","is_ascension_mode":true,"campfire_choices":[{"data":"Searing Blow","floor":6.0,"key":"SMITH"},{"data":"Searing Blow+1","floor":8.0,"key":"SMITH"},{"floor":15.0,"key":"REST"},{"data":"Searing Blow+2","floor":23.0,"key":"SMITH"},{"data":"Searing Blow+3","floor":25.0,"key":"SMITH"},{"data":"Searing Blow+4","floor":28.0,"key":"SMITH"},{"data":"Searing Blow+5","floor":32.0,"key":"SMITH"}],"neow_cost":"TEN_PERCENT_HP_LOSS","seed_source_timestamp":943509505369791,"circlet_count":0,"master_deck":["AscendersBane","Strike_R","Strike_R","Strike_R","Defend_R+1","Defend_R+1","Defend_R","Bash","Whirlwind","Searing Blow+6","Ghostly Armor","Pommel Strike","Dual Wield","Inflame","Ghostly Armor","Seeing Red","Offering","Warcry+1","Ghostly","Ghostly","Ghostly","Ghostly","Ghostly","Shrug It Off","Shrug It Off+1","Juggernaut"],"special_seed":0,"relics":["Burning Blood","Omamori","Paper Frog","Bag of Preparation","Coffee Dripper","Vajra","Orichalcum","Centennial Puzzle","Bottled Tornado"],"potions_floor_usage":[],"damage_taken":[{"damage":5.0,"enemies":"Jaw Worm","floor":1.0,"turns":5.0},{"damage":2.0,"enemies":"Small Slimes","floor":7.0,"turns":4.0},{"damage":0.0,"enemies":"2 Louse","floor":10.0,"turns":2.0},{"damage":44.0,"enemies":"Lagavulin","floor":11.0,"turns":8.0},{"damage":10.0,"enemies":"Exordium Wildlife","floor":12.0,"turns":4.0},{"damage":10.0,"enemies":"3 Louse","floor":13.0,"turns":3.0},{"damage":16.0,"enemies":"Gremlin Nob","floor":14.0,"turns":3.0},{"damage":35.0,"enemies":"The Guardian","floor":16.0,"turns":14.0},{"damage":25.0,"enemies":"2 Thieves","floor":18.0,"turns":4.0},{"damage":17.0,"enemies":"Shell Parasite","floor":19.0,"turns":5.0},{"damage":7.0,"enemies":"Slavers","floor":24.0,"turns":5.0},{"damage":1.0,"enemies":"3 Cultists","floor":27.0,"turns":4.0},{"damage":2.0,"enemies":"Chosen and Byrds","floor":29.0,"turns":4.0},{"damage":12.0,"enemies":"Book of Stabbing","floor":30.0,"turns":5.0},{"damage":54,"enemies":"Champ","floor":33,"turns":8}],"seed_played":"2815050434859018793","potions_obtained":[{"floor":7.0,"key":"Swift Potion"},{"floor":12.0,"key":"FearPotion"},{"floor":13.0,"key":"Fire Potion"},{"floor":16.0,"key":"LiquidBronze"},{"floor":19.0,"key":"Explosive Potion"},{"floor":27.0,"key":"Fire Potion"},{"floor":29.0,"key":"Fire Potion"},{"floor":30.0,"key":"Fire Potion"}],"is_trial":false,"path_per_floor":["M","$","?","?","$","R","M","R","T","M","E","M","M","E","R","B",null,"M","M","?","$","?","R","E","R","T","M","R","M","E","$","R","B"],"character_chosen":"IRONCLAD","items_purchased":["Searing Blow","Ghostly Armor","Vajra","Shrug It Off","Juggernaut"],"campfire_rested":1,"item_purchase_floors":[2,5,21,21,31],"current_hp_per_floor":[72,72,58,63,63,63,67,67,67,73,35,31,27,17,40,11,61,42,31,31,31,31,31,30,30,30,35,35,38,32,32,32,0],"gold":85,"neow_bonus":"TWO_FIFTY_GOLD","is_prod":false,"is_daily":false,"chose_seed":false,"campfire_upgraded":6,"win_rate":0,"timestamp":1566713444,"path_taken":["M","$","?","?","$","R","M","R","T","M","E","M","M","E","R","BOSS","M","M","?","$","?","R","E","R","T","M","R","M","E","?","R","BOSS"],"build_version":"2019-07-17","purchased_purges":3,"victory":false,"max_hp_per_floor":[72,72,72,77,77,77,77,77,77,77,77,77,77,77,77,77,77,77,77,38,38,38,38,38,38,38,38,38,38,38,38,38,38],"card_choices":[{"not_picked":["Iron Wave","Combust"],"picked":"Whirlwind","floor":1.0},{"not_picked":["Iron Wave","Metallicize","Uppercut"],"picked":"SKIP","floor":7.0},{"not_picked":["Body Slam","Flex"],"picked":"Pommel Strike","floor":10.0},{"not_picked":["Iron Wave","Warcry"],"picked":"Dual Wield","floor":11.0},{"not_picked":["Pommel Strike","Iron Wave"],"picked":"Inflame","floor":12.0},{"not_picked":["Heavy Blade","Uppercut"],"picked":"Ghostly Armor","floor":13.0},{"not_picked":["Havoc","Dual Wield"],"picked":"Seeing Red","floor":14.0},{"not_picked":["Brutality","Juggernaut"],"picked":"Offering","floor":16.0},{"not_picked":["Thunderclap","Cleave"],"picked":"Warcry+1","floor":18.0},{"not_picked":["Headbutt","Clash","Flex"],"picked":"SKIP","floor":19.0},{"not_picked":["Perfected Strike","True Grit","Warcry"],"picked":"SKIP","floor":24.0},{"not_picked":["Armaments+1","Headbutt"],"picked":"Shrug It Off+1","floor":27.0},{"not_picked":["Immolate","Corruption","Headbutt"],"picked":"SKIP","floor":29.0},{"not_picked":["True Grit","Intimidate+1","Pommel Strike"],"picked":"SKIP","floor":30.0}],"player_experience":868343,"relics_obtained":[{"floor":9.0,"key":"Omamori"},{"floor":11.0,"key":"Paper Frog"},{"floor":14.0,"key":"Bag of Preparation"},{"floor":24.0,"key":"Orichalcum"},{"floor":26.0,"key":"Centennial Puzzle"},{"floor":30.0,"key":"Bottled Tornado"}],"event_choices":[{"damage_healed":0.0,"max_hp_gain":0.0,"max_hp_loss":0.0,"gold_gain":0.0,"event_name":"Shining Light","player_choice":"Entered Light","floor":3.0,"gold_loss":0.0,"damage_taken":14.0,"cards_upgraded":["Defend_R","Defend_R"]},{"damage_healed":0.0,"max_hp_gain":5.0,"max_hp_loss":0.0,"gold_gain":0.0,"event_name":"Big Fish","player_choice":"Donut","floor":4.0,"gold_loss":0.0,"damage_taken":0.0},{"damage_healed":0.0,"max_hp_gain":0.0,"max_hp_loss":39.0,"gold_gain":0.0,"event_name":"Ghosts","player_choice":"Became a Ghost","floor":20.0,"gold_loss":0.0,"damage_taken":0.0,"cards_obtained":["Ghostly","Ghostly","Ghostly","Ghostly","Ghostly"]},{"damage_healed":0.0,"max_hp_gain":0.0,"max_hp_loss":0.0,"gold_gain":0.0,"event_name":"Vampires","player_choice":"Ignored","floor":22.0,"gold_loss":0.0,"damage_taken":0.0}],"is_beta":false,"boss_relics":[{"not_picked":["Empty Cage","Runic Cube"],"picked":"Coffee Dripper"}],"items_purged_floors":[2,5,21],"is_endless":false,"potions_floor_spawned":[7,12,13,16,19,27,29,30],"killed_by":"Champ","ascension_level":12}