{"gold_per_floor":[119,119,137,55,55,84,104,104,183,183,203,203,216,250,250,250],"floor_reached":16,"playtime":427,"items_purged":[],"score":263,"play_id":"a3839dcb-0273-48c2-b24f-69cda6c5eeb6","local_time":"20190909004843","is_ascension_mode":true,"campfire_choices":[{"data":"Body Slam","floor":8.0,"key":"SMITH"},{"data":"Armaments","floor":10.0,"key":"SMITH"},{"data":"Entrench","floor":12.0,"key":"SMITH"},{"data":"Shrug It Off","floor":15.0,"key":"SMITH"}],"neow_cost":"NONE","seed_source_timestamp":0,"circlet_count":0,"master_deck":["AscendersBane","Strike_R","Strike_R","Strike_R","Strike_R","Defend_R","Defend_R","Defend_R","Defend_R","Bash","Armaments+1","Body Slam+1","Entrench+1","Shrug It Off+1"],"special_seed":0,"relics":["Burning Blood","NeowsBlessing","Pen Nib","Ginger","Bottled Flame","Pantograph"],"potions_floor_usage":[16],"damage_taken":[{"damage":0.0,"enemies":"Jaw Worm","floor":1.0,"turns":1.0},{"damage":0.0,"enemies":"Cultist","floor":3.0,"turns":1.0},{"damage":0.0,"enemies":"3 Sentries","floor":6.0,"turns":1.0},{"damage":7.0,"enemies":"Small Slimes","floor":7.0,"turns":3.0},{"damage":1.0,"enemies":"Red Slaver","floor":11.0,"turns":4.0},{"damage":3.0,"enemies":"Blue Slaver","floor":13.0,"turns":5.0},{"damage":11.0,"enemies":"Lagavulin","floor":14.0,"turns":9.0},{"damage":86,"enemies":"Slime Boss","floor":16,"turns":8}],"seed_played":"230849834075099761","potions_obtained":[{"floor":1.0,"key":"SneckoOil"},{"floor":11.0,"key":"Block Potion"},{"floor":13.0,"key":"Fruit Juice"},{"floor":14.0,"key":"Fire Potion"}],"is_trial":false,"path_per_floor":["M","?","M","$","?","E","M","R","T","R","M","R","M","E","R","B"],"character_chosen":"IRONCLAD","items_purchased":["Armaments","Body Slam"],"campfire_rested":0,"item_purchase_floors":[4,4],"current_hp_per_floor":[74,74,75,75,75,75,74,74,74,74,75,75,80,75,75,0],"gold":250,"neow_bonus":"THREE_ENEMY_KILL","is_prod":false,"is_daily":false,"chose_seed":false,"campfire_upgraded":4,"win_rate":0,"timestamp":1568008123,"path_taken":["M","?","?","$","?","E","M","R","T","R","M","R","M","E","R","BOSS"],"build_version":"2019-07-17","purchased_purges":0,"victory":false,"max_hp_per_floor":[75,75,75,75,75,75,75,75,75,75,75,75,80,80,80,80],"card_choices":[{"not_picked":["Rupture","Thunderclap","Clothesline"],"picked":"SKIP","floor":1.0},{"not_picked":["Flex","Sword Boomerang","Power Through"],"picked":"SKIP","floor":3.0},{"not_picked":["Flex","Ghostly Armor"],"picked":"Entrench","floor":6.0},{"not_picked":["Searing Blow","Perfected Strike","Second Wind"],"picked":"SKIP","floor":7.0},{"not_picked":["Perfected Strike","Anger","Pommel Strike"],"picked":"SKIP","floor":11.0},{"not_picked":["Whirlwind","Iron Wave","Searing Blow"],"picked":"SKIP","floor":13.0},{"not_picked":["Flame Barrier","Cleave"],"picked":"Shrug It Off","floor":14.0}],"player_experience":1160137,"relics_obtained":[{"floor":6.0,"key":"Ginger"},{"floor":9.0,"key":"Bottled Flame"},{"floor":14.0,"key":"Pantograph"}],"event_choices":[{"damage_healed":0.0,"max_hp_gain":0.0,"max_hp_loss":0.0,"gold_gain":0.0,"event_name":"WeMeetAgain","player_choice":"Gave Potion","floor":2.0,"gold_loss":0.0,"damage_taken":0.0,"relics_obtained":["Pen Nib"]},{"cards_removed":["Strike_R"],"damage_healed":0.0,"max_hp_gain":0.0,"max_hp_loss":0.0,"gold_gain":0.0,"event_name":"Purifier","player_choice":"Purged","floor":5.0,"gold_loss":0.0,"damage_taken":0.0}],"is_beta":false,"boss_relics":[],"items_purged_floors":[],"is_endless":false,"potions_floor_spawned":[1,11,13,14],"killed_by":"Slime Boss","ascension_level":19}