{"gold_per_floor":[117,117,134,134,134,162,162,178,203,229,229,255,271,290,290,290],"floor_reached":16,"playtime":525,"items_purged":[],"score":283,"play_id":"107ef8db-b863-432f-a8ed-65b8f75db4f2","local_time":"20190830003305","is_ascension_mode":true,"campfire_choices":[{"data":"Corpse Explosion","floor":7,"key":"SMITH"},{"floor":11,"key":"REST"},{"floor":15,"key":"REST"}],"neow_cost":"NONE","seed_source_timestamp":1175514637432000,"circlet_count":0,"master_deck":["AscendersBane","Strike_G+1","Strike_G","Strike_G","Strike_G+1","Defend_G+1","Defend_G","Defend_G","Defend_G+1","Survivor","Neutralize","Poisoned Stab","Footwork","Corpse Explosion+1","Terror","PiercingWail","Bane"],"relics":["Ring of the Snake","NeowsBlessing","Art of War","War Paint","FossilizedHelix","Bottled Lightning"],"potions_floor_usage":[12,16],"damage_taken":[{"damage":0,"enemies":"Jaw Worm","floor":1,"turns":1},{"damage":0,"enemies":"2 Louse","floor":3,"turns":1},{"damage":0,"enemies":"Lagavulin","floor":6,"turns":1},{"damage":0,"enemies":"Cultist","floor":8,"turns":3},{"damage":28,"enemies":"Gremlin Nob","floor":10,"turns":4},{"damage":13,"enemies":"3 Sentries","floor":12,"turns":9},{"damage":6,"enemies":"Blue Slaver","floor":13,"turns":3},{"damage":4,"enemies":"Looter","floor":14,"turns":3},{"damage":0,"enemies":"Slime Boss","floor":16,"turns":5}],"seed_played":"-1122611604205027576","potions_obtained":[{"floor":10,"key":"Explosive Potion"},{"floor":13,"key":"AttackPotion"}],"is_trial":false,"path_per_floor":["M","?","M","?","?","E","R","M","T","E","R","E","M","M","R","B"],"character_chosen":"THE_SILENT","items_purchased":[],"campfire_rested":2,"item_purchase_floors":[],"current_hp_per_floor":[59,39,39,39,39,39,39,39,39,11,30,17,11,7,26,26],"gold":290,"neow_bonus":"THREE_ENEMY_KILL","is_prod":false,"is_daily":false,"chose_seed":false,"campfire_upgraded":1,"win_rate":0,"timestamp":1567143185,"path_taken":["M","?","M","?","?","E","R","M","T","E","R","E","?","M","R","BOSS"],"build_version":"2019-07-17","purchased_purges":0,"victory":false,"max_hp_per_floor":[66,66,66,66,66,66,66,66,66,66,66,66,66,66,66,66],"card_choices":[{"not_picked":["Underhanded Strike","Dodge and Roll","Eviscerate"],"picked":"SKIP","floor":1},{"not_picked":["Slice","Deadly Poison"],"picked":"Poisoned Stab","floor":3},{"not_picked":["Grand Finale","Dodge and Roll"],"picked":"Corpse Explosion","floor":6},{"not_picked":["Dagger Throw","Endless Agony","Blade Dance"],"picked":"SKIP","floor":8},{"not_picked":["Eviscerate","Dagger Spray","Skewer"],"picked":"SKIP","floor":10},{"not_picked":["Blade Dance","Calculated Gamble"],"picked":"Terror","floor":12},{"not_picked":["Sucker Punch","Expertise"],"picked":"PiercingWail","floor":13},{"not_picked":["Slice","Calculated Gamble"],"picked":"Bane","floor":14}],"player_experience":992787,"relics_obtained":[{"floor":6,"key":"Art of War"},{"floor":9,"key":"War Paint"},{"floor":10,"key":"FossilizedHelix"},{"floor":12,"key":"Bottled Lightning"}],"event_choices":[{"damage_healed":0,"gold_gain":0,"player_choice":"Entered Light","damage_taken":20,"max_hp_gain":0,"max_hp_loss":0,"event_name":"Shining Light","floor":2,"gold_loss":0,"cards_upgraded":["Strike_G","Strike_G"]},{"damage_healed":0,"gold_gain":0,"cards_transformed":["Strike_G"],"player_choice":"Change","damage_taken":0,"max_hp_gain":0,"max_hp_loss":0,"event_name":"Living Wall","floor":4,"gold_loss":0,"cards_obtained":["Footwork"]},{"cards_removed":["Defend_G"],"damage_healed":0,"gold_gain":0,"player_choice":"Offered Basic","damage_taken":0,"max_hp_gain":0,"max_hp_loss":0,"event_name":"Bonfire Elementals","floor":5,"gold_loss":0}],"is_beta":false,"boss_relics":[],"items_purged_floors":[],"is_endless":false,"potions_floor_spawned":[10,13],"killed_by":"Slime Boss","ascension_level":19}