{"gold_per_floor":[116,66,20,20,40,40,68,82,82,82,82,82,96,122,122,227,227,244,244,257,35,35,35,70,70,70,102,118,118,136,167,167,262,262,277,377,387,2,2,2,35,54,81,81,81,115,115,128,128,128],"floor_reached":51,"playtime":2856,"items_purged":[],"score":936,"play_id":"72c62b9a-9440-4658-b254-08329fcfec32","local_time":"20190909132323","is_ascension_mode":true,"campfire_choices":[{"data":"Bash","floor":6,"key":"SMITH"},{"data":"1","floor":10,"key":"LIFT"},{"data":"2","floor":15,"key":"LIFT"},{"data":"3","floor":23,"key":"LIFT"},{"data":"Brutality","floor":25,"key":"SMITH"},{"data":"Flame Barrier","floor":29,"key":"SMITH"},{"data":"Second Wind","floor":32,"key":"SMITH"},{"data":"Heavy Blade","floor":40,"key":"SMITH"},{"data":"Offering","floor":44,"key":"SMITH"},{"data":"Sword Boomerang","floor":47,"key":"SMITH"},{"data":"Limit Break","floor":49,"key":"SMITH"}],"neow_cost":"NONE","seed_source_timestamp":229976421270014,"circlet_count":0,"master_deck":["Defend_R","Defend_R","Defend_R","Bash+1","Thunderclap","True Grit+1","Heavy Blade+1","Clothesline","Flame Barrier+1","Pommel Strike","Brutality+1","Second Wind+1","Battle Trance","Bite","Bite","Bite","Bite","Bite","Limit Break+1","Rupture+1","Warcry","Flame Barrier+1","Offering+1","Pommel Strike+1","Whirlwind","Reaper","Sword Boomerang+1","Writhe"],"relics":["Burning Blood","NeowsBlessing","Girya","Shuriken","Bag of Preparation","Happy Flower","Mark of Pain","Lantern","Frozen Egg 2","Vajra","Blood Vial","Potion Belt","Velvet Choker","Ice Cream","Mummified Hand","Boot","Pen Nib","Self Forming Clay"],"potions_floor_usage":[24,24,28],"damage_taken":[{"damage":0,"enemies":"Cultist","floor":1,"turns":1},{"damage":0,"enemies":"Jaw Worm","floor":5,"turns":1},{"damage":0,"enemies":"Lagavulin","floor":7,"turns":1},{"damage":0,"enemies":"2 Louse","floor":8,"turns":2},{"damage":6,"enemies":"Large Slime","floor":13,"turns":8},{"damage":25,"enemies":"Gremlin Nob","floor":14,"turns":4},{"damage":0,"enemies":"Slime Boss","floor":16,"turns":6},{"damage":11,"enemies":"Chosen","floor":18,"turns":2},{"damage":13,"enemies":"Shell Parasite","floor":20,"turns":2},{"damage":13,"enemies":"Book of Stabbing","floor":24,"turns":3},{"damage":8,"enemies":"Gremlin Leader","floor":27,"turns":5},{"damage":8,"enemies":"Shelled Parasite and Fungi","floor":28,"turns":3},{"damage":12,"enemies":"Sentry and Sphere","floor":30,"turns":3},{"damage":19,"enemies":"Book of Stabbing","floor":31,"turns":4},{"damage":37,"enemies":"Collector","floor":33,"turns":6},{"damage":8,"enemies":"Orb Walker","floor":35,"turns":2},{"damage":4,"enemies":"Mind Bloom Boss Battle","floor":36,"turns":5},{"damage":23,"enemies":"3 Shapes","floor":37,"turns":3},{"damage":20,"enemies":"Nemesis","floor":41,"turns":3},{"damage":19,"enemies":"Spire Growth","floor":42,"turns":3},{"damage":9,"enemies":"Giant Head","floor":46,"turns":4},{"damage":24,"enemies":"Writhing Mass","floor":48,"turns":3},{"damage":43,"enemies":"Time Eater","floor":50,"turns":4}],"seed_played":"-756026608173001625","potions_obtained":[{"floor":8,"key":"Poison Potion"},{"floor":14,"key":"AttackPotion"},{"floor":16,"key":"FearPotion"},{"floor":31,"key":"EssenceOfSteel"},{"floor":33,"key":"Ancient Potion"},{"floor":36,"key":"FearPotion"},{"floor":42,"key":"BloodPotion"},{"floor":48,"key":"Fire Potion"}],"is_trial":false,"path_per_floor":["M","?","$","?","M","R","E","M","T","R","?","?","M","E","R","B",null,"M","?","M","$","?","R","E","R","T","E","M","R","M","E","R","B",null,"M","?","M","$","?","R","E","M","T","R","?","E","R","M","R","B",null],"character_chosen":"IRONCLAD","items_purchased":["True Grit","Lantern","Battle Trance","Mummified Hand","Reaper"],"campfire_rested":0,"item_purchase_floors":[3,21,21,38,38],"current_hp_per_floor":[80,80,80,80,80,80,80,80,80,80,80,80,80,61,61,67,80,75,75,68,68,56,56,49,49,49,56,56,56,55,49,49,31,56,56,56,43,43,43,43,47,46,46,46,56,56,56,43,43,14],"gold":128,"neow_bonus":"THREE_ENEMY_KILL","is_prod":false,"is_daily":false,"chose_seed":false,"campfire_upgraded":8,"win_rate":0,"timestamp":1568049803,"path_taken":["M","?","$","?","?","R","E","M","T","R","?","?","M","E","R","BOSS","M","?","?","?","?","R","E","R","T","E","M","R","M","E","R","BOSS","M","?","M","$","?","R","E","M","T","R","?","E","R","M","R","BOSS"],"build_version":"2019-08-26","purchased_purges":0,"victory":true,"max_hp_per_floor":[80,80,80,80,80,80,80,80,80,80,80,80,80,80,80,80,80,80,80,80,80,56,56,56,56,56,56,56,56,56,56,56,56,56,56,56,56,56,56,56,56,56,56,56,56,56,56,56,56,56],"card_choices":[{"not_picked":["Clash","Sword Boomerang"],"picked":"Thunderclap","floor":1},{"not_picked":["Perfected Strike","Anger"],"picked":"Heavy Blade","floor":5},{"not_picked":["Clash","Perfected Strike"],"picked":"Clothesline","floor":7},{"not_picked":["Body Slam","Twin Strike","Shockwave"],"picked":"SKIP","floor":8},{"not_picked":["Cleave","Clothesline"],"picked":"Flame Barrier","floor":13},{"not_picked":["Hemokinesis","Blood for Blood"],"picked":"Pommel Strike","floor":14},{"not_picked":["Offering","Juggernaut"],"picked":"Brutality","floor":16},{"not_picked":["Rage","Hemokinesis"],"picked":"Second Wind","floor":18},{"not_picked":["Headbutt","Cleave","Fire Breathing"],"picked":"SKIP","floor":20},{"not_picked":["True Grit","Cleave","Pommel Strike"],"picked":"SKIP","floor":24},{"not_picked":["Headbutt+1","Power Through+1"],"picked":"Limit Break","floor":27},{"not_picked":["Clash","Heavy Blade"],"picked":"Rupture+1","floor":28},{"not_picked":["Shrug It Off+1","Twin Strike+1"],"picked":"Warcry","floor":30},{"not_picked":["Anger","Shrug It Off"],"picked":"Flame Barrier+1","floor":31},{"not_picked":["Barricade+1","Bludgeon"],"picked":"Offering","floor":33},{"not_picked":["Cleave+1","Rampage+1","Anger"],"picked":"SKIP","floor":35},{"not_picked":["Headbutt","Clothesline+1"],"picked":"Pommel Strike+1","floor":36},{"not_picked":["Iron Wave","True Grit+1"],"picked":"Whirlwind","floor":37},{"not_picked":["Flex","Blood for Blood","Searing Blow"],"picked":"SKIP","floor":41},{"not_picked":["Infernal Blade+1","Pommel Strike"],"picked":"Sword Boomerang","floor":42},{"not_picked":["Thunderclap","Body Slam","Juggernaut+1"],"picked":"SKIP","floor":46},{"not_picked":["Pommel Strike+1","Dropkick","Clash"],"picked":"SKIP","floor":48}],"player_experience":27238,"relics_obtained":[{"floor":7,"key":"Girya"},{"floor":9,"key":"Shuriken"},{"floor":14,"key":"Happy Flower"},{"floor":24,"key":"Frozen Egg 2"},{"floor":26,"key":"Vajra"},{"floor":27,"key":"Blood Vial"},{"floor":31,"key":"Potion Belt"},{"floor":36,"key":"Ice Cream"},{"floor":41,"key":"Boot"},{"floor":43,"key":"Pen Nib"},{"floor":46,"key":"Self Forming Clay"}],"event_choices":[{"cards_removed":["Strike_R"],"damage_healed":0,"gold_gain":0,"player_choice":"Card Removal","damage_taken":0,"max_hp_gain":0,"max_hp_loss":0,"event_name":"The Cleric","floor":2,"gold_loss":50},{"damage_healed":0,"gold_gain":0,"player_choice":"Upgraded","damage_taken":0,"max_hp_gain":0,"max_hp_loss":0,"event_name":"Upgrade Shrine","floor":4,"gold_loss":0,"cards_upgraded":["True Grit"]},{"damage_healed":0,"gold_gain":0,"player_choice":"Ignored","damage_taken":0,"max_hp_gain":0,"max_hp_loss":0,"event_name":"Liars Game","floor":11,"gold_loss":0},{"damage_healed":0,"gold_gain":0,"player_choice":"Searched \u00271\u0027 times","damage_taken":0,"relics_obtained":["Bag of Preparation"],"max_hp_gain":0,"max_hp_loss":0,"event_name":"Dead Adventurer","floor":12,"gold_loss":0},{"damage_healed":0,"gold_gain":0,"player_choice":"Bought 0 Potions","damage_taken":0,"max_hp_gain":0,"max_hp_loss":0,"event_name":"The Woman in Blue","floor":19,"gold_loss":0},{"damage_healed":0,"gold_gain":0,"player_choice":"Became a vampire","damage_taken":0,"max_hp_gain":0,"max_hp_loss":24,"event_name":"Vampires","floor":22,"gold_loss":0,"cards_obtained":["Bite","Bite","Bite","Bite","Bite"]},{"damage_healed":0,"gold_gain":0,"player_choice":"Fight","damage_taken":0,"max_hp_gain":0,"max_hp_loss":0,"event_name":"MindBloom","floor":36,"gold_loss":0},{"cards_removed":["Defend_R"],"damage_healed":0,"gold_gain":0,"player_choice":"Removed Skill","damage_taken":0,"max_hp_gain":0,"max_hp_loss":0,"event_name":"Falling","floor":39,"gold_loss":0},{"damage_healed":14,"gold_gain":0,"player_choice":"Writhe","damage_taken":0,"max_hp_gain":0,"max_hp_loss":0,"event_name":"Winding Halls","floor":45,"gold_loss":0,"cards_obtained":["Writhe"]}],"is_beta":true,"boss_relics":[{"not_picked":["Tiny House","Black Blood"],"picked":"Mark of Pain"},{"not_picked":["Astrolabe","Eternal Feather"],"picked":"Velvet Choker"}],"items_purged_floors":[],"is_endless":false,"potions_floor_spawned":[8,14,16,20,31,33,36,42,48],"ascension_level":1}