{"gold_per_floor":[115,132,150,150,150,150,163,183,183,183],"floor_reached":10,"playtime":278,"items_purged":[],"score":113,"play_id":"774e75a8-6f3a-4df7-a81f-5af307e0ee3c","local_time":"20190909112034","is_ascension_mode":true,"campfire_choices":[{"data":"Corruption","floor":6,"key":"SMITH"}],"neow_cost":"NONE","seed_source_timestamp":209130013914427,"circlet_count":0,"master_deck":["AscendersBane","Strike_R","Strike_R","Strike_R","Strike_R+1","Strike_R","Defend_R","Defend_R","Defend_R","Defend_R","Bash","Corruption+1","Shockwave+1","True Grit+1","Shrug It Off+1"],"special_seed":0,"relics":["Coffee Dripper","Toxic Egg 2","Odd Mushroom","Kunai"],"potions_floor_usage":[8],"damage_taken":[{"damage":1,"enemies":"Cultist","floor":1,"turns":3},{"damage":2,"enemies":"Jaw Worm","floor":2,"turns":3},{"damage":2,"enemies":"2 Louse","floor":3,"turns":4},{"damage":2,"enemies":"2 Fungi Beasts","floor":7,"turns":3},{"damage":3,"enemies":"The Mushroom Lair","floor":8,"turns":4},{"damage":10,"enemies":"3 Sentries","floor":10,"turns":1}],"seed_played":"7173500182816304991","potions_obtained":[{"floor":3,"key":"SkillPotion"}],"is_trial":false,"path_per_floor":["M","M","M","?","?","R","M","?","T","E"],"character_chosen":"IRONCLAD","items_purchased":[],"campfire_rested":0,"item_purchase_floors":[],"current_hp_per_floor":[67,65,63,40,14,14,12,9,9,0],"gold":183,"neow_bonus":"BOSS_RELIC","is_prod":false,"is_daily":false,"chose_seed":false,"campfire_upgraded":1,"win_rate":0,"timestamp":1568046034,"path_taken":["M","?","M","?","?","R","M","?","T","E"],"build_version":"2019-07-17","purchased_purges":0,"victory":false,"max_hp_per_floor":[75,75,75,75,75,75,75,75,75,75],"card_choices":[{"not_picked":["Heavy Blade","Anger","Sword Boomerang"],"picked":"SKIP","floor":1},{"not_picked":["Thunderclap","Twin Strike"],"picked":"Corruption","floor":2},{"not_picked":["Headbutt","Corruption"],"picked":"Shockwave","floor":3},{"not_picked":["Corruption","Shockwave+1"],"picked":"True Grit+1","floor":7},{"not_picked":["Body Slam","Clothesline"],"picked":"Shrug It Off+1","floor":8}],"player_experience":1161441,"relics_obtained":[{"floor":8,"key":"Odd Mushroom"},{"floor":9,"key":"Kunai"}],"event_choices":[{"damage_healed":0,"gold_gain":0,"player_choice":"Entered Light","damage_taken":23,"max_hp_gain":0,"max_hp_loss":0,"event_name":"Shining Light","floor":4,"gold_loss":0,"cards_upgraded":["Shockwave","Strike_R"]},{"damage_healed":0,"gold_gain":0,"player_choice":"Success","damage_taken":26,"relics_obtained":["Toxic Egg 2"],"max_hp_gain":0,"max_hp_loss":0,"event_name":"Scrap Ooze","floor":5,"gold_loss":0},{"damage_healed":0,"gold_gain":0,"player_choice":"Fought Mushrooms","damage_taken":0,"max_hp_gain":0,"max_hp_loss":0,"event_name":"Mushrooms","floor":8,"gold_loss":0}],"is_beta":false,"boss_relics":[],"items_purged_floors":[],"is_endless":false,"potions_floor_spawned":[3],"killed_by":"3 Sentries","ascension_level":19}