{"gold_per_floor":[111,186,199,212,212,212,212,126,149,161,187,198,228,240,240,341,341,351,261,281,281,294,322,332,332],"floor_reached":25,"playtime":2344,"items_purged":[],"score":260,"play_id":"d08ad5f5-3b1c-47fe-9baa-c0971c53dff3","local_time":"20190909224105","is_ascension_mode":false,"campfire_choices":[{"data":"SpiritShield","floor":6.0,"key":"SMITH"},{"data":"MentalFortress","floor":15.0,"key":"SMITH"}],"neow_cost":"NONE","seed_source_timestamp":263775180262317,"circlet_count":0,"master_deck":["Strike_P","Strike_P","Strike_P+1","Strike_P","Defend_P","Defend_P+1","Eruption","Vigilance","Protect+1","EmptyMind+1","EmptyBody","SpiritShield+1","MentalFortress+1","Crescendo","SandsOfTime","Tantrum","FearNoEvil","BattleHymn","LessonLearned+1","ClearTheMind+1","EmptyMind","WindmillStrike","Devotion","Meditate"],"special_seed":0,"relics":["Sozu","Pen Nib","Mango","Ginger","Velvet Choker","White Beast Statue"],"potions_floor_usage":[],"damage_taken":[{"damage":3.0,"enemies":"Small Slimes","floor":1.0,"turns":2.0},{"damage":5.0,"enemies":"2 Louse","floor":3.0,"turns":3.0},{"damage":0.0,"enemies":"Cultist","floor":4.0,"turns":3.0},{"damage":0.0,"enemies":"2 Fungi Beasts","floor":10.0,"turns":3.0},{"damage":0.0,"enemies":"Lagavulin","floor":11.0,"turns":7.0},{"damage":23.0,"enemies":"Gremlin Gang","floor":12.0,"turns":4.0},{"damage":10.0,"enemies":"3 Sentries","floor":13.0,"turns":6.0},{"damage":6.0,"enemies":"Exordium Wildlife","floor":14.0,"turns":4.0},{"damage":1.0,"enemies":"Hexaghost","floor":16.0,"turns":8.0},{"damage":20.0,"enemies":"Spheric Guardian","floor":18.0,"turns":3.0},{"damage":1.0,"enemies":"Chosen","floor":20.0,"turns":4.0},{"damage":6.0,"enemies":"Snake Plant","floor":22.0,"turns":4.0},{"damage":39,"enemies":"Slavers","floor":23,"turns":5},{"damage":0,"enemies":"3 Cultists","floor":24,"turns":4},{"damage":16,"enemies":"Shelled Parasite and Fungi","floor":25,"turns":1}],"seed_played":"2897042249447995687","potions_obtained":[],"is_trial":false,"path_per_floor":["M","?","M","M","?","R","?","$","T","M","E","M","E","M","R","B",null,"M","?","M","?","M","E","M","M"],"character_chosen":"WATCHER","items_purchased":["MentalFortress","Crescendo"],"campfire_rested":0,"item_purchase_floors":[8,8],"current_hp_per_floor":[62,51,46,46,46,46,46,46,46,46,60,37,27,21,21,20,79,59,59,58,58,52,13,13,0],"gold":332,"neow_bonus":"BOSS_RELIC","is_prod":false,"is_daily":false,"chose_seed":false,"campfire_upgraded":2,"win_rate":0.0,"timestamp":1568083265,"path_taken":["M","?","M","M","?","R","?","$","T","M","E","M","E","?","R","BOSS","M","?","?","?","M","E","?","M"],"build_version":"2019-09-09","purchased_purges":0,"victory":false,"max_hp_per_floor":[65,65,65,65,65,65,65,65,65,65,79,79,79,79,79,79,79,79,79,79,79,79,79,79,79],"card_choices":[{"not_picked":["CrushJoints","Fasting"],"picked":"Protect","floor":1.0},{"not_picked":["Evaluate","Protect"],"picked":"EmptyMind","floor":3.0},{"not_picked":["ClearTheMind","Protect"],"picked":"EmptyBody","floor":4.0},{"not_picked":["Swivel","EmptyMind"],"picked":"SandsOfTime","floor":10.0},{"not_picked":["ThirdEye","FlyingSleeves"],"picked":"Tantrum","floor":11.0},{"not_picked":["Collect","EmptyBody"],"picked":"FearNoEvil","floor":12.0},{"not_picked":["Halt","Consecrate"],"picked":"BattleHymn","floor":13.0},{"not_picked":["CrushJoints","Crescendo","FlyingSleeves"],"picked":"SKIP","floor":14.0},{"not_picked":["Ragnarok","BattleHymn"],"picked":"LessonLearned","floor":16.0},{"not_picked":["CarveReality","JustLucky"],"picked":"ClearTheMind+1","floor":18.0},{"not_picked":["Weave+1","Halt"],"picked":"EmptyMind","floor":20.0},{"not_picked":["Tantrum","Establishment"],"picked":"WindmillStrike","floor":22.0},{"not_picked":["Consecrate","Weave"],"picked":"Devotion","floor":23},{"not_picked":["CutThroughFate+1","EmptyBody"],"picked":"Meditate","floor":24}],"player_experience":44073,"relics_obtained":[{"floor":9.0,"key":"Pen Nib"},{"floor":11.0,"key":"Mango"},{"floor":13.0,"key":"Ginger"},{"floor":23,"key":"White Beast Statue"}],"event_choices":[{"damage_healed":0.0,"max_hp_gain":0.0,"max_hp_loss":0.0,"gold_gain":75.0,"event_name":"World of Goop","player_choice":"Gather Gold","floor":2.0,"gold_loss":0.0,"damage_taken":11.0},{"damage_healed":0.0,"max_hp_gain":0.0,"max_hp_loss":0.0,"gold_gain":0.0,"cards_transformed":["Defend_P"],"event_name":"Living Wall","player_choice":"Change","floor":5.0,"gold_loss":0.0,"damage_taken":0.0,"cards_obtained":["SpiritShield"]},{"damage_healed":0.0,"max_hp_gain":0.0,"max_hp_loss":0.0,"gold_gain":0.0,"event_name":"Upgrade Shrine","player_choice":"Upgraded","floor":7.0,"gold_loss":0.0,"damage_taken":0.0,"cards_upgraded":["Protect"]},{"cards_removed":["Defend_P"],"damage_healed":0.0,"max_hp_gain":0.0,"max_hp_loss":0.0,"gold_gain":0.0,"event_name":"Designer","player_choice":"Upgrade and Remove","floor":19.0,"gold_loss":90.0,"damage_taken":0.0,"cards_upgraded":["EmptyMind"]},{"damage_healed":0.0,"max_hp_gain":0.0,"max_hp_loss":0.0,"gold_gain":0.0,"event_name":"The Woman in Blue","player_choice":"Bought 0 Potions","floor":21.0,"gold_loss":0.0,"damage_taken":0.0}],"is_beta":true,"boss_relics":[{"not_picked":["Runic Pyramid","Black Star"],"picked":"Velvet Choker"}],"items_purged_floors":[],"is_endless":false,"potions_floor_spawned":[10,12,13,18,23,24],"killed_by":"Shelled Parasite and Fungi","ascension_level":0}