{"gold_per_floor":[112,112,122,139,64,64,89,89,169,94,94,1,1,17,17,92,92,109,109,109,109,24,24,59,77,77,88,103,103,53,53],"floor_reached":31,"playtime":1481,"items_purged":["Strike_G","Defend_G","Strike_G"],"score":470,"play_id":"37d86b8b-2ef6-4b43-bad1-469a39b21aed","local_time":"20190830002017","is_ascension_mode":true,"campfire_choices":[{"data":"Footwork","floor":6.0,"key":"SMITH"},{"data":"Leg Sweep","floor":8.0,"key":"SMITH"},{"data":"Blade Dance","floor":15.0,"key":"SMITH"},{"data":"RitualDagger","floor":23.0,"key":"SMITH"}],"neow_cost":"NONE","seed_source_timestamp":1173396453892617,"circlet_count":0,"master_deck":["AscendersBane","Strike_G","Strike_G","Defend_G","Defend_G","Defend_G","Survivor","Neutralize","Leg Sweep+1","Footwork+1","Terror","Blur","Blade Dance+1","Corpse Explosion","RitualDagger+1","Blade Dance","Pain","Doppelganger+1","Escape Plan+1"],"special_seed":0,"relics":["Ring of the Snake","NeowsBlessing","Smiling Mask","Ninja Scroll","Incense Burner","Cursed Key","Gambling Chip","Ancient Tea Set","Toxic Egg 2","Darkstone Periapt"],"potions_floor_usage":[],"damage_taken":[{"damage":0.0,"enemies":"2 Louse","floor":1.0,"turns":1.0},{"damage":0.0,"enemies":"Cultist","floor":3.0,"turns":1.0},{"damage":0.0,"enemies":"Jaw Worm","floor":4.0,"turns":1.0},{"damage":0.0,"enemies":"Large Slime","floor":14.0,"turns":7.0},{"damage":2.0,"enemies":"The Guardian","floor":16.0,"turns":17.0},{"damage":11.0,"enemies":"2 Thieves","floor":18.0,"turns":3.0},{"damage":39.0,"enemies":"Slavers","floor":24.0,"turns":8.0},{"damage":0.0,"enemies":"Shell Parasite","floor":25.0,"turns":6.0},{"damage":0,"enemies":"Snake Plant","floor":27,"turns":4},{"damage":5,"enemies":"Sentry and Sphere","floor":28,"turns":8},{"damage":3,"enemies":"Snecko","floor":31,"turns":5}],"seed_played":"-2713575944243260688","potions_obtained":[{"floor":4.0,"key":"Fire Potion"},{"floor":25.0,"key":"Energy Potion"},{"floor":28,"key":"AttackPotion"}],"is_trial":false,"path_per_floor":["M","?","M","M","$","R","T","R","T","?","?","$","$","M","R","B",null,"M","?","?","?","?","R","E","M","T","M","M","?","$","M"],"character_chosen":"THE_SILENT","items_purchased":["Blur"],"campfire_rested":0,"item_purchase_floors":[12],"current_hp_per_floor":[59,59,59,59,59,59,59,59,59,59,59,59,59,59,59,57,64,53,47,47,47,47,47,8,8,8,8,3,3,3,0],"gold":53,"neow_bonus":"THREE_ENEMY_KILL","is_prod":false,"is_daily":false,"chose_seed":false,"campfire_upgraded":4,"win_rate":0,"timestamp":1567142417,"path_taken":["M","?","?","M","$","R","?","R","T","?","?","?","$","M","R","BOSS","M","?","?","?","?","R","E","M","T","M","?","?","?","?"],"build_version":"2019-07-17","purchased_purges":3,"victory":false,"max_hp_per_floor":[66,66,66,66,66,66,66,66,66,66,66,66,66,66,66,66,66,66,66,66,66,66,66,66,66,66,66,66,66,66,66],"card_choices":[{"not_picked":["Dodge and Roll","Caltrops"],"picked":"Leg Sweep","floor":1.0},{"not_picked":["Distraction","Outmaneuver"],"picked":"Footwork","floor":3.0},{"not_picked":["Infinite Blades","Concentrate"],"picked":"Terror","floor":4.0},{"not_picked":["Underhanded Strike","Cloak And Dagger"],"picked":"Blade Dance","floor":14.0},{"not_picked":["Tools of the Trade","Unload"],"picked":"Corpse Explosion","floor":16.0},{"not_picked":["Outmaneuver","Deflect","Terror"],"picked":"SKIP","floor":18.0},{"not_picked":["Deadly Poison","PiercingWail","Poisoned Stab"],"picked":"SKIP","floor":24.0},{"not_picked":["Setup","Deadly Poison+1"],"picked":"Blade Dance","floor":25.0},{"not_picked":["Deflect+1","Riddle With Holes"],"picked":"Doppelganger+1","floor":27},{"not_picked":["Sucker Punch","Dodge and Roll+1"],"picked":"Escape Plan+1","floor":28}],"player_experience":991149,"relics_obtained":[{"floor":7.0,"key":"Smiling Mask"},{"floor":9.0,"key":"Ninja Scroll"},{"floor":24.0,"key":"Ancient Tea Set"},{"floor":26.0,"key":"Toxic Egg 2"}],"event_choices":[{"cards_removed":["Defend_G"],"damage_healed":0.0,"max_hp_gain":0.0,"max_hp_loss":0.0,"gold_gain":0.0,"event_name":"Purifier","player_choice":"Purged","floor":2.0,"gold_loss":0.0,"damage_taken":0.0},{"cards_removed":["Strike_G"],"damage_healed":0.0,"max_hp_gain":0.0,"max_hp_loss":0.0,"gold_gain":0.0,"event_name":"The Cleric","player_choice":"Card Removal","floor":10.0,"gold_loss":75.0,"damage_taken":0.0},{"damage_healed":0.0,"max_hp_gain":0.0,"max_hp_loss":0.0,"gold_gain":0.0,"event_name":"Dead Adventurer","player_choice":"Searched \u00271\u0027 times","floor":11.0,"gold_loss":0.0,"damage_taken":0.0,"relics_obtained":["Incense Burner"]},{"damage_healed":0.0,"max_hp_gain":0.0,"max_hp_loss":0.0,"gold_gain":0.0,"event_name":"Nest","player_choice":"Joined the Cult","floor":19.0,"gold_loss":0.0,"damage_taken":6.0,"cards_obtained":["RitualDagger"]},{"damage_healed":0.0,"max_hp_gain":0.0,"max_hp_loss":0.0,"gold_gain":0.0,"event_name":"Ghosts","player_choice":"Ignored","floor":20.0,"gold_loss":0.0,"damage_taken":0.0},{"damage_healed":0.0,"max_hp_gain":0.0,"max_hp_loss":0.0,"gold_gain":0.0,"event_name":"Cursed Tome","player_choice":"Ignored","floor":21.0,"gold_loss":0.0,"damage_taken":0.0},{"damage_healed":0.0,"max_hp_gain":0.0,"max_hp_loss":0.0,"gold_gain":0.0,"event_name":"Addict","player_choice":"Obtained Relic","floor":22.0,"gold_loss":85.0,"damage_taken":0.0,"relics_obtained":["Gambling Chip"]},{"damage_healed":0,"gold_gain":0,"player_choice":"Gave Potion","damage_taken":0,"relics_obtained":["Darkstone Periapt"],"max_hp_gain":0,"max_hp_loss":0,"event_name":"WeMeetAgain","floor":29,"gold_loss":0}],"is_beta":false,"boss_relics":[{"not_picked":["Fusion Hammer","Astrolabe"],"picked":"Cursed Key"}],"items_purged_floors":[5,12,30],"is_endless":false,"potions_floor_spawned":[4,25,28],"killed_by":"Snecko","ascension_level":19}