{"gold_per_floor":[113,38,55,73,93,120,132,132,184,201,218,218,235,247,247,318,318,318,258,158,158,0,0,0,0,0,0,0,0,0,0,0,0,0,0,0,0,0,0,0,0,0,0,0,0,0,0,0,0,0],"floor_reached":51,"playtime":5808,"items_purged":["Strike_B","Strike_B"],"score":1223,"play_id":"2870595c-7c5e-43f4-a794-b84aabcc0d20","local_time":"20190901195705","is_ascension_mode":true,"campfire_choices":[{"data":"Sunder","floor":8.0,"key":"SMITH"},{"data":"Sunder","floor":12.0,"key":"SMITH"},{"floor":15.0,"key":"REST"},{"data":"Hyperbeam","floor":23.0,"key":"SMITH"},{"data":"Go for the Eyes","floor":25.0,"key":"SMITH"},{"data":"Streamline","floor":28.0,"key":"SMITH"},{"floor":32.0,"key":"REST"},{"data":"Meteor Strike","floor":40.0,"key":"SMITH"},{"floor":49.0,"key":"REST"}],"neow_cost":"NONE","seed_source_timestamp":1283379165286422,"circlet_count":0,"master_deck":["AscendersBane","Strike_B","Strike_B","Defend_B","Defend_B","Defend_B","Defend_B","Zap","Dualcast","Sunder+1","Sunder+1","Streamline+1","Leap+1","Go for the Eyes+1","Genetic Algorithm+1","White Noise+1","Machine Learning","Skim+1","Hyperbeam+1","Hologram+1","Meteor Strike+1","Leap+1"],"special_seed":0,"relics":["Snecko Eye","Toxic Egg 2","Potion Belt","Ectoplasm","Mercury Hourglass","Shuriken","Turnip","Blood Vial","Dream Catcher"],"potions_floor_usage":[50,50,50],"damage_taken":[{"damage":11.0,"enemies":"Cultist","floor":1.0,"turns":5.0},{"damage":0.0,"enemies":"2 Louse","floor":3.0,"turns":2.0},{"damage":0.0,"enemies":"Jaw Worm","floor":4.0,"turns":2.0},{"damage":0.0,"enemies":"2 Fungi Beasts","floor":5.0,"turns":2.0},{"damage":6.0,"enemies":"Gremlin Nob","floor":6.0,"turns":3.0},{"damage":7.0,"enemies":"3 Louse","floor":7.0,"turns":2.0},{"damage":8.0,"enemies":"Large Slime","floor":10.0,"turns":3.0},{"damage":0.0,"enemies":"Lots of Slimes","floor":11.0,"turns":2.0},{"damage":0.0,"enemies":"Blue Slaver","floor":13.0,"turns":2.0},{"damage":6.0,"enemies":"3 Louse","floor":14.0,"turns":2.0},{"damage":28.0,"enemies":"The Guardian","floor":16.0,"turns":9.0},{"damage":1.0,"enemies":"Spheric Guardian","floor":18.0,"turns":3.0},{"damage":8.0,"enemies":"2 Thieves","floor":19.0,"turns":4.0},{"damage":2.0,"enemies":"Snake Plant","floor":21.0,"turns":2.0},{"damage":30.0,"enemies":"Gremlin Leader","floor":24.0,"turns":4.0},{"damage":1.0,"enemies":"Centurion and Healer","floor":27.0,"turns":4.0},{"damage":0.0,"enemies":"3 Cultists","floor":29.0,"turns":2.0},{"damage":13.0,"enemies":"Chosen and Byrds","floor":30.0,"turns":4.0},{"damage":6.0,"enemies":"Snake Plant","floor":31.0,"turns":3.0},{"damage":6.0,"enemies":"Automaton","floor":33.0,"turns":6.0},{"damage":3.0,"enemies":"3 Shapes","floor":35.0,"turns":4.0},{"damage":0.0,"enemies":"Orb Walker","floor":36.0,"turns":3.0},{"damage":0.0,"enemies":"Writhing Mass","floor":37.0,"turns":2.0},{"damage":0.0,"enemies":"Sphere and 2 Shapes","floor":38.0,"turns":2.0},{"damage":0.0,"enemies":"2 Orb Walkers","floor":41.0,"turns":3.0},{"damage":13.0,"enemies":"Spire Growth","floor":44.0,"turns":4.0},{"damage":13.0,"enemies":"Nemesis","floor":46.0,"turns":5.0},{"damage":0.0,"enemies":"4 Shapes","floor":47.0,"turns":1.0},{"damage":0.0,"enemies":"Maw","floor":48.0,"turns":4.0},{"damage":22,"enemies":"Time Eater","floor":50,"turns":6}],"seed_played":"3304392162716213873","potions_obtained":[{"floor":1.0,"key":"EssenceOfSteel"},{"floor":3.0,"key":"Block Potion"},{"floor":7.0,"key":"Explosive Potion"},{"floor":11.0,"key":"FearPotion"},{"floor":14.0,"key":"Explosive Potion"},{"floor":16.0,"key":"Explosive Potion"},{"floor":18.0,"key":"FearPotion"},{"floor":19.0,"key":"FocusPotion"},{"floor":30.0,"key":"Energy Potion"},{"floor":35.0,"key":"GamblersBrew"},{"floor":36.0,"key":"FearPotion"},{"floor":41.0,"key":"SkillPotion"},{"floor":47.0,"key":"Poison Potion"},{"floor":48.0,"key":"Swift Potion"}],"is_trial":false,"path_per_floor":["M","$","M","M","M","E","M","R","T","M","M","R","M","M","R","B",null,"M","M","$","M","$","R","E","R","T","M","R","M","M","M","R","B",null,"M","M","M","M","?","R","?","?","T","M","?","E","M","M","R","B",null],"character_chosen":"DEFECT","items_purchased":["Hyperbeam"],"campfire_rested":3,"item_purchase_floors":[22],"current_hp_per_floor":[53,53,53,53,53,47,40,40,40,32,32,32,32,26,47,19,58,57,56,56,61,61,61,31,31,31,37,37,37,31,25,46,47,65,69,69,71,71,71,71,71,71,71,58,58,47,49,51,67,45],"gold":0,"neow_bonus":"BOSS_RELIC","is_prod":false,"is_daily":false,"chose_seed":false,"campfire_upgraded":6,"win_rate":0,"timestamp":1567385825,"path_taken":["M","$","M","M","M","E","M","R","T","M","M","R","M","M","R","BOSS","M","M","$","M","$","R","E","R","T","M","R","M","?","M","R","BOSS","M","?","M","?","?","R","?","?","T","M","?","E","M","M","R","BOSS"],"build_version":"2019-07-17","purchased_purges":2,"victory":true,"max_hp_per_floor":[71,71,71,71,71,71,71,71,71,71,71,71,71,71,71,71,71,71,71,71,71,71,71,71,71,71,71,71,71,71,71,71,71,71,71,71,71,71,71,71,71,71,71,71,67,67,67,67,67,67],"card_choices":[{"not_picked":["Rip and Tear","Conserve Battery"],"picked":"Sunder","floor":1.0},{"not_picked":["Hologram","Storm","Capacitor"],"picked":"SKIP","floor":3.0},{"not_picked":["Chaos","Conserve Battery"],"picked":"Sunder","floor":4.0},{"not_picked":["Stack","Blizzard","Storm"],"picked":"SKIP","floor":5.0},{"not_picked":["BootSequence","Steam Power","Storm"],"picked":"SKIP","floor":6.0},{"not_picked":["Storm","Rebound"],"picked":"Streamline","floor":7.0},{"not_picked":["Cold Snap","White Noise+1"],"picked":"Leap+1","floor":10.0},{"not_picked":["Steam+1","Blizzard"],"picked":"Go for the Eyes","floor":11.0},{"not_picked":["Hologram+1","Self Repair"],"picked":"Genetic Algorithm+1","floor":13.0},{"not_picked":["Lockon","Barrage"],"picked":"White Noise+1","floor":14.0},{"not_picked":["Reboot+1","Amplify+1"],"picked":"Machine Learning","floor":16.0},{"not_picked":["Redo+1","Coolheaded+1"],"picked":"Self Repair","floor":18.0},{"not_picked":["Darkness+1","BootSequence+1"],"picked":"Skim+1","floor":19.0},{"not_picked":["Coolheaded+1","Stack+1","Sweeping Beam"],"picked":"SKIP","floor":21.0},{"not_picked":["Steam Power+1","Sweeping Beam","FTL"],"picked":"SKIP","floor":24.0},{"not_picked":["Reprogram+1","Leap+1"],"picked":"Hologram+1","floor":27.0},{"not_picked":["Rip and Tear","Reprogram+1","Cold Snap"],"picked":"SKIP","floor":29.0},{"not_picked":["Rip and Tear","Reprogram+1","Cold Snap"],"picked":"SKIP","floor":29.0},{"not_picked":["Cold Snap","Barrage+1","Redo+1"],"picked":"SKIP","floor":30.0},{"not_picked":["Compile Driver","Beam Cell","Barrage"],"picked":"SKIP","floor":31.0},{"not_picked":["Buffer","Amplify+1"],"picked":"Meteor Strike","floor":33.0},{"not_picked":["Coolheaded+1","Hello World","Rip and Tear"],"picked":"SKIP","floor":35.0},{"not_picked":["Stack+1","Redo+1"],"picked":"Leap+1","floor":36.0},{"not_picked":["Recycle+1","Barrage","Storm"],"picked":"SKIP","floor":37.0},{"not_picked":["Chaos+1","White Noise+1","Capacitor"],"picked":"SKIP","floor":38.0},{"not_picked":["Redo+1","Ball Lightning","Chill+1"],"picked":"SKIP","floor":44.0},{"not_picked":["Gash","Biased Cognition","Darkness+1"],"picked":"SKIP","floor":46.0},{"not_picked":["Gash+1","Capacitor","Turbo+1"],"picked":"SKIP","floor":47.0},{"not_picked":["Lockon+1","Cold Snap+1","Rebound"],"picked":"SKIP","floor":48.0}],"player_experience":1037523,"relics_obtained":[{"floor":6.0,"key":"Toxic Egg 2"},{"floor":9.0,"key":"Potion Belt"},{"floor":24.0,"key":"Mercury Hourglass"},{"floor":26.0,"key":"Shuriken"},{"floor":41.0,"key":"Turnip"},{"floor":43.0,"key":"Blood Vial"},{"floor":46.0,"key":"Dream Catcher"}],"event_choices":[{"cards_removed":["Self Repair"],"damage_healed":0.0,"max_hp_gain":0.0,"max_hp_loss":0.0,"gold_gain":0.0,"event_name":"Falling","player_choice":"Removed Power","floor":39.0,"gold_loss":0.0,"damage_taken":0.0},{"damage_healed":0.0,"max_hp_gain":0.0,"max_hp_loss":0.0,"gold_gain":0.0,"event_name":"Mysterious Sphere","player_choice":"Fight","floor":41.0,"gold_loss":0.0,"damage_taken":0.0},{"damage_healed":0.0,"max_hp_gain":0.0,"max_hp_loss":0.0,"gold_gain":0.0,"event_name":"SensoryStone","player_choice":"Memory 1","floor":42.0,"gold_loss":0.0,"damage_taken":0.0},{"damage_healed":0.0,"max_hp_gain":0.0,"max_hp_loss":4.0,"gold_gain":0.0,"event_name":"Winding Halls","player_choice":"Max HP","floor":45.0,"gold_loss":0.0,"damage_taken":0.0}],"is_beta":false,"boss_relics":[{"not_picked":["Empty Cage","White Beast Statue"],"picked":"Ectoplasm"},{"not_picked":["Astrolabe","Calling Bell","Pandora\u0027s Box"]}],"items_purged_floors":[2,20],"is_endless":false,"potions_floor_spawned":[1,3,7,11,14,16,18,19,30,35,36,41,47,48],"ascension_level":17}