{"gold_per_floor":[118,193,193,193,193,193,204,204,257,304,323,336,361,372,372,372],"floor_reached":16,"playtime":915,"items_purged":[],"score":175,"play_id":"7469c00a-028f-49e5-b0e3-fe70a2d57ec7","local_time":"20190831220101","is_ascension_mode":true,"campfire_choices":[{"data":"Electrodynamics","floor":6.0,"key":"SMITH"},{"data":"White Noise","floor":8.0,"key":"SMITH"},{"floor":15.0,"key":"REST"}],"neow_cost":"NONE","seed_source_timestamp":1254801590794513,"circlet_count":0,"master_deck":["AscendersBane","Strike_B","Strike_B","Strike_B","Defend_B","Defend_B","Defend_B","Defend_B","Zap","Dualcast","White Noise+1","Electrodynamics+1","Loop","Coolheaded","Cold Snap","Hologram"],"special_seed":0,"relics":["Black Star","Singing Bowl","Tiny Chest","Potion Belt","Bronze Scales","Ice Cream"],"potions_floor_usage":[16],"damage_taken":[{"damage":8.0,"enemies":"Jaw Worm","floor":1.0,"turns":4.0},{"damage":7.0,"enemies":"Small Slimes","floor":7.0,"turns":3.0},{"damage":2.0,"enemies":"2 Louse","floor":11.0,"turns":3.0},{"damage":14.0,"enemies":"Large Slime","floor":12.0,"turns":4.0},{"damage":18.0,"enemies":"Lagavulin","floor":13.0,"turns":7.0},{"damage":0.0,"enemies":"Lots of Slimes","floor":14.0,"turns":1.0},{"damage":51,"enemies":"Hexaghost","floor":16,"turns":14}],"seed_played":"8467079911478562740","potions_obtained":[{"floor":1.0,"key":"AttackPotion"},{"floor":7.0,"key":"AttackPotion"},{"floor":14.0,"key":"SpeedPotion"}],"is_trial":false,"path_per_floor":["M","?","?","T","?","R","M","R","T","T","M","M","E","M","R","B"],"character_chosen":"DEFECT","items_purchased":[],"campfire_rested":1,"item_purchase_floors":[],"current_hp_per_floor":[56,45,68,68,68,68,63,63,63,63,61,47,29,29,50,0],"gold":372,"neow_bonus":"BOSS_RELIC","is_prod":false,"is_daily":false,"chose_seed":false,"campfire_upgraded":2,"win_rate":0,"timestamp":1567306861,"path_taken":["M","?","?","?","?","R","M","R","T","?","?","M","E","M","R","BOSS"],"build_version":"2019-07-17","purchased_purges":0,"victory":false,"max_hp_per_floor":[71,71,71,71,71,71,73,73,73,73,73,73,73,73,73,73],"card_choices":[{"not_picked":["Turbo","Tempest"],"picked":"White Noise","floor":1.0},{"not_picked":["Fusion","Cold Snap","Skim"],"picked":"Singing Bowl","floor":7.0},{"not_picked":["Rebound","Cold Snap"],"picked":"Loop","floor":11.0},{"not_picked":["Force Field","Streamline"],"picked":"Coolheaded","floor":12.0},{"not_picked":["Force Field","Recycle"],"picked":"Cold Snap","floor":13.0},{"not_picked":["Gash","Go for the Eyes"],"picked":"Hologram","floor":14.0}],"player_experience":1025309,"relics_obtained":[{"floor":4.0,"key":"Singing Bowl"},{"floor":9.0,"key":"Tiny Chest"},{"floor":10.0,"key":"Potion Belt"},{"floor":13.0,"key":"Bronze Scales"},{"floor":13.0,"key":"Ice Cream"}],"event_choices":[{"damage_healed":0.0,"max_hp_gain":0.0,"max_hp_loss":0.0,"gold_gain":75.0,"event_name":"World of Goop","player_choice":"Gather Gold","floor":2.0,"gold_loss":0.0,"damage_taken":11.0},{"damage_healed":23.0,"max_hp_gain":0.0,"max_hp_loss":0.0,"gold_gain":0.0,"event_name":"Big Fish","player_choice":"Banana","floor":3.0,"gold_loss":0.0,"damage_taken":0.0},{"damage_healed":0.0,"max_hp_gain":0.0,"max_hp_loss":0.0,"gold_gain":0.0,"cards_transformed":["Strike_B"],"event_name":"Living Wall","player_choice":"Change","floor":5.0,"gold_loss":0.0,"damage_taken":0.0,"cards_obtained":["Electrodynamics"]}],"is_beta":false,"boss_relics":[],"items_purged_floors":[],"is_endless":false,"potions_floor_spawned":[1,7,14],"killed_by":"Hexaghost","ascension_level":15}