{"gold_per_floor":[115,190,190,101,101,101,129,149,228,239,239,272,290,305,305,406,406,424,424,439,449,235,235,248,274,274,291,291,182,182,195,195,195],"floor_reached":33,"playtime":5562,"items_purged":[],"score":327,"play_id":"8630b83f-3c42-4eec-9846-b59c54f8fc65","local_time":"20190910182220","is_ascension_mode":false,"campfire_choices":[{"floor":11,"key":"REST"},{"data":"Stack","floor":15,"key":"SMITH"},{"floor":23,"key":"REST"},{"floor":30,"key":"REST"},{"floor":32,"key":"REST"}],"neow_cost":"NONE","seed_source_timestamp":11920496642416,"circlet_count":0,"master_deck":["Strike_B","Strike_B","Strike_B","Strike_B","Defend_B","Defend_B","Defend_B","Defend_B","Zap","Dualcast","Hello World+1","Go for the Eyes","Hello World","FTL","Undo","Stack+1","Coolheaded","Gash","Gash","Biased Cognition","Go for the Eyes+1","Zap","Loop","Cold Snap","Gash","Conserve Battery","Loop","Auto Shields","Go for the Eyes+1","Glacier","Gash","Decay","Leap","Loop","Hologram"],"relics":["Cracked Core","Cables","Darkstone Periapt","Letter Opener","Runic Pyramid","Bag of Preparation","Mercury Hourglass"],"potions_floor_usage":[16,16],"damage_taken":[{"damage":2,"enemies":"Small Slimes","floor":1,"turns":4},{"damage":21,"enemies":"Gremlin Nob","floor":7,"turns":5},{"damage":4,"enemies":"2 Louse","floor":8,"turns":2},{"damage":0,"enemies":"Jaw Worm","floor":10,"turns":3},{"damage":16,"enemies":"3 Sentries","floor":12,"turns":6},{"damage":0,"enemies":"Large Slime","floor":13,"turns":5},{"damage":11,"enemies":"Lots of Slimes","floor":14,"turns":4},{"damage":5,"enemies":"The Guardian","floor":16,"turns":13},{"damage":0,"enemies":"Chosen","floor":18,"turns":4},{"damage":2,"enemies":"Shell Parasite","floor":20,"turns":6},{"damage":23,"enemies":"Shelled Parasite and Fungi","floor":21,"turns":6},{"damage":10,"enemies":"Chosen and Byrds","floor":24,"turns":6},{"damage":61,"enemies":"Gremlin Leader","floor":25,"turns":11},{"damage":2,"enemies":"Centurion and Healer","floor":27,"turns":10},{"damage":0,"enemies":"Cultist and Chosen","floor":31,"turns":6},{"damage":71,"enemies":"Collector","floor":33,"turns":18}],"seed_played":"-3370288183083299441","potions_obtained":[{"floor":1,"key":"FocusPotion"},{"floor":7,"key":"Weak Potion"},{"floor":13,"key":"SpeedPotion"},{"floor":16,"key":"AttackPotion"},{"floor":18,"key":"Fire Potion"},{"floor":31,"key":"FocusPotion"}],"is_trial":false,"path_per_floor":["M","?","?","$","?","?","E","M","T","M","R","E","M","M","R","B",null,"M","?","M","M","$","R","M","E","T","M","?","$","R","M","R","B"],"character_chosen":"DEFECT","items_purchased":["Go for the Eyes","Hello World","Gash","Conserve Battery","Loop","Auto Shields","Leap","Loop"],"campfire_rested":4,"item_purchase_floors":[4,4,22,22,22,22,29,29],"current_hp_per_floor":[80,69,69,69,82,82,61,57,57,57,81,65,65,54,54,49,82,82,82,80,57,57,81,71,10,10,8,14,14,40,40,66,0],"gold":195,"neow_bonus":"TEN_PERCENT_HP_BONUS","is_prod":false,"is_daily":false,"chose_seed":false,"campfire_upgraded":1,"win_rate":0,"timestamp":1568150540,"path_taken":["M","?","?","$","?","?","E","?","T","M","R","E","M","M","R","BOSS","M","?","M","M","$","R","M","E","T","?","?","$","R","M","R","BOSS"],"build_version":"2019-07-17","purchased_purges":0,"victory":false,"max_hp_per_floor":[82,82,82,82,82,82,82,82,82,82,82,82,82,82,82,82,82,82,82,82,82,82,82,82,82,82,82,88,88,88,88,88,88],"card_choices":[{"not_picked":["Rebound","Aggregate"],"picked":"Hello World","floor":1},{"not_picked":["Steam","Leap"],"picked":"FTL","floor":7},{"not_picked":["Hello World","Electrodynamics"],"picked":"Undo","floor":8},{"not_picked":["Blizzard","Ball Lightning"],"picked":"Stack","floor":10},{"not_picked":["Beam Cell","Machine Learning"],"picked":"Coolheaded","floor":12},{"not_picked":["Compile Driver","Tempest"],"picked":"Gash","floor":13},{"not_picked":["Chaos","Ball Lightning"],"picked":"Gash","floor":14},{"not_picked":["Seek","Machine Learning"],"picked":"Biased Cognition","floor":16},{"not_picked":["Chaos+1","Ball Lightning+1"],"picked":"Go for the Eyes+1","floor":18},{"not_picked":["Sweeping Beam","Barrage"],"picked":"Loop","floor":20},{"not_picked":["Rebound","Hyperbeam"],"picked":"Cold Snap","floor":21},{"not_picked":["Barrage","Chaos"],"picked":"Go for the Eyes+1","floor":24},{"not_picked":["Recycle","Sweeping Beam"],"picked":"Glacier","floor":25},{"not_picked":["Cold Snap","Rip and Tear"],"picked":"Gash","floor":27},{"not_picked":["Darkness","Skim"],"picked":"Hologram","floor":31}],"player_experience":91868,"relics_obtained":[{"floor":7,"key":"Cables"},{"floor":9,"key":"Darkstone Periapt"},{"floor":12,"key":"Letter Opener"},{"floor":25,"key":"Bag of Preparation"},{"floor":26,"key":"Mercury Hourglass"}],"event_choices":[{"damage_healed":0,"gold_gain":75,"player_choice":"Gather Gold","damage_taken":11,"max_hp_gain":0,"max_hp_loss":0,"event_name":"World of Goop","floor":2,"gold_loss":0},{"damage_healed":0,"gold_gain":0,"player_choice":"Grow","damage_taken":0,"max_hp_gain":0,"max_hp_loss":0,"event_name":"Living Wall","floor":3,"gold_loss":0,"cards_upgraded":["Hello World"]},{"damage_healed":27,"gold_gain":0,"player_choice":"Banana","damage_taken":0,"max_hp_gain":0,"max_hp_loss":0,"event_name":"Big Fish","floor":5,"gold_loss":0},{"damage_healed":0,"gold_gain":0,"player_choice":"Ignored","damage_taken":0,"max_hp_gain":0,"max_hp_loss":0,"event_name":"Golden Wing","floor":6,"gold_loss":0},{"damage_healed":0,"gold_gain":0,"player_choice":"1 cards matched","damage_taken":0,"max_hp_gain":0,"max_hp_loss":0,"event_name":"Match and Keep!","floor":19,"gold_loss":0,"cards_obtained":["Zap"]},{"damage_healed":0,"gold_gain":0,"player_choice":"Smashed Altar","damage_taken":0,"max_hp_gain":0,"max_hp_loss":0,"event_name":"Forgotten Altar","floor":28,"gold_loss":0,"cards_obtained":["Decay"]}],"is_beta":false,"boss_relics":[{"not_picked":["Astrolabe","Black Star"],"picked":"Runic Pyramid"}],"items_purged_floors":[],"is_endless":false,"potions_floor_spawned":[1,7,13,16,18,20,24,31],"killed_by":"Collector","ascension_level":0}