{"gold_per_floor":[156,156,156,156,211,230,275,300,300,334,334,369,20,20,20,20],"floor_reached":16,"playtime":949,"items_purged":[],"score":102,"play_id":"312f3f18-3c85-47a9-94ef-33c1788dff49","local_time":"20190908011119","is_ascension_mode":false,"campfire_choices":[{"data":"Doubleshoot","floor":11,"key":"SMITH"},{"data":"Pandora","floor":15,"key":"SMITH"}],"neow_cost":"NONE","seed_source_timestamp":101572388042842,"circlet_count":0,"master_deck":["Attack_a","Attack_a","Attack_b","Shoot","Shoot","Provocation","Defend_Dante+1","Defend_Dante","Defend_Dante+1","Defend_Dante","Redorb","CoyoteA","Doubleshoot+1","EbonyIvory","Doubleshoot","Rebellion","Shock","Pandora+1"],"relics":["SSS","Combocheck","NeowsBlessing","Golden Idol","War Paint","Juzu Bracelet","MealTicket","Happy Flower"],"potions_floor_usage":[10,16,16,16],"damage_taken":[{"damage":0,"enemies":"2 Louse","floor":1,"turns":1},{"damage":0,"enemies":"Jaw Worm","floor":5,"turns":1},{"damage":0,"enemies":"Cultist","floor":6,"turns":1},{"damage":21,"enemies":"Blue Slaver","floor":7,"turns":4},{"damage":12,"enemies":"2 Fungi Beasts","floor":8,"turns":3},{"damage":0,"enemies":"Looter","floor":10,"turns":4},{"damage":17,"enemies":"Gremlin Nob","floor":12,"turns":4},{"damage":41,"enemies":"The Guardian","floor":16,"turns":8}],"seed_played":"4529161670208801297","potions_obtained":[{"floor":5,"key":"Strength Potion"},{"floor":6,"key":"Regen Potion"},{"floor":7,"key":"Poison Potion"},{"floor":12,"key":"Block Potion"}],"is_trial":false,"path_per_floor":["M","?","?","$","M","M","M","M","T","M","R","E","$","$","R","B"],"character_chosen":"DANTE","items_purchased":["MealTicket","Happy Flower"],"campfire_rested":0,"item_purchase_floors":[13,13],"current_hp_per_floor":[80,85,64,64,64,64,43,31,31,43,43,26,26,41,41,0],"gold":20,"neow_bonus":"THREE_ENEMY_KILL","is_prod":false,"is_daily":false,"chose_seed":false,"campfire_upgraded":2,"win_rate":0.0,"timestamp":1567919479,"path_taken":["M","?","?","$","M","M","M","?","T","M","R","E","?","$","R","BOSS"],"build_version":"2019-07-17","purchased_purges":0,"victory":false,"max_hp_per_floor":[80,85,85,85,85,85,85,85,85,85,85,85,85,85,85,85],"card_choices":[{"not_picked":["LucifercomboC","Lucifer"],"picked":"CoyoteA","floor":1},{"not_picked":["Chargeshoot","Whiteorb"],"picked":"Doubleshoot","floor":5},{"not_picked":["DevilstarS","Weaponupgrade"],"picked":"EbonyIvory","floor":6},{"not_picked":["Chargeshoot","Straight"],"picked":"Doubleshoot","floor":7},{"not_picked":["Weaponupgrade","Honeycombofire"],"picked":"Rebellion","floor":8},{"not_picked":["Swordmaster","Holywater"],"picked":"Shock","floor":10},{"not_picked":["DT","Darkslayer"],"picked":"Pandora","floor":12}],"player_experience":35932,"relics_obtained":[{"floor":9,"key":"War Paint"},{"floor":12,"key":"Juzu Bracelet"}],"event_choices":[{"damage_healed":0,"gold_gain":0,"player_choice":"Donut","damage_taken":0,"max_hp_gain":5,"max_hp_loss":0,"event_name":"Big Fish","floor":2,"gold_loss":0},{"damage_healed":0,"gold_gain":0,"player_choice":"Take Damage","damage_taken":21,"relics_obtained":["Golden Idol"],"max_hp_gain":0,"max_hp_loss":0,"event_name":"Golden Idol","floor":3,"gold_loss":0}],"is_beta":false,"boss_relics":[],"items_purged_floors":[],"is_endless":false,"potions_floor_spawned":[5,6,7,12],"killed_by":"The Guardian","ascension_level":0}