{"gold_per_floor":[14,32,42,42,58,88,88,88,88,88,101,114,39,72,72,144,144,160,160,180,192,12,46,24,24,24,37,66,80,80,80,80,156,156,169,181,181,193,205,205,221,249,331,331,363,383,383,98,98,98],"floor_reached":51,"playtime":4236,"items_purged":["Strike_B","Strike_B"],"score":1170,"play_id":"77966f1d-ae6a-40d7-818d-c3ed630b48d5","local_time":"20190822094526","is_ascension_mode":true,"campfire_choices":[{"data":"Defragment","floor":7.0,"key":"SMITH"},{"floor":10.0,"key":"REST"},{"data":"Electrodynamics","floor":15.0,"key":"SMITH"},{"floor":25.0,"key":"REST"},{"floor":30.0,"key":"REST"},{"floor":32.0,"key":"REST"},{"floor":40.0,"key":"REST"},{"floor":44.0,"key":"REST"},{"floor":49.0,"key":"REST"}],"neow_cost":"NO_GOLD","seed_source_timestamp":787339402519889,"circlet_count":0,"master_deck":["AscendersBane","Strike_B","Defend_B","Defend_B","Defend_B","Zap","Dualcast+1","Machine Learning","Defragment+1","Glacier","Redo+1","Ball Lightning","Electrodynamics+1","All For One","Hologram","Defragment","Go for the Eyes","Gash","Coolheaded+1","Defragment","Leap+1","Biased Cognition","Self Repair+1","Ball Lightning+1","Coolheaded+1","Rebound+1","Gash","Apotheosis"],"special_seed":0,"relics":["FrozenCore","Matryoshka","Ginger","Regal Pillow","Emotion Chip","Fusion Hammer","Bird Faced Urn","Darkstone Periapt","Bronze Scales","Happy Flower","Vajra","Singing Bowl","Juzu Bracelet","Du-Vu Doll"],"potions_floor_usage":[50],"damage_taken":[{"damage":6.0,"enemies":"Jaw Worm","floor":1.0,"turns":4.0},{"damage":0.0,"enemies":"Small Slimes","floor":2.0,"turns":3.0},{"damage":0.0,"enemies":"2 Louse","floor":3.0,"turns":2.0},{"damage":10.0,"enemies":"Lots of Slimes","floor":5.0,"turns":7.0},{"damage":13.0,"enemies":"Lagavulin","floor":6.0,"turns":9.0},{"damage":0.0,"enemies":"Red Slaver","floor":11.0,"turns":4.0},{"damage":5.0,"enemies":"Blue Slaver","floor":12.0,"turns":3.0},{"damage":10.0,"enemies":"Gremlin Nob","floor":14.0,"turns":4.0},{"damage":21.0,"enemies":"Hexaghost","floor":16.0,"turns":9.0},{"damage":11.0,"enemies":"Spheric Guardian","floor":18.0,"turns":3.0},{"damage":13.0,"enemies":"3 Byrds","floor":20.0,"turns":3.0},{"damage":7.0,"enemies":"3 Cultists","floor":21.0,"turns":3.0},{"damage":31.0,"enemies":"Slavers","floor":23.0,"turns":4.0},{"damage":2.0,"enemies":"Snecko","floor":27.0,"turns":5.0},{"damage":30.0,"enemies":"Book of Stabbing","floor":28.0,"turns":4.0},{"damage":24.0,"enemies":"Shelled Parasite and Fungi","floor":29.0,"turns":4.0},{"damage":36.0,"enemies":"Champ","floor":33.0,"turns":12.0},{"damage":12.0,"enemies":"Orb Walker","floor":35.0,"turns":3.0},{"damage":5.0,"enemies":"3 Darklings","floor":36.0,"turns":4.0},{"damage":3.0,"enemies":"Spire Growth","floor":38.0,"turns":4.0},{"damage":27.0,"enemies":"Transient","floor":39.0,"turns":5.0},{"damage":2.0,"enemies":"Jaw Worm Horde","floor":41.0,"turns":4.0},{"damage":29.0,"enemies":"Reptomancer","floor":42.0,"turns":4.0},{"damage":53.0,"enemies":"Nemesis","floor":45.0,"turns":7.0},{"damage":25.0,"enemies":"Sphere and 2 Shapes","floor":46.0,"turns":5.0},{"damage":74,"enemies":"Time Eater","floor":50,"turns":10}],"seed_played":"-1541005824162016932","potions_obtained":[{"floor":5.0,"key":"Dexterity Potion"},{"floor":14.0,"key":"Block Potion"},{"floor":16.0,"key":"Strength Potion"},{"floor":18.0,"key":"Explosive Potion"},{"floor":21.0,"key":"Ancient Potion"},{"floor":35.0,"key":"Explosive Potion"},{"floor":38.0,"key":"SteroidPotion"},{"floor":41.0,"key":"SpeedPotion"},{"floor":42.0,"key":"Weak Potion"}],"is_trial":false,"path_per_floor":["M","M","M","?","M","E","R","?","T","R","M","M","$","E","R","B",null,"M","?","M","M","$","E","$","R","T","M","E","M","R","?","R","B",null,"M","M","?","M","M","R","M","E","T","R","E","M","?","$","R","B",null],"character_chosen":"DEFECT","items_purchased":["Defragment","Gash","Du-Vu Doll"],"campfire_rested":7,"item_purchase_floors":[22,24,48],"current_hp_per_floor":[62,62,62,55,45,32,32,32,32,69,69,64,64,54,54,33,65,54,54,41,34,34,3,3,40,40,44,20,2,39,39,75,47,68,60,73,73,75,68,75,75,52,52,75,42,39,39,39,77,11],"gold":98,"neow_bonus":"THREE_RARE_CARDS","is_prod":false,"is_daily":false,"chose_seed":false,"campfire_upgraded":2,"win_rate":0,"timestamp":1566485126,"path_taken":["M","M","M","?","M","E","R","?","T","R","M","M","?","E","R","BOSS","M","?","M","?","$","E","?","R","T","M","E","M","R","?","R","BOSS","M","?","?","M","?","R","M","E","T","R","E","M","?","$","R","BOSS"],"build_version":"2019-07-17","purchased_purges":2,"victory":true,"max_hp_per_floor":[75,75,75,75,75,75,75,75,75,75,75,75,75,75,75,75,75,75,75,75,75,75,75,75,75,75,75,75,75,75,75,75,75,75,75,75,75,75,75,75,75,75,75,75,77,77,77,77,77,77],"card_choices":[{"not_picked":["Fission","Amplify"],"picked":"Machine Learning","floor":0.0},{"not_picked":["Redo","Beam Cell"],"picked":"Defragment","floor":1.0},{"not_picked":["Storm","Capacitor"],"picked":"Glacier","floor":2.0},{"not_picked":["Rip and Tear","White Noise","Force Field"],"picked":"SKIP","floor":3.0},{"not_picked":["Turbo","Buffer"],"picked":"Redo","floor":5.0},{"not_picked":["Rebound","Sweeping Beam","Stack"],"picked":"SKIP","floor":6.0},{"not_picked":["Steam","Consume"],"picked":"Ball Lightning","floor":11.0},{"not_picked":["Compile Driver","Streamline","Barrage"],"picked":"SKIP","floor":12.0},{"not_picked":["Cold Snap","Barrage"],"picked":"Electrodynamics","floor":14.0},{"not_picked":["Amplify","Reboot"],"picked":"All For One","floor":16.0},{"not_picked":["Conserve Battery","Compile Driver","Hello World"],"picked":"SKIP","floor":18.0},{"not_picked":["Stack","Sweeping Beam+1"],"picked":"Hologram","floor":20.0},{"not_picked":["Rebound","Compile Driver","Cold Snap"],"picked":"SKIP","floor":21.0},{"not_picked":["Lockon","Rip and Tear"],"picked":"Go for the Eyes","floor":23.0},{"not_picked":["Buffer","Beam Cell"],"picked":"Coolheaded+1","floor":27.0},{"not_picked":["Beam Cell","Undo"],"picked":"Defragment","floor":28.0},{"not_picked":["Blizzard","Ball Lightning"],"picked":"Leap+1","floor":29.0},{"not_picked":["Machine Learning","All For One"],"picked":"Biased Cognition","floor":33.0},{"not_picked":["Turbo","Fusion+1"],"picked":"Self Repair+1","floor":35.0},{"not_picked":["Hologram","Leap"],"picked":"Ball Lightning+1","floor":36.0},{"not_picked":["Hello World","Turbo","Tempest"],"picked":"SKIP","floor":38.0},{"not_picked":["Steam","Turbo"],"picked":"Coolheaded+1","floor":39.0},{"not_picked":["Genetic Algorithm+1","Hologram"],"picked":"Rebound+1","floor":41.0},{"not_picked":["Sweeping Beam","Consume","Rebound"],"picked":"SKIP","floor":42.0},{"not_picked":["Amplify","Heatsinks+1","Coolheaded"],"picked":"Singing Bowl","floor":45.0},{"not_picked":["Streamline","Sunder+1"],"picked":"Gash","floor":46.0},{"not_picked":["Violence","Deep Breath"],"picked":"Apotheosis","floor":47.0}],"player_experience":756244,"relics_obtained":[{"floor":6.0,"key":"Matryoshka"},{"floor":9.0,"key":"Ginger"},{"floor":9.0,"key":"Regal Pillow"},{"floor":14.0,"key":"Emotion Chip"},{"floor":23.0,"key":"Bird Faced Urn"},{"floor":26.0,"key":"Darkstone Periapt"},{"floor":26.0,"key":"Bronze Scales"},{"floor":28.0,"key":"Happy Flower"},{"floor":42.0,"key":"Vajra"},{"floor":43.0,"key":"Singing Bowl"},{"floor":45.0,"key":"Juzu Bracelet"}],"event_choices":[{"cards_removed":["Defend_B"],"damage_healed":0.0,"max_hp_gain":0.0,"max_hp_loss":0.0,"gold_gain":0.0,"event_name":"Golden Wing","player_choice":"Card Removal","floor":4.0,"gold_loss":0.0,"damage_taken":7.0},{"damage_healed":0.0,"max_hp_gain":0.0,"max_hp_loss":0.0,"gold_gain":0.0,"event_name":"Living Wall","player_choice":"Grow","floor":8.0,"gold_loss":0.0,"damage_taken":0.0,"cards_upgraded":["Redo"]},{"damage_healed":0.0,"max_hp_gain":0.0,"max_hp_loss":0.0,"gold_gain":0.0,"event_name":"Accursed Blacksmith","player_choice":"Forge","floor":19.0,"gold_loss":0.0,"damage_taken":0.0,"cards_upgraded":["Dualcast"]},{"cards_removed":["Strike_B"],"damage_healed":0.0,"max_hp_gain":0.0,"max_hp_loss":0.0,"gold_gain":0.0,"event_name":"Purifier","player_choice":"Purged","floor":31.0,"gold_loss":0.0,"damage_taken":0.0},{"damage_healed":0.0,"max_hp_gain":0.0,"max_hp_loss":0.0,"gold_gain":0.0,"event_name":"Match and Keep!","player_choice":"0 cards matched","floor":37.0,"gold_loss":0.0,"damage_taken":0.0,"cards_obtained":[]},{"damage_healed":0.0,"max_hp_gain":0.0,"max_hp_loss":0.0,"gold_gain":0.0,"event_name":"SensoryStone","player_choice":"Memory 1","floor":47.0,"gold_loss":0.0,"damage_taken":0.0}],"is_beta":false,"boss_relics":[{"not_picked":["Cursed Key","Philosopher\u0027s Stone"],"picked":"Fusion Hammer"},{"not_picked":["Runic Dome","Orrery"],"picked":"FrozenCore"}],"items_purged_floors":[13,22],"is_endless":false,"potions_floor_spawned":[5,14,16,18,21,35,38,41,42,46],"ascension_level":13}