{"gold_per_floor":[112,112,112,112,112,155,168,118,141,166,166,116,134,149,149,243,243,243],"floor_reached":18,"playtime":1227,"items_purged":["Defend_G","Strike_G"],"score":324,"play_id":"f3e4c662-25f6-430e-acdf-c16acd1da5f6","local_time":"20190827181456","is_ascension_mode":true,"campfire_choices":[{"data":"Predator","floor":11.0,"key":"SMITH"},{"floor":15.0,"key":"REST"}],"neow_cost":"NONE","seed_source_timestamp":1061593919804166,"circlet_count":0,"master_deck":["AscendersBane","Strike_G","Strike_G","Strike_G","Defend_G","Defend_G","Defend_G+1","Defend_G","Survivor","Neutralize+1","Predator+1","Catalyst","Malaise"],"special_seed":0,"relics":["Ring of the Snake","NeowsBlessing","Golden Idol","Smiling Mask","The Specimen","Happy Flower","Cursed Key"],"potions_floor_usage":[16,16],"damage_taken":[{"damage":0.0,"enemies":"Small Slimes","floor":1.0,"turns":1.0},{"damage":0.0,"enemies":"Lagavulin","floor":6.0,"turns":1.0},{"damage":0.0,"enemies":"Jaw Worm","floor":7.0,"turns":1.0},{"damage":1.0,"enemies":"2 Louse","floor":10.0,"turns":2.0},{"damage":0.0,"enemies":"Red Slaver","floor":13.0,"turns":2.0},{"damage":5.0,"enemies":"3 Louse","floor":14.0,"turns":3.0},{"damage":27,"enemies":"The Guardian","floor":16,"turns":15},{"damage":0,"enemies":"3 Byrds","floor":18,"turns":2}],"seed_played":"-2770955160761411070","potions_obtained":[{"floor":7.0,"key":"SpeedPotion"},{"floor":14.0,"key":"SpeedPotion"},{"floor":16,"key":"Swift Potion"}],"is_trial":false,"path_per_floor":["M","?","?","?","?","E","M","$","T","M","R","$","M","M","R","B",null,"M"],"character_chosen":"THE_SILENT","items_purchased":[],"campfire_rested":1,"item_purchase_floors":[],"current_hp_per_floor":[59,39,39,39,34,34,34,34,34,33,33,33,33,28,46,19,50,50],"gold":243,"neow_bonus":"THREE_ENEMY_KILL","is_prod":false,"is_daily":false,"chose_seed":false,"campfire_upgraded":1,"win_rate":0,"timestamp":1566947696,"path_taken":["M","?","?","?","?","E","M","?","T","?","R","$","M","M","R","BOSS","M"],"build_version":"2019-07-17","purchased_purges":2,"victory":false,"max_hp_per_floor":[66,66,60,60,60,60,60,60,60,60,60,60,60,60,60,60,60,60],"card_choices":[{"not_picked":["Slice","Heel Hook"],"picked":"Predator","floor":1.0},{"not_picked":["Caltrops","Prepared","Skewer"],"picked":"SKIP","floor":6.0},{"not_picked":["Sucker Punch","Expertise","Reflex"],"picked":"SKIP","floor":7.0},{"not_picked":["Underhanded Strike","Accuracy","Bane"],"picked":"SKIP","floor":10.0},{"not_picked":["Sucker Punch","Cloak And Dagger","Riddle With Holes"],"picked":"SKIP","floor":13.0},{"not_picked":["Underhanded Strike","Cloak And Dagger"],"picked":"Catalyst","floor":14.0},{"not_picked":["Unload","Grand Finale"],"picked":"Malaise","floor":16}],"player_experience":931853,"relics_obtained":[{"floor":6.0,"key":"The Specimen"},{"floor":9.0,"key":"Happy Flower"}],"event_choices":[{"damage_healed":0.0,"max_hp_gain":0.0,"max_hp_loss":0.0,"gold_gain":0.0,"event_name":"Shining Light","player_choice":"Entered Light","floor":2.0,"gold_loss":0.0,"damage_taken":20.0,"cards_upgraded":["Defend_G","Neutralize"]},{"damage_healed":0.0,"max_hp_gain":0.0,"max_hp_loss":6.0,"gold_gain":0.0,"event_name":"Golden Idol","player_choice":"Lose Max HP","floor":3.0,"gold_loss":0.0,"damage_taken":0.0,"relics_obtained":["Golden Idol"]},{"cards_removed":["Strike_G"],"damage_healed":0.0,"max_hp_gain":0.0,"max_hp_loss":0.0,"gold_gain":0.0,"event_name":"Living Wall","player_choice":"Forget","floor":4.0,"gold_loss":0.0,"damage_taken":0.0},{"damage_healed":0.0,"max_hp_gain":0.0,"max_hp_loss":0.0,"gold_gain":0.0,"event_name":"Scrap Ooze","player_choice":"Success","floor":5.0,"gold_loss":0.0,"damage_taken":5.0,"relics_obtained":["Smiling Mask"]}],"is_beta":false,"boss_relics":[{"not_picked":["Runic Pyramid","Fusion Hammer"],"picked":"Cursed Key"}],"items_purged_floors":[8,12],"is_endless":false,"potions_floor_spawned":[7,14,16],"killed_by":"3 Byrds","ascension_level":15}