{"gold_per_floor":[113,127,144,159,234,234,234,234,234,234,249,284,284,37,37,111,111,68,78,78,78,78,78],"floor_reached":23,"playtime":1492,"items_purged":["Strike_R"],"score":359,"play_id":"3fcae217-a18a-457f-8b30-c0a490fff726","local_time":"20190907172103","is_ascension_mode":true,"campfire_choices":[{"data":"Shrug It Off","floor":6,"key":"SMITH"},{"data":"Shrug It Off","floor":8,"key":"SMITH"},{"data":"Bash","floor":13,"key":"SMITH"},{"floor":15,"key":"REST"}],"neow_cost":"NONE","seed_source_timestamp":137912991660914,"circlet_count":0,"master_deck":["AscendersBane","Strike_R","Strike_R","Strike_R","Strike_R","Defend_R","Defend_R","Defend_R","Bash+1","Shockwave","Shrug It Off+1","Shrug It Off+1","Iron Wave+1","Feed","Clumsy","Shame","Writhe","Flex+1","RitualDagger"],"relics":["Burning Blood","Blood Vial","Bag of Preparation","Singing Bowl","Vajra","Calling Bell","Orichalcum","Toxic Egg 2","Torii"],"potions_floor_usage":[11,12,16,23,23],"damage_taken":[{"damage":1,"enemies":"Cultist","floor":1,"turns":3},{"damage":3,"enemies":"Small Slimes","floor":2,"turns":4},{"damage":5,"enemies":"2 Louse","floor":3,"turns":4},{"damage":28,"enemies":"Large Slime","floor":4,"turns":11},{"damage":4,"enemies":"Lots of Slimes","floor":11,"turns":6},{"damage":15,"enemies":"Gremlin Nob","floor":12,"turns":4},{"damage":19,"enemies":"The Guardian","floor":16,"turns":18},{"damage":20,"enemies":"2 Thieves","floor":18,"turns":5},{"damage":25,"enemies":"Shell Parasite","floor":19,"turns":11},{"damage":44,"enemies":"Gremlin Leader","floor":23,"turns":6}],"seed_played":"-1094835587145761682","potions_obtained":[{"floor":2,"key":"Energy Potion"},{"floor":3,"key":"FearPotion"},{"floor":11,"key":"EssenceOfSteel"},{"floor":12,"key":"GamblersBrew"},{"floor":16,"key":"LiquidBronze"},{"floor":18,"key":"SkillPotion"}],"is_trial":false,"path_per_floor":["M","M","M","M","?","R","?","R","T","?","M","E","R","$","R","B",null,"M","M","?","?","$","E"],"character_chosen":"IRONCLAD","items_purchased":["Vajra"],"campfire_rested":1,"item_purchase_floors":[14],"current_hp_per_floor":[75,75,75,53,42,42,35,35,35,35,39,34,34,34,57,46,69,62,48,48,42,42,0],"gold":78,"neow_bonus":"RANDOM_COMMON_RELIC","is_prod":false,"is_daily":false,"chose_seed":false,"campfire_upgraded":3,"win_rate":0,"timestamp":1567894863,"path_taken":["M","M","M","?","?","R","?","R","T","?","M","E","R","$","R","BOSS","M","?","?","?","?","E"],"build_version":"2019-07-17","purchased_purges":1,"victory":false,"max_hp_per_floor":[75,75,75,75,75,75,75,75,75,75,75,77,77,77,77,77,77,82,85,85,85,85,85],"card_choices":[{"not_picked":["True Grit","Infernal Blade"],"picked":"Shockwave","floor":1},{"not_picked":["Havoc","Entrench"],"picked":"Shrug It Off","floor":2},{"not_picked":["Wild Strike","Sword Boomerang"],"picked":"Shrug It Off","floor":3},{"not_picked":["Sword Boomerang","Thunderclap"],"picked":"Iron Wave","floor":4},{"not_picked":["Clash","Seeing Red","Havoc"],"picked":"SKIP","floor":11},{"not_picked":["Infernal Blade","Intimidate","Perfected Strike"],"picked":"Singing Bowl","floor":12},{"not_picked":["Immolate","Offering"],"picked":"Feed","floor":16},{"not_picked":["Headbutt+1","Cleave","Sword Boomerang"],"picked":"Singing Bowl","floor":18},{"not_picked":["Pommel Strike","Dropkick"],"picked":"Flex+1","floor":19}],"player_experience":1127279,"relics_obtained":[{"floor":9,"key":"Bag of Preparation"},{"floor":12,"key":"Singing Bowl"},{"floor":17,"key":"Orichalcum"},{"floor":17,"key":"Toxic Egg 2"},{"floor":17,"key":"Torii"}],"event_choices":[{"damage_healed":0,"gold_gain":75,"player_choice":"Gather Gold","damage_taken":11,"max_hp_gain":0,"max_hp_loss":0,"event_name":"World of Goop","floor":5,"gold_loss":0},{"cards_removed":["Defend_R"],"damage_healed":0,"gold_gain":0,"player_choice":"Card Removal","damage_taken":7,"max_hp_gain":0,"max_hp_loss":0,"event_name":"Golden Wing","floor":7,"gold_loss":0},{"damage_healed":0,"gold_gain":0,"player_choice":"Upgraded","damage_taken":0,"max_hp_gain":0,"max_hp_loss":0,"event_name":"Upgrade Shrine","floor":10,"gold_loss":0,"cards_upgraded":["Iron Wave"]},{"damage_healed":0,"gold_gain":0,"player_choice":"Ignored","damage_taken":0,"max_hp_gain":0,"max_hp_loss":0,"event_name":"Ghosts","floor":20,"gold_loss":0},{"damage_healed":0,"gold_gain":0,"player_choice":"Joined the Cult","damage_taken":6,"max_hp_gain":0,"max_hp_loss":0,"event_name":"Nest","floor":21,"gold_loss":0,"cards_obtained":["RitualDagger"]}],"is_beta":false,"boss_relics":[{"not_picked":["Philosopher\u0027s Stone","Runic Cube"],"picked":"Calling Bell"}],"items_purged_floors":[14],"is_endless":false,"potions_floor_spawned":[2,3,11,12,16,18],"killed_by":"Gremlin Leader","ascension_level":18}