{"gold_per_floor":[368,368,64,64,83,83,97,117,117,132,148,148,148,179,179,179],"floor_reached":16,"playtime":1058,"items_purged":[],"score":199,"play_id":"e3a18986-c831-4c70-8f8f-f36fee5a8340","local_time":"20190909223334","is_ascension_mode":true,"campfire_choices":[{"data":"Shrug It Off","floor":6,"key":"SMITH"},{"data":"Body Slam","floor":12,"key":"SMITH"},{"data":"Barricade","floor":15,"key":"SMITH"}],"neow_cost":"TEN_PERCENT_HP_LOSS","seed_source_timestamp":223071381567027,"circlet_count":0,"master_deck":["AscendersBane","Strike_R","Strike_R","Strike_R","Strike_R","Strike_R","Defend_R","Defend_R","Defend_R","Defend_R","Bash","Shrug It Off+1","Carnage","Barricade+1","Body Slam+1"],"special_seed":0,"relics":["Burning Blood","OrangePellets","Pear","Singing Bowl","Oddly Smooth Stone"],"potions_floor_usage":[14,14],"damage_taken":[{"damage":7,"enemies":"Jaw Worm","floor":1,"turns":3},{"damage":11,"enemies":"Small Slimes","floor":5,"turns":4},{"damage":0,"enemies":"Cultist","floor":7,"turns":3},{"damage":10,"enemies":"Lots of Slimes","floor":8,"turns":6},{"damage":16,"enemies":"3 Louse","floor":10,"turns":4},{"damage":9,"enemies":"Red Slaver","floor":11,"turns":3},{"damage":25,"enemies":"3 Sentries","floor":14,"turns":7},{"damage":59,"enemies":"Hexaghost","floor":16,"turns":11}],"seed_played":"-2637106836036510646","potions_obtained":[{"floor":1,"key":"AttackPotion"},{"floor":8,"key":"BloodPotion"},{"floor":10,"key":"PowerPotion"}],"is_trial":false,"path_per_floor":["M","?","$","?","M","R","M","M","T","M","M","R","?","E","R","B"],"character_chosen":"IRONCLAD","items_purchased":["OrangePellets","Shrug It Off","Carnage"],"campfire_rested":0,"item_purchase_floors":[3,3,3],"current_hp_per_floor":[67,67,67,77,72,72,78,74,74,64,63,63,51,54,54,0],"gold":179,"neow_bonus":"TWO_FIFTY_GOLD","is_prod":false,"is_daily":false,"chose_seed":false,"campfire_upgraded":3,"win_rate":0,"timestamp":1568086414,"path_taken":["M","?","$","?","?","R","M","M","T","?","M","R","?","E","R","BOSS"],"build_version":"2019-07-17","purchased_purges":0,"victory":false,"max_hp_per_floor":[68,68,68,78,78,78,78,78,78,78,80,80,80,82,82,82],"card_choices":[{"not_picked":["Flex","Perfected Strike","Iron Wave"],"picked":"SKIP","floor":1},{"not_picked":["Clash","Headbutt","Iron Wave"],"picked":"SKIP","floor":5},{"not_picked":["Clash","Headbutt","Iron Wave"],"picked":"SKIP","floor":5},{"not_picked":["Perfected Strike","Sword Boomerang"],"picked":"Barricade","floor":7},{"not_picked":["Dual Wield","Headbutt","Havoc"],"picked":"SKIP","floor":8},{"not_picked":["Shockwave","Hemokinesis"],"picked":"Body Slam","floor":10},{"not_picked":["Thunderclap","Corruption","Anger"],"picked":"Singing Bowl","floor":11},{"not_picked":["Bloodletting","Sever Soul","Twin Strike"],"picked":"Singing Bowl","floor":14}],"player_experience":1162409,"relics_obtained":[{"floor":9,"key":"Singing Bowl"},{"floor":14,"key":"Oddly Smooth Stone"}],"event_choices":[{"damage_healed":0,"gold_gain":0,"player_choice":"Leave","damage_taken":0,"max_hp_gain":0,"max_hp_loss":0,"event_name":"The Cleric","floor":2,"gold_loss":0},{"damage_healed":0,"gold_gain":0,"player_choice":"Gave Potion","damage_taken":0,"relics_obtained":["Pear"],"max_hp_gain":0,"max_hp_loss":0,"event_name":"WeMeetAgain","floor":4,"gold_loss":0},{"damage_healed":0,"gold_gain":0,"player_choice":"Damaged","damage_taken":12,"max_hp_gain":0,"max_hp_loss":0,"event_name":"Wheel of Change","floor":13,"gold_loss":0}],"is_beta":false,"boss_relics":[],"items_purged_floors":[],"is_endless":false,"potions_floor_spawned":[1,8,10],"killed_by":"Hexaghost","ascension_level":19}