{"gold_per_floor":[118,31,51,51,11,29,54,54,78,120,132,144,173,200,212,303,315,340,365,395,322,259,289,289,289,289,232,252,252],"floor_reached":29,"playtime":1399,"items_purged":["Strike_R"],"score":481,"play_id":"f0be8847-2dfe-431b-9065-b4a216d34b6a","local_time":"20190908005727","is_ascension_mode":true,"campfire_choices":[{"data":"Armaments","floor":8.0,"key":"SMITH"},{"data":"Uppercut","floor":12.0,"key":"SMITH"},{"data":"Inflame","floor":15.0,"key":"SMITH"},{"data":"Shockwave","floor":25,"key":"SMITH"}],"neow_cost":"TEN_PERCENT_HP_LOSS","seed_source_timestamp":156577265225898,"circlet_count":0,"master_deck":["AscendersBane","Strike_R","Strike_R","Strike_R+1","Defend_R","Defend_R","Defend_R","Defend_R","Bash","Reaper","Inflame+1","Carnage+1","Uppercut+1","Armaments+1","Shrug It Off","Shrug It Off","Demon Form","Shockwave+1","Ghostly Armor","Impervious"],"special_seed":0,"relics":["Burning Blood","Whetstone","MawBank","Prayer Wheel","FaceOfCleric","Sozu","FossilizedHelix","Pear","Omamori","Self Forming Clay"],"potions_floor_usage":[],"damage_taken":[{"damage":3.0,"enemies":"2 Louse","floor":1.0,"turns":3.0},{"damage":9.0,"enemies":"Jaw Worm","floor":3.0,"turns":5.0},{"damage":6.0,"enemies":"Cultist","floor":6.0,"turns":3.0},{"damage":6.0,"enemies":"Gremlin Nob","floor":7.0,"turns":3.0},{"damage":30.0,"enemies":"3 Sentries","floor":10.0,"turns":9.0},{"damage":3.0,"enemies":"Exordium Thugs","floor":13.0,"turns":4.0},{"damage":6.0,"enemies":"3 Louse","floor":14.0,"turns":4.0},{"damage":38.0,"enemies":"The Guardian","floor":16.0,"turns":17.0},{"damage":4.0,"enemies":"Chosen","floor":18.0,"turns":3.0},{"damage":20.0,"enemies":"3 Byrds","floor":19.0,"turns":8.0},{"damage":5.0,"enemies":"Snecko","floor":20.0,"turns":5.0},{"damage":43.0,"enemies":"Book of Stabbing","floor":23.0,"turns":6.0},{"damage":39,"enemies":"Sentry and Sphere","floor":28,"turns":8},{"damage":16,"enemies":"Snake Plant","floor":29,"turns":1}],"seed_played":"5425408675303911133","potions_obtained":[{"floor":1.0,"key":"AttackPotion"},{"floor":3.0,"key":"Strength Potion"},{"floor":7.0,"key":"EssenceOfSteel"},{"floor":10.0,"key":"EssenceOfSteel"},{"floor":13.0,"key":"SkillPotion"}],"is_trial":false,"path_per_floor":["M","$","M","?","$","M","E","R","T","E","?","R","M","M","R","B",null,"M","M","M","?","$","E","?","R","T","?","M","M"],"character_chosen":"IRONCLAD","items_purchased":["Inflame","Uppercut"],"campfire_rested":0,"item_purchase_floors":[2,5],"current_hp_per_floor":[68,68,65,58,58,58,58,58,58,34,34,34,38,54,54,30,61,72,62,64,64,64,38,38,38,38,38,14,0],"gold":252,"neow_bonus":"THREE_RARE_CARDS","is_prod":false,"is_daily":false,"chose_seed":false,"campfire_upgraded":4,"win_rate":0,"timestamp":1567922247,"path_taken":["M","$","M","?","$","M","E","R","T","E","?","R","M","M","R","BOSS","M","M","?","?","$","E","?","R","T","?","?","M"],"build_version":"2019-07-17","purchased_purges":1,"victory":false,"max_hp_per_floor":[68,68,68,68,68,68,68,68,68,68,68,68,69,70,70,71,71,72,73,74,74,74,85,85,85,85,85,86,86],"card_choices":[{"not_picked":["Double Tap","Fiend Fire"],"picked":"Reaper","floor":0.0},{"not_picked":["Rupture","Anger","Metallicize"],"picked":"SKIP","floor":1.0},{"not_picked":["Second Wind","Dual Wield"],"picked":"Carnage","floor":3.0},{"not_picked":["Pummel","Clash"],"picked":"Armaments","floor":6.0},{"not_picked":["Whirlwind","Dark Embrace"],"picked":"Shrug It Off","floor":7.0},{"not_picked":["Warcry","Fire Breathing","Exhume"],"picked":"SKIP","floor":10.0},{"not_picked":["Body Slam","Cleave"],"picked":"Shrug It Off","floor":13.0},{"not_picked":["Thunderclap","Dropkick","Intimidate"],"picked":"SKIP","floor":13.0},{"not_picked":["Whirlwind","Pommel Strike","Sword Boomerang"],"picked":"SKIP","floor":14.0},{"not_picked":["Cleave","Pommel Strike","Rampage"],"picked":"SKIP","floor":14.0},{"not_picked":["Juggernaut","Impervious"],"picked":"Demon Form","floor":16.0},{"not_picked":["Clash","Armaments"],"picked":"Shockwave","floor":18.0},{"not_picked":["Clash","Thunderclap","Flex"],"picked":"SKIP","floor":18.0},{"not_picked":["Clash","Shrug It Off","Thunderclap+1"],"picked":"SKIP","floor":19.0},{"not_picked":["Clash","Iron Wave","Heavy Blade"],"picked":"SKIP","floor":19.0},{"not_picked":["Cleave","Sword Boomerang","Heavy Blade"],"picked":"SKIP","floor":20.0},{"not_picked":["Warcry","Uppercut","Cleave"],"picked":"SKIP","floor":20.0},{"not_picked":["Fire Breathing","Heavy Blade"],"picked":"Ghostly Armor","floor":23.0},{"not_picked":["Cleave","Rampage"],"picked":"Impervious","floor":28},{"not_picked":["Reckless Charge","Hemokinesis","Flex+1"],"picked":"SKIP","floor":28}],"player_experience":1137668,"relics_obtained":[{"floor":7.0,"key":"Whetstone"},{"floor":9.0,"key":"MawBank"},{"floor":10.0,"key":"Prayer Wheel"},{"floor":23.0,"key":"Pear"},{"floor":26,"key":"Omamori"}],"event_choices":[{"cards_removed":["Strike_R"],"damage_healed":0.0,"max_hp_gain":0.0,"max_hp_loss":0.0,"gold_gain":0.0,"event_name":"Golden Wing","player_choice":"Card Removal","floor":4.0,"gold_loss":0.0,"damage_taken":7.0},{"damage_healed":0.0,"max_hp_gain":0.0,"max_hp_loss":0.0,"gold_gain":0.0,"event_name":"FaceTrader","player_choice":"Trade","floor":11.0,"gold_loss":0.0,"damage_taken":0.0,"relics_obtained":["FaceOfCleric"]},{"damage_healed":0.0,"max_hp_gain":0.0,"max_hp_loss":0.0,"gold_gain":0.0,"event_name":"Addict","player_choice":"Obtained Relic","floor":21.0,"gold_loss":85.0,"damage_taken":0.0,"relics_obtained":["FossilizedHelix"]},{"damage_healed":0,"gold_gain":0,"player_choice":"Ignored","damage_taken":0,"max_hp_gain":0,"max_hp_loss":0,"event_name":"The Mausoleum","floor":24,"gold_loss":0},{"damage_healed":0,"gold_gain":0,"player_choice":"Paid Gold","damage_taken":0,"relics_obtained":["Self Forming Clay"],"max_hp_gain":0,"max_hp_loss":0,"event_name":"WeMeetAgain","floor":27,"gold_loss":57}],"is_beta":false,"boss_relics":[{"not_picked":["Astrolabe","Empty Cage"],"picked":"Sozu"}],"items_purged_floors":[22],"is_endless":false,"potions_floor_spawned":[1,3,7,10,13,19,20,23],"killed_by":"Snake Plant","ascension_level":18}