{"gold_per_floor":[117,131,131,146,146,178,178,194,194,194,73,108,119,130,130,204,204,220,37,48,74,74,74,107,107,160,190,209,240,165,193,193,270,270,288,335,335,335,435,435,465,465,488,521,535,547,582,804,804,804],"floor_reached":51,"playtime":8278,"items_purged":["Defend_B","Strike_B"],"score":1545,"play_id":"744edf84-66c7-4a13-82af-ab8133ba2b63","local_time":"20190823112529","is_ascension_mode":true,"campfire_choices":[{"data":"Defragment","floor":10.0,"key":"SMITH"},{"floor":15.0,"key":"REST"},{"floor":23.0,"key":"REST"},{"floor":25.0,"key":"REST"},{"floor":32.0,"key":"REST"},{"floor":40.0,"key":"REST"},{"floor":49.0,"key":"REST"}],"neow_cost":"NONE","seed_source_timestamp":843254674765312,"circlet_count":0,"master_deck":["AscendersBane","Strike_B+1","Strike_B+1","Defend_B","Defend_B","Zap","Dualcast","Defragment+1","Ball Lightning","Self Repair","Reinforced Body","Leap","Cold Snap","All For One","Defragment","Ball Lightning","Electrodynamics","Leap","Heatsinks","BootSequence","Biased Cognition","Capacitor","Glacier+1","Heatsinks","Machine Learning","Consume+1","Go for the Eyes","Secret Technique","Finesse","Loop+1","Normality","Recycle+1","Reboot"],"special_seed":0,"relics":["Cracked Core","PreservedInsect","Question Card","Bag of Marbles","Whetstone","Mummified Hand","Potion Belt","Fusion Hammer","Red Mask","Matryoshka","Bag of Preparation","Ancient Tea Set","Bronze Scales","Smiling Mask","Bird Faced Urn","Cursed Key","Ice Cream","Pocketwatch","Symbiotic Virus","Vajra","Meat on the Bone","Regal Pillow"],"potions_floor_usage":[50,50],"damage_taken":[{"damage":1.0,"enemies":"Cultist","floor":1.0,"turns":3.0},{"damage":13.0,"enemies":"2 Louse","floor":2.0,"turns":3.0},{"damage":2.0,"enemies":"Jaw Worm","floor":4.0,"turns":3.0},{"damage":16.0,"enemies":"Gremlin Nob","floor":6.0,"turns":3.0},{"damage":7.0,"enemies":"Exordium Thugs","floor":8.0,"turns":3.0},{"damage":16.0,"enemies":"3 Sentries","floor":12.0,"turns":6.0},{"damage":1.0,"enemies":"Large Slime","floor":13.0,"turns":5.0},{"damage":7.0,"enemies":"3 Louse","floor":14.0,"turns":4.0},{"damage":23.0,"enemies":"The Guardian","floor":16.0,"turns":10.0},{"damage":12.0,"enemies":"Chosen","floor":18.0,"turns":3.0},{"damage":6.0,"enemies":"2 Thieves","floor":20.0,"turns":3.0},{"damage":27.0,"enemies":"Masked Bandits","floor":21.0,"turns":4.0},{"damage":0.0,"enemies":"Book of Stabbing","floor":24.0,"turns":4.0},{"damage":9.0,"enemies":"Gremlin Leader","floor":27.0,"turns":4.0},{"damage":17.0,"enemies":"Shelled Parasite and Fungi","floor":28.0,"turns":3.0},{"damage":0.0,"enemies":"Slavers","floor":29.0,"turns":3.0},{"damage":0.0,"enemies":"Book of Stabbing","floor":31.0,"turns":3.0},{"damage":64.0,"enemies":"Collector","floor":33.0,"turns":8.0},{"damage":0.0,"enemies":"3 Darklings","floor":35.0,"turns":2.0},{"damage":11.0,"enemies":"2 Orb Walkers","floor":36.0,"turns":4.0},{"damage":0.0,"enemies":"Mind Bloom Boss Battle","floor":39.0,"turns":3.0},{"damage":0.0,"enemies":"Reptomancer","floor":41.0,"turns":3.0},{"damage":2.0,"enemies":"Giant Head","floor":44.0,"turns":5.0},{"damage":6.0,"enemies":"3 Shapes","floor":45.0,"turns":2.0},{"damage":5.0,"enemies":"Sphere and 2 Shapes","floor":46.0,"turns":4.0},{"damage":4.0,"enemies":"Reptomancer","floor":47.0,"turns":5.0},{"damage":21,"enemies":"Donu and Deca","floor":50,"turns":7}],"seed_played":"-5581640096494300875","potions_obtained":[{"floor":1.0,"key":"Dexterity Potion"},{"floor":4.0,"key":"AttackPotion"},{"floor":6.0,"key":"FocusPotion"},{"floor":13.0,"key":"Fire Potion"},{"floor":16.0,"key":"FairyPotion"},{"floor":18.0,"key":"FearPotion"},{"floor":20.0,"key":"SteroidPotion"},{"floor":29.0,"key":"GamblersBrew"},{"floor":31.0,"key":"LiquidBronze"},{"floor":44.0,"key":"Ancient Potion"},{"floor":46.0,"key":"FearPotion"}],"is_trial":false,"path_per_floor":["M","M","?","M","?","E","T","M","T","R","$","E","M","M","R","B",null,"M","$","M","?","?","R","E","R","T","E","M","E","?","E","R","B",null,"M","?","?","?","?","R","E","?","T","E","M","M","E","?","R","B",null],"character_chosen":"DEFECT","items_purchased":["Cold Snap","Leap","Heatsinks"],"campfire_rested":6,"item_purchase_floors":[11,19,19],"current_hp_per_floor":[63,50,43,41,38,29,29,22,22,22,22,13,12,12,33,17,58,46,46,47,20,20,41,48,69,69,67,50,57,57,64,71,16,57,71,71,71,66,71,71,71,67,67,67,65,67,67,67,67,67],"gold":804,"neow_bonus":"RANDOM_COMMON_RELIC","is_prod":false,"is_daily":false,"chose_seed":false,"campfire_upgraded":1,"win_rate":0,"timestamp":1566577529,"path_taken":["M","M","?","M","?","E","?","?","T","R","$","E","M","M","R","BOSS","M","$","M","?","?","R","E","R","T","E","M","E","?","E","R","BOSS","M","?","?","?","?","R","E","?","T","E","M","?","E","?","R","BOSS"],"build_version":"2019-07-17","purchased_purges":2,"victory":true,"max_hp_per_floor":[71,71,71,71,71,71,71,71,71,71,71,71,71,71,71,71,71,71,71,71,71,71,71,71,71,71,71,71,71,71,71,71,71,71,71,71,71,71,71,71,71,67,67,67,67,67,67,67,67,67],"card_choices":[{"not_picked":["Loop","Aggregate"],"picked":"Defragment","floor":1.0},{"not_picked":["Recycle","Go for the Eyes"],"picked":"Ball Lightning","floor":2.0},{"not_picked":["Stack","Compile Driver"],"picked":"Self Repair","floor":4.0},{"not_picked":["Hello World","Storm","Turbo"],"picked":"Reinforced Body","floor":6.0},{"not_picked":["Cold Snap","Hello World","Conserve Battery"],"picked":"Leap","floor":8.0},{"not_picked":["Rip and Tear","Stack","Sweeping Beam"],"picked":"All For One","floor":12.0},{"not_picked":["Leap","Darkness","Blizzard"],"picked":"Defragment","floor":13.0},{"not_picked":["Steam","Chill","Static Discharge"],"picked":"Ball Lightning","floor":14.0},{"not_picked":["Meteor Strike","Biased Cognition","Seek"],"picked":"Electrodynamics","floor":16.0},{"not_picked":["Streamline","Coolheaded","Chaos"],"picked":"Melter","floor":18.0},{"not_picked":["Scrape","Conserve Battery","Hologram"],"picked":"BootSequence","floor":20.0},{"not_picked":["Chaos","Auto Shields","Static Discharge+1"],"picked":"Capacitor","floor":24.0},{"not_picked":["Buffer","Aggregate","Compile Driver+1"],"picked":"Glacier+1","floor":27.0},{"not_picked":["Ball Lightning","Cold Snap","Conserve Battery"],"picked":"Heatsinks","floor":28.0},{"not_picked":["Beam Cell","Sunder","Leap","Consume"],"picked":"SKIP","floor":29.0},{"not_picked":["Reinforced Body","Scrape","Amplify","Ball Lightning"],"picked":"SKIP","floor":31.0},{"not_picked":["Hyperbeam","Reboot","Rainbow"],"picked":"Machine Learning","floor":33.0},{"not_picked":["Barrage","Leap","Ball Lightning"],"picked":"Consume+1","floor":35.0},{"not_picked":["Gash+1","Beam Cell","Storm"],"picked":"Go for the Eyes","floor":36.0},{"not_picked":["Secret Weapon","Madness","Deep Breath"],"picked":"Secret Technique","floor":38.0},{"not_picked":["Panache","Metamorphosis","Magnetism"],"picked":"Finesse","floor":38.0},{"not_picked":["Gash","Ball Lightning","Doom and Gloom+1"],"picked":"Loop+1","floor":39.0},{"not_picked":["Sunder","Lockon","Compile Driver","Gash"],"picked":"SKIP","floor":41.0},{"not_picked":["Cold Snap","Hologram","Meteor Strike"],"picked":"Recycle+1","floor":44.0},{"not_picked":["Cold Snap","Ball Lightning","Consume","Static Discharge"],"picked":"SKIP","floor":45.0},{"not_picked":["Ball Lightning","Hologram","Doom and Gloom","Stack+1"],"picked":"SKIP","floor":46.0},{"not_picked":["Hologram","Biased Cognition","Gash"],"picked":"Reboot","floor":47.0}],"player_experience":789215,"relics_obtained":[{"floor":6.0,"key":"Bag of Marbles"},{"floor":7.0,"key":"Whetstone"},{"floor":9.0,"key":"Mummified Hand"},{"floor":12.0,"key":"Potion Belt"},{"floor":21.0,"key":"Red Mask"},{"floor":24.0,"key":"Matryoshka"},{"floor":26.0,"key":"Bag of Preparation"},{"floor":26.0,"key":"Ancient Tea Set"},{"floor":27.0,"key":"Bronze Scales"},{"floor":29.0,"key":"Smiling Mask"},{"floor":31.0,"key":"Bird Faced Urn"},{"floor":36.0,"key":"Ice Cream"},{"floor":39.0,"key":"Pocketwatch"},{"floor":41.0,"key":"Symbiotic Virus"},{"floor":43.0,"key":"Vajra"},{"floor":44.0,"key":"Meat on the Bone"},{"floor":47.0,"key":"Regal Pillow"}],"event_choices":[{"cards_removed":["Strike_B"],"damage_healed":0.0,"max_hp_gain":0.0,"max_hp_loss":0.0,"gold_gain":0.0,"event_name":"Golden Wing","player_choice":"Card Removal","floor":3.0,"gold_loss":0.0,"damage_taken":7.0},{"damage_healed":0.0,"max_hp_gain":0.0,"max_hp_loss":0.0,"gold_gain":0.0,"event_name":"Scrap Ooze","player_choice":"Success","floor":5.0,"gold_loss":0.0,"damage_taken":3.0,"relics_obtained":["Question Card"]},{"damage_healed":0.0,"max_hp_gain":0.0,"max_hp_loss":0.0,"gold_gain":0.0,"event_name":"Masked Bandits","player_choice":"Fought Bandits","floor":21.0,"gold_loss":0.0,"damage_taken":0.0},{"damage_healed":0.0,"max_hp_gain":0.0,"max_hp_loss":0.0,"gold_gain":0.0,"event_name":"The Library","player_choice":"Read","floor":22.0,"gold_loss":0.0,"damage_taken":0.0,"cards_obtained":["Biased Cognition"]},{"cards_removed":["Defend_B"],"damage_healed":0.0,"max_hp_gain":0.0,"max_hp_loss":0.0,"gold_gain":0.0,"event_name":"Beggar","player_choice":"Gave Gold","floor":30.0,"gold_loss":75.0,"damage_taken":0.0},{"damage_healed":0.0,"max_hp_gain":0.0,"max_hp_loss":0.0,"gold_gain":0.0,"event_name":"Mysterious Sphere","player_choice":"Fight","floor":36.0,"gold_loss":0.0,"damage_taken":0.0},{"cards_removed":["Melter"],"damage_healed":0.0,"max_hp_gain":0.0,"max_hp_loss":0.0,"gold_gain":0.0,"event_name":"Falling","player_choice":"Removed Attack","floor":37.0,"gold_loss":0.0,"damage_taken":0.0},{"damage_healed":0.0,"max_hp_gain":0.0,"max_hp_loss":0.0,"gold_gain":0.0,"event_name":"SensoryStone","player_choice":"Memory 2","floor":38.0,"gold_loss":0.0,"damage_taken":5.0},{"damage_healed":0.0,"max_hp_gain":0.0,"max_hp_loss":0.0,"gold_gain":0.0,"event_name":"MindBloom","player_choice":"Fight","floor":39.0,"gold_loss":0.0,"damage_taken":0.0},{"damage_healed":0.0,"max_hp_gain":0.0,"max_hp_loss":4.0,"gold_gain":0.0,"event_name":"Winding Halls","player_choice":"Max HP","floor":42.0,"gold_loss":0.0,"damage_taken":0.0},{"damage_healed":0.0,"max_hp_gain":0.0,"max_hp_loss":0.0,"gold_gain":222.0,"event_name":"Tomb of Lord Red Mask","player_choice":"Wore Mask","floor":48.0,"gold_loss":0.0,"damage_taken":0.0}],"is_beta":false,"boss_relics":[{"not_picked":["Empty Cage","Tiny House"],"picked":"Fusion Hammer"},{"not_picked":["Calling Bell","Snecko Eye"],"picked":"Cursed Key"}],"items_purged_floors":[11,19],"is_endless":false,"potions_floor_spawned":[1,4,6,13,16,18,20,29,31,44,46,47],"ascension_level":14}