{"gold_per_floor":[113,130,55,55,68,68,88,88,88,114,196,196],"floor_reached":12,"playtime":628,"items_purged":["Defend_B"],"score":129,"play_id":"51d29390-9e0d-413f-bce7-fbceedf2ccdc","local_time":"20190822000710","is_ascension_mode":true,"campfire_choices":[{"data":"Dualcast","floor":6,"key":"SMITH"},{"floor":8,"key":"REST"}],"neow_cost":"NONE","seed_source_timestamp":0,"circlet_count":0,"master_deck":["AscendersBane","Strike_B","Strike_B","Strike_B","Strike_B","Defend_B","Defend_B","Defend_B","Zap","Dualcast+1","Turbo","Undo","Leap","Multi-Cast"],"special_seed":0,"relics":["Nuclear Battery","CultistMask","Blue Candle","Shovel","Dodecahedron"],"potions_floor_usage":[10,12],"damage_taken":[{"damage":13,"enemies":"Jaw Worm","floor":1,"turns":4},{"damage":0,"enemies":"Cultist","floor":2,"turns":4},{"damage":5,"enemies":"Small Slimes","floor":5,"turns":4},{"damage":15,"enemies":"Looter","floor":7,"turns":4},{"damage":22,"enemies":"3 Sentries","floor":10,"turns":11},{"damage":39,"enemies":"Lagavulin","floor":12,"turns":7}],"seed_played":"-5948460101845240350","potions_obtained":[{"floor":5,"key":"Strength Potion"},{"floor":10,"key":"FearPotion"}],"is_trial":false,"path_per_floor":["M","M","$","?","M","R","M","R","T","E","T","E"],"character_chosen":"DEFECT","items_purchased":[],"campfire_rested":1,"item_purchase_floors":[],"current_hp_per_floor":[55,55,55,55,50,50,35,57,57,35,35,0],"gold":196,"neow_bonus":"BOSS_RELIC","is_prod":false,"is_daily":false,"chose_seed":false,"campfire_upgraded":1,"win_rate":0,"timestamp":1566450430,"path_taken":["M","M","$","?","?","R","M","R","T","E","?","E"],"build_version":"2019-07-17","purchased_purges":1,"victory":false,"max_hp_per_floor":[75,75,75,75,75,75,75,75,75,75,75,75],"card_choices":[{"not_picked":["Ball Lightning","Coolheaded"],"picked":"Turbo","floor":1},{"not_picked":["Sweeping Beam","Compile Driver","Conserve Battery"],"picked":"SKIP","floor":2},{"not_picked":["Scrape","Turbo"],"picked":"Undo","floor":5},{"not_picked":["Hello World","Cold Snap"],"picked":"Leap","floor":7},{"not_picked":["Sweeping Beam","Hello World"],"picked":"Multi-Cast","floor":10}],"player_experience":753197,"relics_obtained":[{"floor":9,"key":"Blue Candle"},{"floor":10,"key":"Shovel"},{"floor":11,"key":"Dodecahedron"}],"event_choices":[{"damage_healed":0,"gold_gain":0,"player_choice":"Trade","damage_taken":0,"relics_obtained":["CultistMask"],"max_hp_gain":0,"max_hp_loss":0,"event_name":"FaceTrader","floor":4,"gold_loss":0}],"is_beta":false,"boss_relics":[],"items_purged_floors":[3],"is_endless":false,"potions_floor_spawned":[5,10],"killed_by":"Lagavulin","ascension_level":13}