{"gold_per_floor":[116,12,32,32,32,32,62,62,62,75,75,75,91,110,110,184,184,199,170,170,181,81,81,81],"floor_reached":24,"playtime":1164,"items_purged":["Defend_B","Strike_B"],"score":372,"play_id":"17bcf8e9-921d-4536-a23b-17aedd64446f","local_time":"20190901221356","is_ascension_mode":true,"campfire_choices":[{"floor":6.0,"key":"REST"},{"data":"Genetic Algorithm","floor":8.0,"key":"SMITH"},{"data":"Hologram","floor":11.0,"key":"SMITH"},{"floor":15.0,"key":"REST"},{"floor":23.0,"key":"REST"}],"neow_cost":"NONE","seed_source_timestamp":1296574073886487,"circlet_count":0,"master_deck":["AscendersBane","Strike_B+1","Strike_B","Defend_B","Defend_B","Defend_B","Zap","Dualcast+1","Genetic Algorithm+1","Leap","Sunder","Hologram+1","Redo","Go for the Eyes","Multi-Cast","Leap","Leap+1","White Noise+1"],"special_seed":0,"relics":["Sozu","Calipers","Symbiotic Virus","Question Card","Runic Pyramid"],"potions_floor_usage":[],"damage_taken":[{"damage":0.0,"enemies":"2 Louse","floor":1.0,"turns":2.0},{"damage":3.0,"enemies":"Jaw Worm","floor":3.0,"turns":5.0},{"damage":11.0,"enemies":"Gremlin Nob","floor":7.0,"turns":3.0},{"damage":0.0,"enemies":"Small Slimes","floor":10.0,"turns":3.0},{"damage":1.0,"enemies":"Looter","floor":13.0,"turns":2.0},{"damage":0.0,"enemies":"Red Slaver","floor":14.0,"turns":3.0},{"damage":29.0,"enemies":"The Guardian","floor":16.0,"turns":12.0},{"damage":14.0,"enemies":"Shell Parasite","floor":18.0,"turns":5.0},{"damage":0.0,"enemies":"2 Thieves","floor":19.0,"turns":4.0},{"damage":19.0,"enemies":"Snake Plant","floor":21.0,"turns":3.0},{"damage":45,"enemies":"Slavers","floor":24,"turns":4}],"seed_played":"2506940317038405822","potions_obtained":[],"is_trial":false,"path_per_floor":["M","$","M","?","?","R","E","R","T","M","R","?","M","M","R","B",null,"M","M","?","M","$","R","E"],"character_chosen":"DEFECT","items_purchased":["Leap"],"campfire_rested":3,"item_purchase_floors":[2],"current_hp_per_floor":[64,64,61,43,36,57,46,46,46,46,46,25,24,24,45,16,57,43,43,43,24,24,45,0],"gold":81,"neow_bonus":"BOSS_RELIC","is_prod":false,"is_daily":false,"chose_seed":false,"campfire_upgraded":2,"win_rate":0,"timestamp":1567394036,"path_taken":["M","$","M","?","?","R","E","R","T","?","R","?","M","M","R","BOSS","M","M","?","M","$","R","E"],"build_version":"2019-07-17","purchased_purges":2,"victory":false,"max_hp_per_floor":[71,71,71,71,71,71,71,71,71,71,71,71,71,71,71,71,71,71,71,71,71,71,71,71],"card_choices":[{"not_picked":["Darkness","Gash"],"picked":"Genetic Algorithm","floor":1.0},{"not_picked":["Compile Driver","Turbo"],"picked":"Sunder","floor":3.0},{"not_picked":["Turbo","Gash"],"picked":"Hologram","floor":7.0},{"not_picked":["Cold Snap","Rebound","Turbo","Force Field"],"picked":"SKIP","floor":10.0},{"not_picked":["Leap","Steam Power","Lockon"],"picked":"Redo","floor":13.0},{"not_picked":["Gash","Rip and Tear","Stack"],"picked":"Go for the Eyes","floor":14.0},{"not_picked":["Biased Cognition","Amplify","Echo Form"],"picked":"Multi-Cast","floor":16.0},{"not_picked":["Reprogram","Steam","Sweeping Beam+1"],"picked":"Leap","floor":18.0},{"not_picked":["Hologram","Ball Lightning","Sweeping Beam"],"picked":"Leap+1","floor":19.0},{"not_picked":["Conserve Battery","Barrage","Skim"],"picked":"White Noise+1","floor":21.0}],"player_experience":1044905,"relics_obtained":[{"floor":7.0,"key":"Symbiotic Virus"},{"floor":9.0,"key":"Question Card"}],"event_choices":[{"damage_healed":0.0,"max_hp_gain":0.0,"max_hp_loss":0.0,"gold_gain":0.0,"event_name":"Scrap Ooze","player_choice":"Success","floor":4.0,"gold_loss":0.0,"damage_taken":18.0,"relics_obtained":["Calipers"]},{"cards_removed":["Strike_B"],"damage_healed":0.0,"max_hp_gain":0.0,"max_hp_loss":0.0,"gold_gain":0.0,"event_name":"Golden Wing","player_choice":"Card Removal","floor":5.0,"gold_loss":0.0,"damage_taken":7.0},{"damage_healed":0.0,"max_hp_gain":0.0,"max_hp_loss":0.0,"gold_gain":0.0,"event_name":"Shining Light","player_choice":"Entered Light","floor":12.0,"gold_loss":0.0,"damage_taken":21.0,"cards_upgraded":["Dualcast","Strike_B"]},{"damage_healed":0.0,"max_hp_gain":0.0,"max_hp_loss":0.0,"gold_gain":0.0,"event_name":"Cursed Tome","player_choice":"Ignored","floor":20.0,"gold_loss":0.0,"damage_taken":0.0}],"is_beta":false,"boss_relics":[{"not_picked":["Busted Crown","Fusion Hammer"],"picked":"Runic Pyramid"}],"items_purged_floors":[2,22],"is_endless":false,"potions_floor_spawned":[1,14,16,18],"killed_by":"Slavers","ascension_level":18}