{"gold_per_floor":[18,32,45,45,59,59,77,77,157,184,194,209,241,47,47,151,151,171,188,223,233,81,81,111,127,152,81,81,81,81,81,81,177,177,187,187,206,206,217,217,252,252,252,74,37,37,56,75,75,75,75,75,24,54,54],"floor_reached":55,"playtime":9641,"items_purged":["Strike_G"],"score":1088,"play_id":"2def5235-3ae8-48fc-9023-ccaae67e0f76","local_time":"20190822140736","is_ascension_mode":true,"campfire_choices":[{"floor":6.0,"key":"RECALL"},{"data":"Envenom","floor":8.0,"key":"SMITH"},{"data":"1","floor":15.0,"key":"LIFT"},{"data":"2","floor":23.0,"key":"LIFT"},{"data":"3","floor":28.0,"key":"LIFT"},{"floor":30.0,"key":"REST"},{"data":"Defend_G","floor":32.0,"key":"PURGE"},{"data":"Bite","floor":40.0,"key":"PURGE"},{"data":"Bite","floor":42.0,"key":"PURGE"},{"floor":49.0,"key":"REST"},{"data":"Decay","floor":52.0,"key":"PURGE"}],"neow_cost":"NO_GOLD","seed_source_timestamp":792176071138649,"circlet_count":0,"master_deck":["AscendersBane","Defend_G","Defend_G","Defend_G","Survivor","Neutralize","Cloak And Dagger","Dash","Terror","Envenom+1","Bane","Escape Plan+1","Blade Dance+1","Night Terror+1","Catalyst+1","Prepared+1","A Thousand Cuts","Concentrate+1","After Image","Escape Plan+1","Footwork","Bite","Bite","Acrobatics+1","Slice+1","Bane+1","Apotheosis+1","Footwork","Deflect+1","Deadly Poison+1"],"special_seed":0,"relics":["Ring of the Snake","Pocketwatch","Toxic Egg 2","Girya","Strawberry","TwistedFunnel","Runic Pyramid","Red Mask","Peace Pipe","Busted Crown","Bronze Scales","Darkstone Periapt","StoneCalendar","Mango"],"potions_floor_usage":[],"damage_taken":[{"damage":0.0,"enemies":"Jaw Worm","floor":1.0,"turns":5.0},{"damage":2.0,"enemies":"Cultist","floor":2.0,"turns":4.0},{"damage":0.0,"enemies":"Small Slimes","floor":3.0,"turns":3.0},{"damage":2.0,"enemies":"Blue Slaver","floor":5.0,"turns":4.0},{"damage":3.0,"enemies":"Looter","floor":7.0,"turns":4.0},{"damage":13.0,"enemies":"Lagavulin","floor":10.0,"turns":5.0},{"damage":2.0,"enemies":"3 Louse","floor":11.0,"turns":5.0},{"damage":1.0,"enemies":"Exordium Wildlife","floor":12.0,"turns":4.0},{"damage":7.0,"enemies":"3 Sentries","floor":13.0,"turns":7.0},{"damage":4.0,"enemies":"The Guardian","floor":16.0,"turns":8.0},{"damage":14.0,"enemies":"Spheric Guardian","floor":18.0,"turns":7.0},{"damage":0.0,"enemies":"3 Byrds","floor":19.0,"turns":4.0},{"damage":2.0,"enemies":"Masked Bandits","floor":20.0,"turns":4.0},{"damage":10.0,"enemies":"Cultist and Chosen","floor":21.0,"turns":5.0},{"damage":10.0,"enemies":"Gremlin Leader","floor":24.0,"turns":5.0},{"damage":16.0,"enemies":"Shelled Parasite and Fungi","floor":25.0,"turns":5.0},{"damage":3.0,"enemies":"Champ","floor":33.0,"turns":6.0},{"damage":5.0,"enemies":"3 Shapes","floor":35.0,"turns":5.0},{"damage":0.0,"enemies":"Orb Walker","floor":37.0,"turns":3.0},{"damage":22.0,"enemies":"Writhing Mass","floor":39.0,"turns":4.0},{"damage":1.0,"enemies":"Nemesis","floor":41.0,"turns":5.0},{"damage":7.0,"enemies":"Jaw Worm Horde","floor":47.0,"turns":4.0},{"damage":2.0,"enemies":"Maw","floor":48.0,"turns":4.0},{"damage":28.0,"enemies":"Donu and Deca","floor":50.0,"turns":7.0},{"damage":33.0,"enemies":"Shield and Spear","floor":54.0,"turns":6.0},{"damage":81,"enemies":"The Heart","floor":55,"turns":3}],"seed_played":"-6281360905946545907","potions_obtained":[{"floor":2.0,"key":"PowerPotion"},{"floor":7.0,"key":"Regen Potion"},{"floor":12.0,"key":"Explosive Potion"},{"floor":13.0,"key":"Ancient Potion"},{"floor":18.0,"key":"Explosive Potion"},{"floor":19.0,"key":"Ancient Potion"},{"floor":21.0,"key":"Energy Potion"},{"floor":25.0,"key":"LiquidBronze"},{"floor":33.0,"key":"GhostInAJar"}],"is_trial":false,"path_per_floor":["M","M","M","?","M","R","M","R","T","E","M","M","E","$","R","B",null,"M","M","?","M","$","R","E","M","T","$","R","?","R","?","R","B",null,"M","?","M","?","M","R","E","R","T","$","$","T","M","M","R","B",null,"R","$","E","B"],"character_chosen":"THE_SILENT","items_purchased":["TwistedFunnel","After Image","Footwork","Apotheosis+1","Footwork","Deflect+1"],"campfire_rested":2,"item_purchase_floors":[14,22,27,44,45,53],"current_hp_per_floor":[63,61,61,61,59,59,56,56,56,57,55,54,54,54,54,50,70,56,56,54,44,44,44,34,18,18,18,18,18,41,41,41,48,52,48,48,52,50,30,30,33,33,33,33,33,33,28,32,47,28,45,45,45,29,0],"gold":54,"neow_bonus":"ONE_RARE_RELIC","is_prod":false,"is_daily":false,"chose_seed":false,"campfire_upgraded":1,"win_rate":0,"timestamp":1566500856,"path_taken":["M","M","M","?","M","R","M","R","T","E","M","?","E","?","R","BOSS","M","M","?","M","$","R","E","M","T","$","R","?","R","?","R","BOSS","M","?","M","?","M","R","E","R","T","?","$","?","M","M","R","BOSS","R","$","E","BOSS"],"build_version":"2019-07-17","purchased_purges":1,"victory":false,"max_hp_per_floor":[70,70,70,70,70,70,70,70,70,70,70,70,77,77,77,77,77,77,77,77,77,77,77,77,77,77,77,77,77,77,53,53,53,53,53,53,53,50,50,50,50,50,50,50,50,50,50,50,50,50,50,50,50,64,64],"card_choices":[{"not_picked":["Bane","Expertise"],"picked":"Cloak And Dagger","floor":1.0},{"not_picked":["Dodge and Roll","Outmaneuver"],"picked":"Dash","floor":2.0},{"not_picked":["Endless Agony","Eviscerate"],"picked":"Terror","floor":3.0},{"not_picked":["Acrobatics","Bouncing Flask"],"picked":"Envenom","floor":5.0},{"not_picked":["Concentrate","Slice"],"picked":"Bane","floor":7.0},{"not_picked":["Poisoned Stab","Choke","Dagger Throw"],"picked":"SKIP","floor":10.0},{"not_picked":["All Out Attack","Terror+1"],"picked":"Escape Plan+1","floor":11.0},{"not_picked":["Sucker Punch","Predator"],"picked":"Blade Dance+1","floor":12.0},{"not_picked":["Predator","Tactician+1","Glass Knife"],"picked":"SKIP","floor":13.0},{"not_picked":["Malaise+1","Tools of the Trade"],"picked":"Night Terror+1","floor":16.0},{"not_picked":["Quick Slash","Sucker Punch+1"],"picked":"Catalyst+1","floor":18.0},{"not_picked":["Slice","Backstab"],"picked":"Prepared+1","floor":19.0},{"not_picked":["Dodge and Roll+1","Dash+1"],"picked":"A Thousand Cuts","floor":20.0},{"not_picked":["Outmaneuver+1","Skewer+1"],"picked":"Concentrate+1","floor":21.0},{"not_picked":["Heel Hook","Accuracy"],"picked":"Escape Plan+1","floor":24.0},{"not_picked":["Bouncing Flask+1","Dodge and Roll+1","Sucker Punch"],"picked":"SKIP","floor":25.0},{"not_picked":["Dagger Spray"],"picked":"SKIP","floor":35.0},{"not_picked":[],"picked":"Acrobatics+1","floor":37.0},{"not_picked":[],"picked":"Slice+1","floor":39.0},{"not_picked":[],"picked":"Bane+1","floor":41.0},{"not_picked":["PiercingWail+1"],"picked":"SKIP","floor":47.0},{"not_picked":["Dagger Spray"],"picked":"SKIP","floor":48.0},{"not_picked":[],"picked":"Deadly Poison+1","floor":54.0}],"player_experience":760480,"relics_obtained":[{"floor":9.0,"key":"Toxic Egg 2"},{"floor":10.0,"key":"Girya"},{"floor":13.0,"key":"Strawberry"},{"floor":20.0,"key":"Red Mask"},{"floor":24.0,"key":"Peace Pipe"},{"floor":41.0,"key":"Bronze Scales"},{"floor":43.0,"key":"Darkstone Periapt"},{"floor":46.0,"key":"StoneCalendar"},{"floor":54.0,"key":"Mango"}],"event_choices":[{"cards_removed":["Defend_G"],"damage_healed":0.0,"max_hp_gain":0.0,"max_hp_loss":0.0,"gold_gain":0.0,"event_name":"Purifier","player_choice":"Purged","floor":4.0,"gold_loss":0.0,"damage_taken":0.0},{"damage_healed":0.0,"max_hp_gain":0.0,"max_hp_loss":0.0,"gold_gain":0.0,"event_name":"Masked Bandits","player_choice":"Fought Bandits","floor":20.0,"gold_loss":0.0,"damage_taken":0.0},{"damage_healed":0.0,"max_hp_gain":0.0,"max_hp_loss":0.0,"gold_gain":0.0,"event_name":"Forgotten Altar","player_choice":"Smashed Altar","floor":29.0,"gold_loss":0.0,"damage_taken":0.0,"cards_obtained":["Decay"]},{"damage_healed":0.0,"max_hp_gain":0.0,"max_hp_loss":24.0,"gold_gain":0.0,"event_name":"Vampires","player_choice":"Became a vampire","floor":31.0,"gold_loss":0.0,"damage_taken":0.0,"cards_obtained":["Bite","Bite","Bite","Bite","Bite"]},{"cards_removed":["Bite"],"damage_healed":0.0,"max_hp_gain":0.0,"max_hp_loss":0.0,"gold_gain":0.0,"event_name":"Falling","player_choice":"Removed Attack","floor":36.0,"gold_loss":0.0,"damage_taken":0.0},{"damage_healed":0.0,"max_hp_gain":0.0,"max_hp_loss":3.0,"gold_gain":0.0,"event_name":"Winding Halls","player_choice":"Max HP","floor":38.0,"gold_loss":0.0,"damage_taken":0.0}],"is_beta":false,"boss_relics":[{"not_picked":["Calling Bell","Coffee Dripper"],"picked":"Runic Pyramid"},{"not_picked":["WristBlade","White Beast Statue"],"picked":"Busted Crown"}],"items_purged_floors":[22],"is_endless":false,"potions_floor_spawned":[2,7,12,13,18,19,21,25,33,35,39,41],"killed_by":"The Heart","ascension_level":11}