{"gold_per_floor":[115,115,134,152,152,152,185,185,210,210,25,25,68,1,1,126,126,147,147,160,185,33,33,58,98,98,98],"floor_reached":27,"playtime":2591,"items_purged":["Strike_G"],"score":382,"play_id":"909b3cb2-c247-4b9e-b4fc-d5a2d0958214","local_time":"20190823123823","is_ascension_mode":true,"campfire_choices":[{"data":"Noxious Fumes","floor":6.0,"key":"SMITH"},{"floor":10.0,"key":"REST"},{"data":"Noxious Fumes","floor":12.0,"key":"SMITH"},{"floor":15.0,"key":"REST"},{"floor":23.0,"key":"REST"}],"neow_cost":"NONE","seed_source_timestamp":853694214960344,"circlet_count":0,"master_deck":["AscendersBane","Strike_G","Strike_G","Strike_G","Strike_G","Defend_G","Defend_G","Defend_G","Defend_G","Defend_G","Survivor","Neutralize+1","Infinite Blades+1","Noxious Fumes+1","Infinite Blades","Leg Sweep","Noxious Fumes+1","Accuracy","Noxious Fumes+1","Backflip","Calculated Gamble","Crippling Poison","Backflip","Doubt"],"special_seed":0,"relics":["Ring of the Snake","Pen Nib","Centennial Puzzle","Golden Idol","Boot","Snake Skull","Ornamental Fan","Cursed Key","Girya","Sundial"],"potions_floor_usage":[25,25,27],"damage_taken":[{"damage":1.0,"enemies":"Small Slimes","floor":1.0,"turns":3.0},{"damage":5.0,"enemies":"Cultist","floor":3.0,"turns":5.0},{"damage":0.0,"enemies":"2 Louse","floor":4.0,"turns":3.0},{"damage":15.0,"enemies":"Gremlin Nob","floor":7.0,"turns":4.0},{"damage":14.0,"enemies":"Lagavulin","floor":13.0,"turns":6.0},{"damage":14.0,"enemies":"Slime Boss","floor":16.0,"turns":8.0},{"damage":2.0,"enemies":"Chosen","floor":18.0,"turns":5.0},{"damage":13.0,"enemies":"Spheric Guardian","floor":20.0,"turns":5.0},{"damage":21.0,"enemies":"Shelled Parasite and Fungi","floor":21.0,"turns":5.0},{"damage":29,"enemies":"Sentry and Sphere","floor":24,"turns":6},{"damage":10,"enemies":"Book of Stabbing","floor":25,"turns":6},{"damage":16,"enemies":"Centurion and Healer","floor":27,"turns":2}],"seed_played":"-415766930043939367","potions_obtained":[{"floor":1.0,"key":"Dexterity Potion"},{"floor":4.0,"key":"SkillPotion"},{"floor":13.0,"key":"SpeedPotion"},{"floor":18.0,"key":"Fire Potion"},{"floor":25,"key":"Strength Potion"}],"is_trial":false,"path_per_floor":["M","?","M","M","?","R","E","?","T","R","$","R","E","$","R","B",null,"M","?","M","M","$","R","M","E","T","M"],"character_chosen":"THE_SILENT","items_purchased":["Snake Skull","Noxious Fumes","Accuracy","Crippling Poison"],"campfire_rested":3,"item_purchase_floors":[11,11,14,22],"current_hp_per_floor":[62,62,57,57,54,54,39,22,22,43,43,43,29,29,50,36,62,60,60,47,26,26,47,18,8,8,0],"gold":98,"neow_bonus":"UPGRADE_CARD","is_prod":false,"is_daily":false,"chose_seed":false,"campfire_upgraded":2,"win_rate":0,"timestamp":1566581903,"path_taken":["M","?","M","?","?","R","E","?","T","R","$","R","E","$","R","BOSS","M","?","M","M","$","R","M","E","T","M"],"build_version":"2019-07-17","purchased_purges":1,"victory":false,"max_hp_per_floor":[70,70,70,70,70,70,70,70,70,70,70,70,70,70,70,70,70,70,70,70,70,70,70,70,70,70,70],"card_choices":[{"not_picked":["All Out Attack","Cloak And Dagger"],"picked":"Infinite Blades","floor":1.0},{"not_picked":["Deflect","Finisher"],"picked":"Noxious Fumes","floor":3.0},{"not_picked":["Prepared","Slice"],"picked":"Infinite Blades","floor":4.0},{"not_picked":["Malaise","Cloak And Dagger"],"picked":"Leg Sweep","floor":7.0},{"not_picked":["Blade Dance","Caltrops","Leg Sweep"],"picked":"SKIP","floor":13.0},{"not_picked":["Flechettes","Prepared"],"picked":"Noxious Fumes+1","floor":18.0},{"not_picked":["Distraction","Poisoned Stab"],"picked":"Calculated Gamble","floor":20.0},{"not_picked":["Dagger Spray","Calculated Gamble","Glass Knife"],"picked":"SKIP","floor":21.0},{"not_picked":["Dagger Spray","Acrobatics"],"picked":"Backflip","floor":24},{"not_picked":["Dagger Throw","A Thousand Cuts","Slice"],"picked":"SKIP","floor":25}],"player_experience":797493,"relics_obtained":[{"floor":7.0,"key":"Centennial Puzzle"},{"floor":9.0,"key":"Boot"},{"floor":13.0,"key":"Ornamental Fan"},{"floor":25,"key":"Girya"},{"floor":26,"key":"Sundial"}],"event_choices":[{"damage_healed":0.0,"max_hp_gain":0.0,"max_hp_loss":0.0,"gold_gain":0.0,"event_name":"Accursed Blacksmith","player_choice":"Forge","floor":2.0,"gold_loss":0.0,"damage_taken":0.0,"cards_upgraded":["Infinite Blades"]},{"damage_healed":0.0,"max_hp_gain":0.0,"max_hp_loss":0.0,"gold_gain":0.0,"event_name":"Scrap Ooze","player_choice":"Success","floor":5.0,"gold_loss":0.0,"damage_taken":3.0,"relics_obtained":["Pen Nib"]},{"damage_healed":0.0,"max_hp_gain":0.0,"max_hp_loss":0.0,"gold_gain":0.0,"event_name":"Golden Idol","player_choice":"Take Damage","floor":8.0,"gold_loss":0.0,"damage_taken":17.0,"relics_obtained":["Golden Idol"]},{"damage_healed":0.0,"max_hp_gain":0.0,"max_hp_loss":0.0,"gold_gain":0.0,"event_name":"The Library","player_choice":"Read","floor":19.0,"gold_loss":0.0,"damage_taken":0.0,"cards_obtained":["Backflip"]}],"is_beta":false,"boss_relics":[{"not_picked":["Snecko Eye","Velvet Choker"],"picked":"Cursed Key"}],"items_purged_floors":[22],"is_endless":false,"potions_floor_spawned":[1,4,13,18,24,25],"killed_by":"Centurion and Healer","ascension_level":12}