{"gold_per_floor":[111,71,88,88,88,88,129,129,207,225,225,150,173,192,192,286,286,310,310,310,184,204,204],"floor_reached":23,"playtime":1369,"items_purged":["Defend_R"],"score":359,"play_id":"624c3f18-1bd4-471d-bb8b-0d801ef13dd7","local_time":"20190908112146","is_ascension_mode":true,"campfire_choices":[{"data":"Body Slam","floor":6,"key":"SMITH"},{"data":"Carnage","floor":8,"key":"SMITH"},{"data":"Pommel Strike","floor":11,"key":"SMITH"},{"floor":15,"key":"REST"}],"neow_cost":"TEN_PERCENT_HP_LOSS","seed_source_timestamp":169408230184793,"circlet_count":0,"master_deck":["AscendersBane","Strike_R","Defend_R","Defend_R","Defend_R","Bash","Pummel","Double Tap","Body Slam+1","Carnage+1","Pommel Strike+1","Shrug It Off","Feed","RitualDagger+1","True Grit"],"relics":["Burning Blood","Golden Idol","Ancient Tea Set","Blue Candle","Mark of Pain"],"potions_floor_usage":[16,22,22],"damage_taken":[{"damage":6,"enemies":"Cultist","floor":1,"turns":3},{"damage":7,"enemies":"Jaw Worm","floor":3,"turns":3},{"damage":36,"enemies":"Gremlin Nob","floor":7,"turns":4},{"damage":4,"enemies":"Small Slimes","floor":10,"turns":3},{"damage":3,"enemies":"Exordium Thugs","floor":13,"turns":3},{"damage":13,"enemies":"Blue Slaver","floor":14,"turns":2},{"damage":19,"enemies":"Slime Boss","floor":16,"turns":7},{"damage":4,"enemies":"Chosen","floor":18,"turns":3},{"damage":26,"enemies":"Shell Parasite","floor":22,"turns":4},{"damage":66,"enemies":"Gremlin Leader","floor":23,"turns":4}],"seed_played":"-8626600094457994554","potions_obtained":[{"floor":7,"key":"FairyPotion"},{"floor":13,"key":"Explosive Potion"},{"floor":14,"key":"SteroidPotion"},{"floor":16,"key":"Explosive Potion"},{"floor":22,"key":"Fruit Juice"}],"is_trial":false,"path_per_floor":["M","$","M","?","?","R","E","R","T","M","R","?","M","M","R","B",null,"M","?","?","$","M","E"],"character_chosen":"IRONCLAD","items_purchased":["Carnage","True Grit"],"campfire_rested":1,"item_purchase_floors":[2,21],"current_hp_per_floor":[68,68,67,62,62,62,32,32,32,34,34,34,37,30,48,35,55,57,51,51,51,36,0],"gold":204,"neow_bonus":"TRANSFORM_TWO_CARDS","is_prod":false,"is_daily":false,"chose_seed":false,"campfire_upgraded":3,"win_rate":0,"timestamp":1567959706,"path_taken":["M","$","M","?","?","R","E","R","T","M","R","?","?","M","R","BOSS","M","?","?","$","M","E"],"build_version":"2019-07-17","purchased_purges":1,"victory":false,"max_hp_per_floor":[68,68,68,62,62,62,62,62,62,62,62,62,62,62,62,62,62,62,62,62,62,67,67],"card_choices":[{"not_picked":["Perfected Strike","Armaments"],"picked":"Body Slam","floor":1},{"not_picked":["Clothesline","Perfected Strike","Pommel Strike"],"picked":"SKIP","floor":3},{"not_picked":["Flex","Power Through","Havoc"],"picked":"SKIP","floor":7},{"not_picked":["Thunderclap","Heavy Blade","Cleave"],"picked":"SKIP","floor":10},{"not_picked":["Shockwave","Thunderclap"],"picked":"Shrug It Off","floor":13},{"not_picked":["Wild Strike","Perfected Strike","Double Tap"],"picked":"SKIP","floor":14},{"not_picked":["Reaper","Fiend Fire"],"picked":"Feed","floor":16},{"not_picked":["Sword Boomerang","Anger","Havoc"],"picked":"SKIP","floor":18},{"not_picked":["Heavy Blade","Dual Wield","Thunderclap"],"picked":"SKIP","floor":22}],"player_experience":1143687,"relics_obtained":[{"floor":7,"key":"Ancient Tea Set"},{"floor":9,"key":"Blue Candle"}],"event_choices":[{"damage_healed":0,"gold_gain":0,"player_choice":"Lose Max HP","damage_taken":0,"relics_obtained":["Golden Idol"],"max_hp_gain":0,"max_hp_loss":6,"event_name":"Golden Idol","floor":4,"gold_loss":0},{"damage_healed":0,"gold_gain":0,"cards_transformed":["Strike_R"],"player_choice":"Change","damage_taken":0,"max_hp_gain":0,"max_hp_loss":0,"event_name":"Living Wall","floor":5,"gold_loss":0,"cards_obtained":["Pommel Strike"]},{"cards_removed":["Strike_R"],"damage_healed":0,"gold_gain":0,"player_choice":"Card Removal","damage_taken":0,"max_hp_gain":0,"max_hp_loss":0,"event_name":"The Cleric","floor":12,"gold_loss":75},{"damage_healed":0,"gold_gain":0,"player_choice":"Joined the Cult","damage_taken":6,"max_hp_gain":0,"max_hp_loss":0,"event_name":"Nest","floor":19,"gold_loss":0,"cards_obtained":["RitualDagger"]},{"damage_healed":0,"gold_gain":0,"player_choice":"Upgraded","damage_taken":0,"max_hp_gain":0,"max_hp_loss":0,"event_name":"Upgrade Shrine","floor":20,"gold_loss":0,"cards_upgraded":["RitualDagger"]}],"is_beta":false,"boss_relics":[{"not_picked":["Orrery","Runic Dome"],"picked":"Mark of Pain"}],"items_purged_floors":[21],"is_endless":false,"potions_floor_spawned":[7,13,14,16,22],"killed_by":"Gremlin Leader","ascension_level":18}