{"gold_per_floor":[114,114,114,128,139,139,139,159,214,230,230],"floor_reached":11,"playtime":367,"items_purged":[],"score":124,"play_id":"da8828d3-12e8-41d4-90b6-76ebeeb10427","local_time":"20190902122814","is_ascension_mode":true,"campfire_choices":[{"floor":6,"key":"REST"}],"neow_cost":"NONE","seed_source_timestamp":1314791707287291,"circlet_count":0,"master_deck":["AscendersBane","Strike_B","Strike_B","Strike_B","Defend_B","Defend_B","Defend_B","Defend_B","Zap","Dualcast","Go for the Eyes","Consume","Doom and Gloom","Cold Snap"],"relics":["Cracked Core","Oddly Smooth Stone","Ancient Tea Set","Juzu Bracelet"],"potions_floor_usage":[11,11],"damage_taken":[{"damage":7,"enemies":"Jaw Worm","floor":1,"turns":4},{"damage":4,"enemies":"Small Slimes","floor":4,"turns":3},{"damage":0,"enemies":"Cultist","floor":5,"turns":3},{"damage":6,"enemies":"2 Fungi Beasts","floor":8,"turns":2},{"damage":16,"enemies":"Lots of Slimes","floor":10,"turns":4},{"damage":29,"enemies":"Gremlin Nob","floor":11,"turns":3}],"seed_played":"-3448144280930638635","potions_obtained":[{"floor":1,"key":"SteroidPotion"},{"floor":8,"key":"FocusPotion"}],"is_trial":false,"path_per_floor":["M","?","?","M","M","R","?","M","T","M","E"],"character_chosen":"DEFECT","items_purchased":[],"campfire_rested":1,"item_purchase_floors":[],"current_hp_per_floor":[57,22,15,11,11,32,32,26,26,10,0],"gold":230,"neow_bonus":"RANDOM_COMMON_RELIC","is_prod":false,"is_daily":false,"chose_seed":false,"campfire_upgraded":0,"win_rate":0,"timestamp":1567445294,"path_taken":["M","?","?","M","M","R","?","M","T","M","E"],"build_version":"2019-07-17","purchased_purges":0,"victory":false,"max_hp_per_floor":[71,71,71,71,71,71,71,71,71,71,71],"card_choices":[{"not_picked":["Static Discharge","Hello World"],"picked":"Go for the Eyes","floor":1},{"not_picked":["Turbo","Sweeping Beam"],"picked":"Consume","floor":4},{"not_picked":["Go for the Eyes","Static Discharge"],"picked":"Doom and Gloom","floor":5},{"not_picked":["Steam","Force Field"],"picked":"Cold Snap","floor":8},{"not_picked":["Ball Lightning","Compile Driver","Aggregate"],"picked":"SKIP","floor":10}],"player_experience":1048741,"relics_obtained":[{"floor":9,"key":"Juzu Bracelet"}],"event_choices":[{"damage_healed":0,"gold_gain":0,"player_choice":"Success","damage_taken":35,"relics_obtained":["Ancient Tea Set"],"max_hp_gain":0,"max_hp_loss":0,"event_name":"Scrap Ooze","floor":2,"gold_loss":0},{"cards_removed":["Strike_B"],"damage_healed":0,"gold_gain":0,"player_choice":"Card Removal","damage_taken":7,"max_hp_gain":0,"max_hp_loss":0,"event_name":"Golden Wing","floor":3,"gold_loss":0},{"damage_healed":0,"gold_gain":0,"player_choice":"Ignored","damage_taken":0,"max_hp_gain":0,"max_hp_loss":0,"event_name":"Liars Game","floor":7,"gold_loss":0}],"is_beta":false,"boss_relics":[],"items_purged_floors":[],"is_endless":false,"potions_floor_spawned":[1,8],"killed_by":"Gremlin Nob","ascension_level":18}