{"gold_per_floor":[111,111,129,9,22,22,36,36,86,97,97,127,155,55,55,132,182,194,210,235,235],"floor_reached":21,"playtime":1217,"items_purged":["Strike_B","Strike_B"],"score":304,"play_id":"982c274d-1447-4830-9c16-9d508a559c3a","local_time":"20190823020633","is_ascension_mode":true,"campfire_choices":[{"data":"Loop","floor":6.0,"key":"SMITH"},{"floor":8.0,"key":"REST"},{"floor":11.0,"key":"REST"},{"data":"Darkness","floor":15.0,"key":"SMITH"}],"neow_cost":"NONE","seed_source_timestamp":838245627162289,"circlet_count":0,"master_deck":["AscendersBane","Strike_B+1","Strike_B","Defend_B","Defend_B","Defend_B","Defend_B","Zap","Dualcast","Darkness+1","Auto Shields","Steam Power+1","Darkness","Loop+1","Go for the Eyes+1","Hologram","Undo","Biased Cognition","Consume","Undo+1","Defragment+1"],"special_seed":0,"relics":["Orrery","Whetstone","Tiny Chest","PreservedInsect","Tiny House","Art of War"],"potions_floor_usage":[21,21],"damage_taken":[{"damage":5.0,"enemies":"2 Louse","floor":1.0,"turns":4.0},{"damage":7.0,"enemies":"Jaw Worm","floor":3.0,"turns":3.0},{"damage":0.0,"enemies":"Cultist","floor":5.0,"turns":3.0},{"damage":36.0,"enemies":"Exordium Thugs","floor":7.0,"turns":7.0},{"damage":16.0,"enemies":"3 Louse","floor":10.0,"turns":4.0},{"damage":12.0,"enemies":"Lagavulin","floor":13.0,"turns":6.0},{"damage":15.0,"enemies":"Slime Boss","floor":16.0,"turns":5.0},{"damage":2.0,"enemies":"Chosen","floor":18.0,"turns":4.0},{"damage":44.0,"enemies":"3 Byrds","floor":19.0,"turns":5.0},{"damage":39,"enemies":"Snecko","floor":21,"turns":4}],"seed_played":"-739911162605841714","potions_obtained":[{"floor":3.0,"key":"FocusPotion"},{"floor":7.0,"key":"Ancient Potion"},{"floor":13.0,"key":"FearPotion"},{"floor":17.0,"key":"SkillPotion"},{"floor":19.0,"key":"AttackPotion"}],"is_trial":false,"path_per_floor":["M","?","M","$","M","R","M","R","T","M","R","?","E","$","R","B",null,"M","M","T","M"],"character_chosen":"DEFECT","items_purchased":["Hologram"],"campfire_rested":2,"item_purchase_floors":[4],"current_hp_per_floor":[59,59,52,52,52,52,16,37,37,21,42,42,30,30,30,15,62,60,16,16,0],"gold":235,"neow_bonus":"BOSS_RELIC","is_prod":false,"is_daily":false,"chose_seed":false,"campfire_upgraded":2,"win_rate":0,"timestamp":1566543993,"path_taken":["M","?","M","$","M","R","M","R","T","M","R","?","E","$","R","BOSS","M","?","?","M"],"build_version":"2019-07-17","purchased_purges":2,"victory":false,"max_hp_per_floor":[71,71,71,71,71,71,71,71,71,71,71,71,71,71,71,71,76,76,76,76,76],"card_choices":[{"not_picked":["Steam","Steam Power"],"picked":"Darkness","floor":0.0},{"not_picked":["Redo","Cold Snap"],"picked":"Auto Shields","floor":0.0},{"not_picked":["Chaos","Streamline"],"picked":"Steam Power","floor":0.0},{"not_picked":["BootSequence","Double Energy"],"picked":"Darkness","floor":0.0},{"not_picked":["Stack","Static Discharge"],"picked":"Loop","floor":1.0},{"not_picked":["Barrage","Force Field"],"picked":"Go for the Eyes","floor":3.0},{"not_picked":["Ball Lightning","Cold Snap","Rainbow"],"picked":"SKIP","floor":5.0},{"not_picked":["Tempest","Scrape","Chaos"],"picked":"SKIP","floor":7.0},{"not_picked":["Steam Power","Ball Lightning"],"picked":"Undo","floor":10.0},{"not_picked":["Stack","Steam","Rebound"],"picked":"SKIP","floor":13.0},{"not_picked":["Hyperbeam","All For One"],"picked":"Biased Cognition","floor":16.0},{"not_picked":["Rebound","Barrage"],"picked":"Consume","floor":17.0},{"not_picked":["Cold Snap","Fusion"],"picked":"Undo+1","floor":18.0},{"not_picked":["Go for the Eyes","Hello World"],"picked":"Defragment+1","floor":19.0}],"player_experience":786854,"relics_obtained":[{"floor":9.0,"key":"Whetstone"},{"floor":12.0,"key":"Tiny Chest"},{"floor":13.0,"key":"PreservedInsect"},{"floor":20.0,"key":"Art of War"}],"event_choices":[{"damage_healed":0.0,"max_hp_gain":0.0,"max_hp_loss":0.0,"gold_gain":0.0,"event_name":"Liars Game","player_choice":"Ignored","floor":2.0,"gold_loss":0.0,"damage_taken":0.0},{"damage_healed":0.0,"max_hp_gain":0.0,"max_hp_loss":0.0,"gold_gain":0.0,"event_name":"Wheel of Change","player_choice":"Relic","floor":12.0,"gold_loss":0.0,"damage_taken":0.0}],"is_beta":false,"boss_relics":[{"not_picked":["Snecko Eye","White Beast Statue"],"picked":"Tiny House"}],"items_purged_floors":[4,14],"is_endless":false,"potions_floor_spawned":[3,7,13,18,19],"killed_by":"Snecko","ascension_level":14}