{"gold_per_floor":[110,33,33,33,50,78,78,104,104,104,50,67,67,82,82,156,156,167,200,200,200,218,218,218],"floor_reached":24,"playtime":1058,"items_purged":[],"score":384,"play_id":"5e5c16cb-224d-48ce-a644-08c63fe34e36","local_time":"20190908002111","is_ascension_mode":true,"campfire_choices":[{"data":"Armaments","floor":7.0,"key":"SMITH"},{"data":"Carnage","floor":10.0,"key":"SMITH"},{"data":"Ghostly Armor","floor":15.0,"key":"SMITH"},{"data":"Bash","floor":23.0,"key":"SMITH"}],"neow_cost":"NONE","seed_source_timestamp":154088195715843,"circlet_count":0,"master_deck":["AscendersBane","Strike_R+1","Strike_R+1","Strike_R+1","Strike_R+1","Defend_R+1","Defend_R+1","Defend_R+1","Defend_R+1","Bash+1","Carnage+1","Ghostly Armor+1","Armaments+1","Battle Trance","Shrug It Off+1","Inflame+1","Barricade+1","Shockwave","RitualDagger","Evolve+1"],"special_seed":0,"relics":["Burning Blood","Orichalcum","Ornamental Fan","Frozen Egg 2","Bottled Flame","Cursed Key","Red Mask"],"potions_floor_usage":[24],"damage_taken":[{"damage":1.0,"enemies":"Cultist","floor":1.0,"turns":4.0},{"damage":6.0,"enemies":"Jaw Worm","floor":5.0,"turns":4.0},{"damage":29.0,"enemies":"Lagavulin","floor":6.0,"turns":6.0},{"damage":28.0,"enemies":"Gremlin Nob","floor":8.0,"turns":4.0},{"damage":0.0,"enemies":"Small Slimes","floor":12.0,"turns":3.0},{"damage":0.0,"enemies":"2 Fungi Beasts","floor":14.0,"turns":4.0},{"damage":6.0,"enemies":"The Guardian","floor":16.0,"turns":9.0},{"damage":18.0,"enemies":"2 Thieves","floor":18.0,"turns":4.0},{"damage":21.0,"enemies":"Masked Bandits","floor":19.0,"turns":6.0},{"damage":0.0,"enemies":"Chosen","floor":22.0,"turns":6.0},{"damage":47,"enemies":"Gremlin Leader","floor":24,"turns":5}],"seed_played":"4217743986280244398","potions_obtained":[{"floor":14.0,"key":"PowerPotion"},{"floor":19.0,"key":"PowerPotion"}],"is_trial":false,"path_per_floor":["M","$","?","$","M","E","R","E","T","R","$","M","?","M","R","B",null,"M","?","?","?","M","R","E"],"character_chosen":"IRONCLAD","items_purchased":["Ghostly Armor","Shrug It Off"],"campfire_rested":0,"item_purchase_floors":[2,11],"current_hp_per_floor":[73,73,73,73,73,50,50,28,28,28,28,34,34,40,40,40,66,54,39,39,33,39,39,0],"gold":218,"neow_bonus":"RANDOM_COMMON_RELIC","is_prod":false,"is_daily":false,"chose_seed":false,"campfire_upgraded":4,"win_rate":0,"timestamp":1567920071,"path_taken":["M","$","?","?","?","E","R","E","T","R","$","M","?","?","R","BOSS","M","?","?","?","?","R","E"],"build_version":"2019-07-17","purchased_purges":0,"victory":false,"max_hp_per_floor":[75,75,75,75,75,75,75,75,75,75,75,75,75,75,75,75,75,75,75,75,75,75,75,75],"card_choices":[{"not_picked":["True Grit","Havoc"],"picked":"Carnage","floor":1.0},{"not_picked":["Spot Weakness","Twin Strike"],"picked":"Armaments","floor":5.0},{"not_picked":["Armaments","Body Slam"],"picked":"Battle Trance","floor":6.0},{"not_picked":["Fiend Fire","Clothesline","Dropkick"],"picked":"SKIP","floor":8.0},{"not_picked":["Hemokinesis","Armaments","Warcry"],"picked":"SKIP","floor":12.0},{"not_picked":["Armaments","Entrench"],"picked":"Inflame+1","floor":14.0},{"not_picked":["Juggernaut+1","Bludgeon"],"picked":"Barricade+1","floor":16.0},{"not_picked":["Whirlwind","Wild Strike"],"picked":"Shockwave","floor":18.0},{"not_picked":["Flex","Second Wind"],"picked":"Evolve+1","floor":22.0}],"player_experience":1136152,"relics_obtained":[{"floor":6.0,"key":"Ornamental Fan"},{"floor":8.0,"key":"Frozen Egg 2"},{"floor":9.0,"key":"Bottled Flame"},{"floor":19.0,"key":"Red Mask"}],"event_choices":[{"cards_removed":["Strike_R"],"damage_healed":0.0,"max_hp_gain":0.0,"max_hp_loss":0.0,"gold_gain":0.0,"event_name":"Purifier","player_choice":"Purged","floor":3.0,"gold_loss":0.0,"damage_taken":0.0},{"damage_healed":0.0,"max_hp_gain":0.0,"max_hp_loss":0.0,"gold_gain":0.0,"event_name":"Accursed Blacksmith","player_choice":"Forge","floor":13.0,"gold_loss":0.0,"damage_taken":0.0,"cards_upgraded":["Shrug It Off"]},{"damage_healed":0.0,"max_hp_gain":0.0,"max_hp_loss":0.0,"gold_gain":0.0,"event_name":"Masked Bandits","player_choice":"Fought Bandits","floor":19.0,"gold_loss":0.0,"damage_taken":0.0},{"damage_healed":0.0,"max_hp_gain":0.0,"max_hp_loss":0.0,"gold_gain":0.0,"event_name":"Back to Basics","player_choice":"Simplicity","floor":20.0,"gold_loss":0.0,"damage_taken":0.0,"cards_upgraded":["Strike_R","Strike_R","Strike_R","Strike_R","Defend_R","Defend_R","Defend_R","Defend_R"]},{"damage_healed":0.0,"max_hp_gain":0.0,"max_hp_loss":0.0,"gold_gain":0.0,"event_name":"Nest","player_choice":"Joined the Cult","floor":21.0,"gold_loss":0.0,"damage_taken":6.0,"cards_obtained":["RitualDagger"]}],"is_beta":false,"boss_relics":[{"not_picked":["Astrolabe","Runic Dome"],"picked":"Cursed Key"}],"items_purged_floors":[],"is_endless":false,"potions_floor_spawned":[14,19],"killed_by":"Gremlin Leader","ascension_level":18}