{"gold_per_floor":[109,120,120,132,143,169,169,139,185,199,149,74,74,107,107,107],"floor_reached":16,"playtime":1582,"items_purged":["Defend_G"],"score":185,"play_id":"7ea4d9ee-de7d-48f0-8af4-427ead65578c","local_time":"20190823214419","is_ascension_mode":true,"campfire_choices":[{"data":"Neutralize","floor":7.0,"key":"SMITH"},{"floor":13.0,"key":"REST"},{"data":"Storm of Steel","floor":15.0,"key":"SMITH"}],"neow_cost":"NONE","seed_source_timestamp":884627262906029,"circlet_count":0,"master_deck":["AscendersBane","Strike_G","Strike_G","Strike_G","Strike_G","Strike_G","Defend_G","Defend_G","Defend_G","Survivor","Neutralize+1","Slice","Cloak And Dagger+1","Backflip","Backflip","Quick Slash","Storm of Steel+1"],"special_seed":0,"relics":["Ring of the Snake","NeowsBlessing","Regal Pillow","Anchor","Pear"],"potions_floor_usage":[],"damage_taken":[{"damage":0.0,"enemies":"2 Louse","floor":1.0,"turns":1.0},{"damage":0.0,"enemies":"Cultist","floor":2.0,"turns":1.0},{"damage":0.0,"enemies":"Jaw Worm","floor":4.0,"turns":1.0},{"damage":0.0,"enemies":"Large Slime","floor":5.0,"turns":6.0},{"damage":10.0,"enemies":"Gremlin Nob","floor":6.0,"turns":4.0},{"damage":17.0,"enemies":"Exordium Thugs","floor":8.0,"turns":5.0},{"damage":4.0,"enemies":"Lots of Slimes","floor":10.0,"turns":6.0},{"damage":25.0,"enemies":"3 Sentries","floor":14.0,"turns":9.0},{"damage":57,"enemies":"Hexaghost","floor":16,"turns":16}],"seed_played":"-5222540360939837751","potions_obtained":[{"floor":1.0,"key":"FearPotion"},{"floor":5.0,"key":"EssenceOfSteel"},{"floor":8.0,"key":"Ancient Potion"}],"is_trial":false,"path_per_floor":["M","M","?","M","M","E","R","M","T","M","?","$","R","E","R","B"],"character_chosen":"THE_SILENT","items_purchased":[],"campfire_rested":1,"item_purchase_floors":[],"current_hp_per_floor":[63,63,63,63,63,53,53,36,36,32,32,32,68,53,53,0],"gold":107,"neow_bonus":"THREE_ENEMY_KILL","is_prod":false,"is_daily":false,"chose_seed":false,"campfire_upgraded":2,"win_rate":0,"timestamp":1566614659,"path_taken":["M","M","?","M","M","E","R","M","T","?","?","?","R","E","R","BOSS"],"build_version":"2019-07-17","purchased_purges":1,"victory":false,"max_hp_per_floor":[70,70,70,70,70,70,70,70,70,70,70,70,70,80,80,80],"card_choices":[{"not_picked":["PiercingWail","Outmaneuver"],"picked":"Slice","floor":1.0},{"not_picked":["Quick Slash","Blade Dance"],"picked":"Cloak And Dagger","floor":2.0},{"not_picked":["Slice","Finisher"],"picked":"Backflip","floor":4.0},{"not_picked":["Glass Knife","Deadly Poison","Dagger Spray"],"picked":"SKIP","floor":5.0},{"not_picked":["Predator","Tactician","Bouncing Flask"],"picked":"SKIP","floor":6.0},{"not_picked":["Dagger Throw","Flechettes"],"picked":"Backflip","floor":8.0},{"not_picked":["Deadly Poison","Prepared"],"picked":"Quick Slash","floor":10.0},{"not_picked":["Distraction","All Out Attack"],"picked":"Storm of Steel","floor":14.0}],"player_experience":822190,"relics_obtained":[{"floor":6.0,"key":"Regal Pillow"},{"floor":9.0,"key":"Anchor"},{"floor":14.0,"key":"Pear"}],"event_choices":[{"damage_healed":0.0,"max_hp_gain":0.0,"max_hp_loss":0.0,"gold_gain":0.0,"event_name":"Accursed Blacksmith","player_choice":"Forge","floor":3.0,"gold_loss":0.0,"damage_taken":0.0,"cards_upgraded":["Cloak And Dagger"]},{"cards_removed":["Defend_G"],"damage_healed":0.0,"max_hp_gain":0.0,"max_hp_loss":0.0,"gold_gain":0.0,"event_name":"The Cleric","player_choice":"Card Removal","floor":11.0,"gold_loss":50.0,"damage_taken":0.0}],"is_beta":false,"boss_relics":[],"items_purged_floors":[12],"is_endless":false,"potions_floor_spawned":[1,5,8],"killed_by":"Hexaghost","ascension_level":13}