{"gold_per_floor":[119,129,129,16,33,66,85,85,85,105,135,135,150,163,163,260,260,280,268,94,106,120,120,120],"floor_reached":24,"playtime":2859,"items_purged":["Defend_G","Defend_G"],"score":336,"play_id":"dd46e1b3-898f-44f1-b6c3-d93e4c6a7926","local_time":"20190823151242","is_ascension_mode":true,"campfire_choices":[{"data":"Footwork","floor":12.0,"key":"SMITH"},{"floor":15,"key":"REST"},{"floor":23,"key":"REST"}],"neow_cost":"TEN_PERCENT_HP_LOSS","seed_source_timestamp":861181676483236,"circlet_count":0,"master_deck":["AscendersBane","Strike_G","Strike_G","Strike_G","Strike_G","Defend_G","Defend_G","Survivor","Neutralize","Skewer","Blur+1","Predator","Backflip","Footwork+1","Terror","Escape Plan","Night Terror","Setup+1","Backflip","Slice","Calculated Gamble+1"],"special_seed":0,"relics":["Ring of the Snake","Unceasing Top","Mercury Hourglass","Ornamental Fan","Odd Mushroom","Thread and Needle","Cursed Key"],"potions_floor_usage":[22,22],"damage_taken":[{"damage":3.0,"enemies":"2 Louse","floor":1.0,"turns":2.0},{"damage":1.0,"enemies":"Cultist","floor":2.0,"turns":3.0},{"damage":0.0,"enemies":"Small Slimes","floor":5.0,"turns":4.0},{"damage":14.0,"enemies":"3 Sentries","floor":6.0,"turns":6.0},{"damage":0.0,"enemies":"Looter","floor":7.0,"turns":3.0},{"damage":10.0,"enemies":"The Mushroom Lair","floor":10.0,"turns":4.0},{"damage":12.0,"enemies":"Lagavulin","floor":11.0,"turns":6.0},{"damage":0.0,"enemies":"2 Fungi Beasts","floor":13.0,"turns":4.0},{"damage":0,"enemies":"Blue Slaver","floor":14,"turns":3},{"damage":1,"enemies":"The Guardian","floor":16,"turns":11},{"damage":10,"enemies":"Spheric Guardian","floor":18,"turns":7},{"damage":16,"enemies":"2 Thieves","floor":19,"turns":4},{"damage":24,"enemies":"Snecko","floor":21,"turns":5},{"damage":0,"enemies":"Centurion and Healer","floor":22,"turns":4},{"damage":31,"enemies":"Gremlin Leader","floor":24,"turns":5}],"seed_played":"-9089237019731404745","potions_obtained":[{"floor":1.0,"key":"Strength Potion"},{"floor":6.0,"key":"GhostInAJar"},{"floor":10.0,"key":"GamblersBrew"},{"floor":14,"key":"LiquidBronze"},{"floor":16,"key":"GhostInAJar"},{"floor":21,"key":"Fire Potion"}],"is_trial":false,"path_per_floor":["M","M","?","$","M","E","M","?","T","?","E","R","M","M","R","B",null,"M","M","$","M","M","R","E"],"character_chosen":"THE_SILENT","items_purchased":["Predator","Backflip","Slice"],"campfire_rested":2,"item_purchase_floors":[4,20,20],"current_hp_per_floor":[60,59,59,59,59,45,45,42,42,32,20,20,20,20,38,37,57,47,31,31,7,7,25,0],"gold":120,"neow_bonus":"REMOVE_TWO","is_prod":false,"is_daily":false,"chose_seed":false,"campfire_upgraded":1,"win_rate":0,"timestamp":1566591162,"path_taken":["M","M","?","$","?","E","M","?","T","?","E","R","M","M","R","BOSS","M","M","$","M","M","R","E"],"build_version":"2019-07-17","purchased_purges":2,"victory":false,"max_hp_per_floor":[63,63,63,63,63,63,63,63,63,63,63,63,63,63,63,63,63,63,63,63,63,63,63,63],"card_choices":[{"not_picked":["Distraction","Flying Knee"],"picked":"Skewer","floor":1.0},{"not_picked":["Acrobatics","Cloak And Dagger"],"picked":"Blur","floor":2.0},{"not_picked":["Dodge and Roll","Deflect","Deadly Poison"],"picked":"SKIP","floor":5.0},{"not_picked":["Reflex","Setup"],"picked":"Backflip","floor":6.0},{"not_picked":["Sucker Punch","Dagger Spray","Dagger Throw"],"picked":"SKIP","floor":7.0},{"not_picked":["Prepared","Leg Sweep"],"picked":"Footwork","floor":10.0},{"not_picked":["Slice","PiercingWail","Venomology"],"picked":"SKIP","floor":11.0},{"not_picked":["Backstab","Sucker Punch"],"picked":"Terror","floor":13.0},{"not_picked":["Backstab","Deadly Poison"],"picked":"Escape Plan","floor":14},{"not_picked":["Venomology","Die Die Die"],"picked":"Night Terror","floor":16},{"not_picked":["Poisoned Stab","Sucker Punch"],"picked":"Setup+1","floor":18},{"not_picked":["Endless Agony","Poisoned Stab","PiercingWail"],"picked":"SKIP","floor":19},{"not_picked":["Dagger Spray","Poisoned Stab","Underhanded Strike"],"picked":"SKIP","floor":21},{"not_picked":["Bane","Flechettes"],"picked":"Calculated Gamble+1","floor":22}],"player_experience":804194,"relics_obtained":[{"floor":6.0,"key":"Unceasing Top"},{"floor":9.0,"key":"Ornamental Fan"},{"floor":10.0,"key":"Odd Mushroom"},{"floor":11.0,"key":"Thread and Needle"}],"event_choices":[{"damage_healed":0.0,"max_hp_gain":0.0,"max_hp_loss":0.0,"gold_gain":0.0,"event_name":"Upgrade Shrine","player_choice":"Upgraded","floor":3.0,"gold_loss":0.0,"damage_taken":0.0,"cards_upgraded":["Blur"]},{"damage_healed":0.0,"max_hp_gain":0.0,"max_hp_loss":0.0,"gold_gain":0.0,"event_name":"Scrap Ooze","player_choice":"Success","floor":8.0,"gold_loss":0.0,"damage_taken":3.0,"relics_obtained":["Mercury Hourglass"]},{"damage_healed":0.0,"max_hp_gain":0.0,"max_hp_loss":0.0,"gold_gain":0.0,"event_name":"Mushrooms","player_choice":"Fought Mushrooms","floor":10.0,"gold_loss":0.0,"damage_taken":0.0}],"is_beta":false,"boss_relics":[{"not_picked":["White Beast Statue","Runic Pyramid"],"picked":"Cursed Key"}],"items_purged_floors":[4,20],"is_endless":false,"potions_floor_spawned":[1,6,10,14,16,19,21],"killed_by":"Gremlin Leader","ascension_level":12}