{"gold_per_floor":[110,110,129,129,148,168,199,199,199,199,209,243,243,263,263,364,364,381,6,6,26,36,61,61,61,84,99,124,124,151,171,171,271,271,291,26,40,53,153,153,153,188,214,233,233,233,244,274,274,274,274,274,101,130,130],"floor_reached":56,"playtime":5944,"items_purged":[],"score":1502,"play_id":"fef00956-56f0-4783-855e-a60dd9d58f45","local_time":"20190908004516","is_ascension_mode":false,"campfire_choices":[{"data":"blademaster:Sharpen","floor":8,"key":"SMITH"},{"data":"blademaster:Flurry","floor":10,"key":"SMITH"},{"data":"blademaster:Frontflip","floor":15,"key":"SMITH"},{"data":"blademaster:Strike","floor":24,"key":"SMITH"},{"data":"blademaster:EyeOfTheTornado","floor":32,"key":"SMITH"},{"floor":41,"key":"RECALL"},{"data":"blademaster:Frontflip","floor":49,"key":"SMITH"},{"data":"blademaster:RagingBlow","floor":52,"key":"SMITH"}],"neow_cost":"NONE","seed_source_timestamp":94969545721055,"circlet_count":0,"master_deck":["blademaster:Strike+1","blademaster:Strike","blademaster:Strike","blademaster:Strike","blademaster:Defend","blademaster:Defend","blademaster:Defend","blademaster:RagingBlow+1","blademaster:HighVoltage","blademaster:Gust+1","blademaster:Flurry+1","blademaster:Frontflip+1","blademaster:Sharpen+1","blademaster:Sharpen","blademaster:Vortex","blademaster:Flash","blademaster:FuryOfTheElements+1","blademaster:FuriousStrike+1","blademaster:BladeMastery+1","blademaster:Overcharge+1","blademaster:AirSlash+1","blademaster:Sharpen","blademaster:Slice","blademaster:Slice+1","J.A.X.","blademaster:Slice","blademaster:EyeOfTheTornado+1","Guardian:Gem_Red","Guardian:Gem_Synthetic","blademaster:AwakeningStrike","blademaster:CombatPrep+1","blademaster:HighVoltage","blademaster:DeadlyDance+1","blademaster:RagingBlow+1","blademaster:LeechingStrike+1","Impatience+1","blademaster:Flurry+1","blademaster:Frontflip+1","blademaster:KiBarrier","blademaster:Meditate","Guardian:Gem_White","Guardian:Gem_Blue","blademaster:AirSlash"],"relics":["blademaster:DancersAmulet","Smiling Mask","HollowMod:StagPassRelic","Lantern","StoneCalendar","Astrolabe","Membership Card","Ice Cream","Strawberry","Vajra","Bronze Scales","Pocketwatch","Sozu","DollysMirror","Ancient Tea Set","Du-Vu Doll","Shuriken","Runesmith:Nanobots","HandDrill","Orichalcum","Kunai"],"potions_floor_usage":[12,16,18,21,23,28,30,30,31,31,33],"damage_taken":[{"damage":3,"enemies":"Small Slimes","floor":1,"turns":4},{"damage":0,"enemies":"2 Louse","floor":3,"turns":1},{"damage":0,"enemies":"Cultist","floor":5,"turns":3},{"damage":12,"enemies":"3 Louse","floor":6,"turns":4},{"damage":13,"enemies":"Lagavulin","floor":7,"turns":7},{"damage":0,"enemies":"Lots of Slimes","floor":11,"turns":3},{"damage":0,"enemies":"3 Sentries","floor":12,"turns":4},{"damage":10,"enemies":"Looter","floor":14,"turns":3},{"damage":3,"enemies":"Hexaghost","floor":16,"turns":8},{"damage":0,"enemies":"Chosen","floor":18,"turns":6},{"damage":7,"enemies":"2 Thieves","floor":21,"turns":3},{"damage":8,"enemies":"Centurion and Healer","floor":22,"turns":4},{"damage":27,"enemies":"Gremlin Leader","floor":23,"turns":3},{"damage":0,"enemies":"Sentry and Sphere","floor":27,"turns":3},{"damage":0,"enemies":"Slavers","floor":28,"turns":3},{"damage":2,"enemies":"Gremlin Leader","floor":30,"turns":2},{"damage":0,"enemies":"Cultist and Chosen","floor":31,"turns":2},{"damage":16,"enemies":"Automaton","floor":33,"turns":4},{"damage":0,"enemies":"3 Shapes","floor":35,"turns":3},{"damage":11,"enemies":"3 Darklings","floor":37,"turns":3},{"damage":5,"enemies":"Transient","floor":38,"turns":5},{"damage":0,"enemies":"Mind Bloom Boss Battle","floor":39,"turns":4},{"damage":2,"enemies":"Giant Head","floor":42,"turns":2},{"damage":2,"enemies":"4 Shapes","floor":44,"turns":2},{"damage":3,"enemies":"Jaw Worm Horde","floor":47,"turns":2},{"damage":2,"enemies":"beaked:SuperParasite","floor":48,"turns":3},{"damage":8,"enemies":"Awakened One","floor":50,"turns":4},{"damage":2,"enemies":"Shield and Spear","floor":54,"turns":2},{"damage":53,"enemies":"The Heart","floor":55,"turns":6}],"seed_played":"-6953069870088598597","potions_obtained":[{"floor":3,"key":"Ancient Potion"},{"floor":5,"key":"GamblersBrew"},{"floor":6,"key":"SkillPotion"},{"floor":14,"key":"Block Potion"},{"floor":20,"key":"GamblersBrew"},{"floor":20,"key":"FearPotion"},{"floor":21,"key":"Ancient Potion"},{"floor":27,"key":"GamblersBrew"},{"floor":28,"key":"EntropicBrew"}],"is_trial":false,"path_per_floor":["M","?","M","?","M","M","E","R","T","R","M","E","?","M","R","B",null,"M","$","?","M","M","E","R","?","T","M","E","?","E","M","R","B",null,"M","$","M","M","?","?","R","E","T","M","?","?","M","E","R","B",null,"R","$","E","B",null],"character_chosen":"THE_BLADEMASTER","items_purchased":["Membership Card","blademaster:AirSlash","Ice Cream","DollysMirror","blademaster:LeechingStrike","Ancient Tea Set","Impatience","blademaster:Flurry","HandDrill","Orichalcum"],"campfire_rested":0,"item_purchase_floors":[19,19,19,36,36,36,36,36,53,53],"current_hp_per_floor":[79,67,67,67,67,55,42,42,42,42,42,42,42,32,32,29,82,82,82,82,75,67,47,47,47,47,47,47,47,45,51,51,41,89,89,89,84,85,89,89,89,89,89,89,85,85,85,85,85,85,85,85,85,85,43],"gold":130,"neow_bonus":"TEN_PERCENT_HP_BONUS","is_prod":false,"is_daily":false,"chose_seed":false,"campfire_upgraded":7,"win_rate":0.0,"timestamp":1567917916,"path_taken":["M","?","M","?","M","M","E","R","T","R","?","E","?","?","R","BOSS","M","$","?","?","M","E","R","?","T","M","E","?","E","M","R","BOSS","M","$","M","M","?","?","R","E","T","?","?","?","?","E","R","BOSS","R","$","E","BOSS"],"build_version":"2019-07-17","purchased_purges":0,"victory":true,"max_hp_per_floor":[82,82,82,82,82,82,82,82,82,82,82,82,82,82,82,82,82,82,82,82,82,82,89,89,89,89,89,89,89,89,89,89,89,89,89,89,89,89,89,89,89,89,89,89,85,85,85,85,85,85,85,85,85,85,85],"card_choices":[{"not_picked":["blademaster:Stability","blademaster:CombatPrep"],"picked":"blademaster:Gust","floor":1},{"not_picked":["blademaster:Sunder","blademaster:FuriousStrike"],"picked":"blademaster:LightningCrash","floor":3},{"not_picked":["blademaster:SharpBlades","blademaster:AwakeningStrike"],"picked":"blademaster:Flurry","floor":5},{"not_picked":["blademaster:Thrust","blademaster:Stormstrike"],"picked":"blademaster:Frontflip","floor":6},{"not_picked":["blademaster:Sunder","blademaster:EnchantedCuirass"],"picked":"blademaster:Sharpen","floor":7},{"not_picked":["blademaster:BloodyBlow","blademaster:FuriousStrike"],"picked":"blademaster:Sharpen","floor":11},{"not_picked":["blademaster:BladeMastery","blademaster:Rupture"],"picked":"blademaster:Vortex","floor":12},{"not_picked":["blademaster:BladeMastery","blademaster:Thrust"],"picked":"blademaster:Breeze","floor":14},{"not_picked":["blademaster:LightningDraw","blademaster:StanceMastery"],"picked":"blademaster:Flash","floor":16},{"not_picked":["blademaster:EyeOfTheStorm","blademaster:ChargingUp"],"picked":"blademaster:Overcharge+1","floor":18},{"not_picked":["blademaster:SlyStabs+1","blademaster:NotBarrage+1"],"picked":"blademaster:Sharpen","floor":21},{"not_picked":["blademaster:NotDualcast","blademaster:CombatPrep"],"picked":"blademaster:Slice","floor":22},{"not_picked":["blademaster:NotBarrage","blademaster:SlyStabs"],"picked":"blademaster:Slice+1","floor":23},{"not_picked":["blademaster:AirSlash","blademaster:LightningCrash"],"picked":"blademaster:Slice","floor":27},{"not_picked":["blademaster:Safeguard","blademaster:ChargingUp"],"picked":"blademaster:EyeOfTheTornado","floor":28},{"not_picked":["blademaster:AncestralHealing+1","blademaster:CloudOfSteel"],"picked":"blademaster:AwakeningStrike","floor":30},{"not_picked":["blademaster:ThunderSlash","blademaster:Frontflip"],"picked":"blademaster:CombatPrep+1","floor":31},{"not_picked":["blademaster:FuryOfTheElements","blademaster:Flash"],"picked":"blademaster:HighVoltage","floor":33},{"not_picked":["blademaster:NotBarrage+1","blademaster:CombatPrep"],"picked":"blademaster:DeadlyDance+1","floor":35},{"not_picked":["blademaster:AwakeningStrike+1","blademaster:SlyStabs","blademaster:ThunderSlash"],"picked":"SKIP","floor":37},{"not_picked":["blademaster:UnrelentingWind","blademaster:SlyStabs+1","blademaster:BloodyBlow+1"],"picked":"SKIP","floor":38},{"not_picked":["blademaster:Sharpen+1","blademaster:Stability+1"],"picked":"blademaster:Frontflip","floor":39},{"not_picked":["blademaster:Gust+1","blademaster:Reversal+1"],"picked":"blademaster:KiBarrier","floor":42},{"not_picked":["blademaster:FlockOfBlades","blademaster:ParryingStrike+1"],"picked":"blademaster:Meditate","floor":44},{"not_picked":["blademaster:BladeMastery+1","blademaster:Thrust"],"picked":"blademaster:AirSlash","floor":47},{"not_picked":["blademaster:Sunder+1","blademaster:SlyStabs","blademaster:Quickness+1"],"picked":"SKIP","floor":48},{"not_picked":["blademaster:BladeDance","blademaster:DaggerAndCloak","blademaster:TraverseCut"],"picked":"SKIP","floor":54}],"player_experience":29617,"relics_obtained":[{"floor":7,"key":"HollowMod:StagPassRelic"},{"floor":7,"key":"blademaster:DextrousPerk"},{"floor":9,"key":"Lantern"},{"floor":12,"key":"StoneCalendar"},{"floor":12,"key":"blademaster:WindChargePerk"},{"floor":23,"key":"Strawberry"},{"floor":23,"key":"blademaster:FinisherDrawCardPerk"},{"floor":26,"key":"Vajra"},{"floor":28,"key":"Bronze Scales"},{"floor":28,"key":"blademaster:OnAttackedChargePerk"},{"floor":30,"key":"Pocketwatch"},{"floor":30,"key":"blademaster:StanceHealPerk"},{"floor":39,"key":"Du-Vu Doll"},{"floor":39,"key":"blademaster:RandomBladePerk"},{"floor":42,"key":"Shuriken"},{"floor":42,"key":"blademaster:BonusComboPerk"},{"floor":48,"key":"Runesmith:Nanobots"},{"floor":48,"key":"blademaster:FuryEveryTurnPerk"},{"floor":54,"key":"Kunai"},{"floor":54,"key":"blademaster:StrongPerk"}],"event_choices":[{"damage_healed":0,"gold_gain":0,"player_choice":"Success","damage_taken":12,"relics_obtained":["Smiling Mask"],"max_hp_gain":0,"max_hp_loss":0,"event_name":"Scrap Ooze","floor":2,"gold_loss":0},{"damage_healed":0,"gold_gain":0,"player_choice":"Got Potions","damage_taken":0,"max_hp_gain":0,"max_hp_loss":0,"event_name":"Lab","floor":20,"gold_loss":0},{"damage_healed":0,"gold_gain":0,"player_choice":"Obtain J.A.X.","damage_taken":0,"max_hp_gain":0,"max_hp_loss":0,"event_name":"Drug Dealer","floor":25,"gold_loss":0,"cards_obtained":["J.A.X."]},{"damage_healed":0,"gold_gain":0,"player_choice":"Fight","damage_taken":0,"max_hp_gain":0,"max_hp_loss":0,"event_name":"MindBloom","floor":39,"gold_loss":0},{"damage_healed":0,"gold_gain":0,"player_choice":"Max HP","damage_taken":0,"max_hp_gain":0,"max_hp_loss":4,"event_name":"Winding Halls","floor":45,"gold_loss":0}],"is_beta":false,"boss_relics":[{"not_picked":["Orrery","Empty Cage"],"picked":"Astrolabe"},{"not_picked":["Velvet Choker","Lizard Tail"],"picked":"Sozu"}],"items_purged_floors":[],"is_endless":false,"potions_floor_spawned":[3,5,6,14,21,22,27,28,38,39,47,48],"ascension_level":0}