{"gold_per_floor":[111,54,54,129,150,190,190,261,261,261,287,302,317,317],"floor_reached":14,"playtime":580,"items_purged":[],"score":234,"play_id":"09f7294b-41b1-423e-8578-e780a285e8be","local_time":"20190903172305","is_ascension_mode":true,"campfire_choices":[{"data":"Hologram","floor":7.0,"key":"SMITH"},{"data":"Genetic Algorithm","floor":10.0,"key":"SMITH"}],"neow_cost":"NONE","seed_source_timestamp":1366940933927025,"circlet_count":0,"master_deck":["AscendersBane","Strike_B","Strike_B","Strike_B","Strike_B","Defend_B","Defend_B","Defend_B","Defend_B","Zap","Dualcast","Hologram+1","Cold Snap","Hologram","Genetic Algorithm+1","Ball Lightning","Gash","Auto Shields"],"special_seed":0,"relics":["Cracked Core","NeowsBlessing","Golden Idol","Ice Cream","Tiny Chest","WingedGreaves","Odd Mushroom"],"potions_floor_usage":[],"damage_taken":[{"damage":0.0,"enemies":"Jaw Worm","floor":1.0,"turns":1.0},{"damage":0.0,"enemies":"2 Louse","floor":5.0,"turns":1.0},{"damage":0.0,"enemies":"3 Sentries","floor":6.0,"turns":1.0},{"damage":16.0,"enemies":"Lagavulin","floor":8.0,"turns":8.0},{"damage":8.0,"enemies":"The Mushroom Lair","floor":11.0,"turns":6.0},{"damage":9,"enemies":"Small Slimes","floor":12,"turns":4},{"damage":4,"enemies":"Looter","floor":13,"turns":3},{"damage":23,"enemies":"3 Sentries","floor":14,"turns":5}],"seed_played":"7649445327129995636","potions_obtained":[{"floor":5.0,"key":"FocusPotion"},{"floor":8.0,"key":"Block Potion"},{"floor":11.0,"key":"FearPotion"}],"is_trial":false,"path_per_floor":["M","$","?","?","M","E","R","E","T","R","?","M","M","E"],"character_chosen":"DEFECT","items_purchased":["Cold Snap"],"campfire_rested":0,"item_purchase_floors":[2],"current_hp_per_floor":[64,64,64,53,53,53,53,37,37,37,29,20,16,0],"gold":317,"neow_bonus":"THREE_ENEMY_KILL","is_prod":false,"is_daily":false,"chose_seed":false,"campfire_upgraded":2,"win_rate":0,"timestamp":1567549385,"path_taken":["M","$","?","?","M","E","R","E","T","R","?","M","M","E"],"build_version":"2019-07-17","purchased_purges":0,"victory":false,"max_hp_per_floor":[71,71,64,64,64,64,64,64,64,64,64,64,64,64],"card_choices":[{"not_picked":["Go for the Eyes","Steam"],"picked":"Hologram","floor":1.0},{"not_picked":["Sweeping Beam","Turbo"],"picked":"Hologram","floor":5.0},{"not_picked":["Rebound","Lockon","Storm"],"picked":"SKIP","floor":6.0},{"not_picked":["Thunder Strike","Lockon"],"picked":"Genetic Algorithm","floor":8.0},{"not_picked":["Chaos","Steam"],"picked":"Ball Lightning","floor":11.0},{"not_picked":["Lockon","Fusion"],"picked":"Gash","floor":12},{"not_picked":["Ball Lightning","Go for the Eyes"],"picked":"Auto Shields","floor":13}],"player_experience":1079618,"relics_obtained":[{"floor":6.0,"key":"Ice Cream"},{"floor":8.0,"key":"Tiny Chest"},{"floor":9.0,"key":"WingedGreaves"},{"floor":11.0,"key":"Odd Mushroom"}],"event_choices":[{"damage_healed":0.0,"max_hp_gain":0.0,"max_hp_loss":7.0,"gold_gain":0.0,"event_name":"Golden Idol","player_choice":"Lose Max HP","floor":3.0,"gold_loss":0.0,"damage_taken":0.0,"relics_obtained":["Golden Idol"]},{"damage_healed":0.0,"max_hp_gain":0.0,"max_hp_loss":0.0,"gold_gain":75.0,"event_name":"World of Goop","player_choice":"Gather Gold","floor":4.0,"gold_loss":0.0,"damage_taken":11.0},{"damage_healed":0.0,"max_hp_gain":0.0,"max_hp_loss":0.0,"gold_gain":0.0,"event_name":"Mushrooms","player_choice":"Fought Mushrooms","floor":11.0,"gold_loss":0.0,"damage_taken":0.0}],"is_beta":false,"boss_relics":[],"items_purged_floors":[],"is_endless":false,"potions_floor_spawned":[5,8,11],"killed_by":"3 Sentries","ascension_level":18}