{"gold_per_floor":[111,111,111,111,123,151,151,186,186,197,222,234,234,254,254,325,325,295],"floor_reached":18,"playtime":810,"items_purged":[],"score":349,"play_id":"3d947a9e-7b8a-4990-bb7a-ac372aba93a4","local_time":"20190825230443","is_ascension_mode":true,"campfire_choices":[{"data":"Inflame","floor":7.0,"key":"SMITH"},{"data":"Clothesline","floor":13,"key":"SMITH"},{"data":"Bash","floor":15,"key":"SMITH"}],"neow_cost":"NONE","seed_source_timestamp":981358638340371,"circlet_count":0,"master_deck":["AscendersBane","Strike_R","Strike_R","Strike_R","Strike_R","Strike_R","Defend_R","Defend_R","Defend_R+1","Bash+1","Warcry+1","Ghostly Armor","Burning Pact","Inflame+1","Clothesline+1","Demon Form"],"special_seed":0,"relics":["Burning Blood","NeowsBlessing","Pantograph","Sundial","War Paint","Orichalcum","Coffee Dripper"],"potions_floor_usage":[11,11,16],"damage_taken":[{"damage":0.0,"enemies":"Cultist","floor":1.0,"turns":1.0},{"damage":0.0,"enemies":"2 Louse","floor":5.0,"turns":1.0},{"damage":0.0,"enemies":"Gremlin Nob","floor":6.0,"turns":1.0},{"damage":30.0,"enemies":"Lagavulin","floor":8.0,"turns":7.0},{"damage":0,"enemies":"Small Slimes","floor":10,"turns":3},{"damage":16,"enemies":"Gremlin Nob","floor":11,"turns":4},{"damage":1,"enemies":"Looter","floor":12,"turns":3},{"damage":3,"enemies":"Blue Slaver","floor":14,"turns":5},{"damage":65,"enemies":"Hexaghost","floor":16,"turns":13},{"damage":16,"enemies":"2 Thieves","floor":18,"turns":2}],"seed_played":"4629287574024734947","potions_obtained":[{"floor":4.0,"key":"Strength Potion"},{"floor":4.0,"key":"Strength Potion"},{"floor":8.0,"key":"PowerPotion"},{"floor":12,"key":"PowerPotion"},{"floor":14,"key":"Strength Potion"},{"floor":16,"key":"SkillPotion"}],"is_trial":false,"path_per_floor":["M","?","?","?","M","E","R","E","T","M","E","M","R","M","R","B",null,"M"],"character_chosen":"IRONCLAD","items_purchased":[],"campfire_rested":0,"item_purchase_floors":[],"current_hp_per_floor":[74,74,74,74,75,75,75,51,51,57,47,52,52,55,55,16,60,44],"gold":295,"neow_bonus":"THREE_ENEMY_KILL","is_prod":false,"is_daily":false,"chose_seed":false,"campfire_upgraded":3,"win_rate":0,"timestamp":1566792283,"path_taken":["M","?","?","?","M","E","R","E","T","?","E","M","R","M","R","BOSS","M"],"build_version":"2019-07-17","purchased_purges":0,"victory":false,"max_hp_per_floor":[75,75,75,75,75,75,75,75,75,75,75,75,75,75,75,75,75,75],"card_choices":[{"not_picked":["Combust","Dropkick"],"picked":"Warcry","floor":1.0},{"not_picked":["Flame Barrier","Twin Strike"],"picked":"Burning Pact","floor":5.0},{"not_picked":["Carnage","Immolate"],"picked":"Inflame","floor":6.0},{"not_picked":["Intimidate","Thunderclap"],"picked":"Clothesline","floor":8.0},{"not_picked":["Headbutt","Blood for Blood","Seeing Red"],"picked":"SKIP","floor":10},{"not_picked":["Thunderclap","Cleave","Anger"],"picked":"SKIP","floor":11},{"not_picked":["Seeing Red","Intimidate","Rage"],"picked":"SKIP","floor":12},{"not_picked":["Clothesline","Wild Strike","Seeing Red"],"picked":"SKIP","floor":14},{"not_picked":["Offering","Juggernaut"],"picked":"Demon Form","floor":16}],"player_experience":890069,"relics_obtained":[{"floor":6.0,"key":"Pantograph"},{"floor":8.0,"key":"Sundial"},{"floor":9.0,"key":"War Paint"},{"floor":11,"key":"Orichalcum"}],"event_choices":[{"damage_healed":0.0,"max_hp_gain":0.0,"max_hp_loss":0.0,"gold_gain":0.0,"event_name":"Liars Game","player_choice":"Ignored","floor":2.0,"gold_loss":0.0,"damage_taken":0.0},{"damage_healed":0.0,"max_hp_gain":0.0,"max_hp_loss":0.0,"gold_gain":0.0,"cards_transformed":["Defend_R"],"event_name":"Living Wall","player_choice":"Change","floor":3.0,"gold_loss":0.0,"damage_taken":0.0,"cards_obtained":["Ghostly Armor"]},{"damage_healed":0.0,"max_hp_gain":0.0,"max_hp_loss":0.0,"gold_gain":0.0,"event_name":"Lab","player_choice":"Got Potions","floor":4.0,"gold_loss":0.0,"damage_taken":0.0}],"is_beta":false,"boss_relics":[{"not_picked":["Runic Dome","Orrery"],"picked":"Coffee Dripper"}],"items_purged_floors":[],"is_endless":false,"potions_floor_spawned":[5,8,12,14,16],"killed_by":"2 Thieves","ascension_level":14}