{"gold_per_floor":[111,128,53,53,65,65,77,77,77,109,120,185,260,270,270,349,349,366,174,192,211,226,252,263,263,288,308,339,339,372,99,99,176,176,190,209,309,327,340,340,135,151,174,24,0,0,34,57,57,57],"floor_reached":51,"playtime":4859,"items_purged":["Defend_R","Defend_R","Strike_R","Strike_R"],"score":1302,"play_id":"d4236685-24a9-4896-a949-c42b3a8f4f56","local_time":"20190825185532","is_ascension_mode":true,"campfire_choices":[{"data":"Body Slam","floor":6.0,"key":"SMITH"},{"data":"Armaments","floor":8.0,"key":"SMITH"},{"data":"Barricade","floor":15.0,"key":"SMITH"},{"data":"Inflame","floor":25.0,"key":"SMITH"},{"data":"Shrug It Off","floor":29.0,"key":"SMITH"},{"floor":32.0,"key":"REST"},{"data":"Shockwave","floor":40.0,"key":"SMITH"},{"data":"Ghostly Armor","floor":46.0,"key":"SMITH"},{"data":"Demon Form","floor":49,"key":"SMITH"}],"neow_cost":"NONE","seed_source_timestamp":965681685971978,"circlet_count":0,"master_deck":["AscendersBane","Strike_R","Strike_R","Strike_R","Defend_R","Defend_R","Bash","Shrug It Off+1","Shrug It Off+1","Body Slam+1","Armaments+1","Shockwave+1","Inflame+1","Barricade+1","Immolate+1","Bandage Up","Body Slam+1","Headbutt+1","Pommel Strike+1","Bludgeon+1","Ghostly Armor+1","Demon Form+1"],"special_seed":0,"relics":["Burning Blood","Happy Flower","FossilizedHelix","Magic Flower","Molten Egg 2","Sozu","Dodecahedron","Red Skull","Bag of Preparation","Ornamental Fan","Omamori","Runic Pyramid","Turnip","Medical Kit","Bag of Marbles","Red Mask","Strawberry","Potion Belt"],"potions_floor_usage":[],"damage_taken":[{"damage":6.0,"enemies":"Cultist","floor":1.0,"turns":3.0},{"damage":4.0,"enemies":"Jaw Worm","floor":2.0,"turns":5.0},{"damage":0.0,"enemies":"2 Louse","floor":5.0,"turns":4.0},{"damage":6.0,"enemies":"Lots of Slimes","floor":7.0,"turns":4.0},{"damage":0.0,"enemies":"Gremlin Nob","floor":10.0,"turns":4.0},{"damage":0.0,"enemies":"Large Slime","floor":11.0,"turns":6.0},{"damage":24.0,"enemies":"Lagavulin Event","floor":12.0,"turns":6.0},{"damage":0.0,"enemies":"3 Louse","floor":14.0,"turns":4.0},{"damage":28.0,"enemies":"Hexaghost","floor":16.0,"turns":8.0},{"damage":0.0,"enemies":"3 Byrds","floor":18.0,"turns":4.0},{"damage":0.0,"enemies":"Chosen","floor":20.0,"turns":4.0},{"damage":35.0,"enemies":"Snake Plant","floor":21.0,"turns":5.0},{"damage":4.0,"enemies":"3 Cultists","floor":22.0,"turns":3.0},{"damage":23.0,"enemies":"Slavers","floor":23.0,"turns":4.0},{"damage":16.0,"enemies":"Cultist and Chosen","floor":24.0,"turns":5.0},{"damage":15.0,"enemies":"Snecko","floor":27.0,"turns":5.0},{"damage":17.0,"enemies":"Gremlin Leader","floor":28.0,"turns":4.0},{"damage":24.0,"enemies":"Book of Stabbing","floor":30.0,"turns":5.0},{"damage":4.0,"enemies":"Champ","floor":33.0,"turns":8.0},{"damage":0.0,"enemies":"3 Shapes","floor":35.0,"turns":2.0},{"damage":0.0,"enemies":"Orb Walker","floor":36.0,"turns":2.0},{"damage":20.0,"enemies":"Mind Bloom Boss Battle","floor":37.0,"turns":5.0},{"damage":0.0,"enemies":"3 Darklings","floor":38.0,"turns":3.0},{"damage":0.0,"enemies":"Sphere and 2 Shapes","floor":39.0,"turns":4.0},{"damage":0.0,"enemies":"Transient","floor":42.0,"turns":5.0},{"damage":0.0,"enemies":"Nemesis","floor":47.0,"turns":5.0},{"damage":0,"enemies":"Time Eater","floor":50,"turns":6}],"seed_played":"317092628374857064","potions_obtained":[{"floor":2.0,"key":"FairyPotion"},{"floor":5.0,"key":"Fire Potion"},{"floor":7.0,"key":"Strength Potion"},{"floor":12.0,"key":"Dexterity Potion"}],"is_trial":false,"path_per_floor":["M","M","$","?","M","R","M","R","T","E","M","?","?","M","R","B",null,"M","$","M","M","M","E","M","R","T","M","E","R","E","$","R","B",null,"M","M","?","M","M","R","$","M","T","$","?","R","E","T","R","B",null],"character_chosen":"IRONCLAD","items_purchased":["Bandage Up","Omamori","Medical Kit"],"campfire_rested":1,"item_purchase_floors":[19,31,41],"current_hp_per_floor":[72,74,74,74,80,80,80,80,80,80,80,65,57,66,66,47,72,80,80,80,60,71,63,62,62,62,62,60,60,51,51,75,80,80,80,80,78,80,80,80,80,80,80,80,80,80,87,87,87,87],"gold":57,"neow_bonus":"RANDOM_COMMON_RELIC","is_prod":false,"is_daily":false,"chose_seed":false,"campfire_upgraded":8,"win_rate":0,"timestamp":1566777332,"path_taken":["M","?","$","?","?","R","M","R","T","E","M","?","?","M","R","BOSS","M","$","M","M","?","E","M","R","T","M","E","R","E","$","R","BOSS","M","M","?","M","M","R","$","M","T","$","?","R","E","?","R","BOSS"],"build_version":"2019-07-17","purchased_purges":4,"victory":true,"max_hp_per_floor":[80,80,80,80,80,80,80,80,80,80,80,80,80,80,80,80,80,80,80,80,80,80,80,80,80,80,80,80,80,80,80,80,80,80,80,80,80,80,80,80,80,80,80,80,80,80,87,87,87,87],"card_choices":[{"not_picked":["Wild Strike","True Grit"],"picked":"Shrug It Off","floor":1.0},{"not_picked":["Body Slam","Pummel"],"picked":"Shrug It Off","floor":2.0},{"not_picked":["Rupture","Anger"],"picked":"Body Slam","floor":5.0},{"not_picked":["Flex","Heavy Blade"],"picked":"Armaments","floor":7.0},{"not_picked":["Iron Wave","Disarm"],"picked":"Shockwave","floor":10.0},{"not_picked":["Warcry","Shrug It Off","Cleave"],"picked":"SKIP","floor":11.0},{"not_picked":["Pummel+1","Warcry"],"picked":"Inflame","floor":12.0},{"not_picked":["Power Through","Spot Weakness"],"picked":"Barricade","floor":14.0},{"not_picked":["Offering","Dark Embrace"],"picked":"Immolate+1","floor":16.0},{"not_picked":["Clash+1","Clothesline+1","Havoc"],"picked":"SKIP","floor":18.0},{"not_picked":["Blood for Blood+1","True Grit","Fire Breathing"],"picked":"SKIP","floor":20.0},{"not_picked":["Thunderclap+1","Shrug It Off"],"picked":"Body Slam+1","floor":21.0},{"not_picked":["Armaments","Limit Break","Bloodletting"],"picked":"SKIP","floor":22.0},{"not_picked":["Reckless Charge+1","Clothesline+1","Flex"],"picked":"SKIP","floor":23.0},{"not_picked":["Bloodletting","Perfected Strike+1"],"picked":"Headbutt+1","floor":24.0},{"not_picked":["Body Slam+1","Twin Strike+1"],"picked":"Pommel Strike+1","floor":27.0},{"not_picked":["Seeing Red","Hemokinesis+1","Barricade"],"picked":"SKIP","floor":28.0},{"not_picked":["Hemokinesis+1","Warcry","Havoc"],"picked":"SKIP","floor":30.0},{"not_picked":["Juggernaut","Offering"],"picked":"Bludgeon+1","floor":33.0},{"not_picked":["Pommel Strike+1","Rampage+1","Feel No Pain"],"picked":"SKIP","floor":35.0},{"not_picked":["Carnage+1","Flame Barrier","Pummel+1"],"picked":"SKIP","floor":36.0},{"not_picked":["Sword Boomerang+1","Uppercut+1"],"picked":"Ghostly Armor","floor":38.0},{"not_picked":["Flex","Blood for Blood+1","Spot Weakness"],"picked":"SKIP","floor":39.0},{"not_picked":["Power Through","Uppercut+1","Wild Strike+1"],"picked":"SKIP","floor":42.0},{"not_picked":["True Grit","Cleave+1"],"picked":"Demon Form","floor":47.0}],"player_experience":877181,"relics_obtained":[{"floor":9.0,"key":"FossilizedHelix"},{"floor":10.0,"key":"Magic Flower"},{"floor":23.0,"key":"Dodecahedron"},{"floor":26.0,"key":"Red Skull"},{"floor":28.0,"key":"Bag of Preparation"},{"floor":30.0,"key":"Ornamental Fan"},{"floor":37.0,"key":"Turnip"},{"floor":43.0,"key":"Bag of Marbles"},{"floor":47.0,"key":"Strawberry"},{"floor":48,"key":"Potion Belt"}],"event_choices":[{"damage_healed":0.0,"max_hp_gain":0.0,"max_hp_loss":0.0,"gold_gain":0.0,"event_name":"Accursed Blacksmith","player_choice":"Forge","floor":4.0,"gold_loss":0.0,"damage_taken":0.0,"cards_upgraded":["Shrug It Off"]},{"damage_healed":0.0,"max_hp_gain":0.0,"max_hp_loss":0.0,"gold_gain":0.0,"event_name":"Dead Adventurer","player_choice":"Searched \u00273\u0027 times","floor":12.0,"gold_loss":0.0,"damage_taken":0.0,"relics_obtained":["Molten Egg 2"]},{"damage_healed":0.0,"max_hp_gain":0.0,"max_hp_loss":0.0,"gold_gain":75.0,"event_name":"FaceTrader","player_choice":"Touch","floor":13.0,"gold_loss":0.0,"damage_taken":8.0},{"damage_healed":0.0,"max_hp_gain":0.0,"max_hp_loss":0.0,"gold_gain":0.0,"event_name":"MindBloom","player_choice":"Fight","floor":37.0,"gold_loss":0.0,"damage_taken":0.0},{"damage_healed":0.0,"max_hp_gain":0.0,"max_hp_loss":0.0,"gold_gain":0.0,"event_name":"Tomb of Lord Red Mask","player_choice":"Paid","floor":45.0,"gold_loss":24.0,"damage_taken":0.0,"relics_obtained":["Red Mask"]}],"is_beta":false,"boss_relics":[{"not_picked":["Tiny House","Astrolabe"],"picked":"Sozu"},{"not_picked":["Busted Crown","White Beast Statue"],"picked":"Runic Pyramid"}],"items_purged_floors":[3,19,31,44],"is_endless":false,"potions_floor_spawned":[2,5,7,12,14,22,23,28,30,33,36,37,38,47],"ascension_level":13}