{"gold_per_floor":[112,112,128,138,164,196,209,2,2,2,22,22,22,32,32,127,127,141,160,179,193,153,184,184,200,252,277,302,314,340,41,41,142,142,160,160,33,49,65,91,91,109,109,139,139,166,166,17,17,17,17,17,17,17],"floor_reached":54,"playtime":8083,"items_purged":["JustLucky","Protect"],"score":776,"play_id":"a5bd2f43-2141-4e76-9c65-f5297c397c93","local_time":"20190909215749","is_ascension_mode":false,"campfire_choices":[{"floor":10.0,"key":"REST"},{"data":"Judgement","floor":12.0,"key":"SMITH"},{"data":"Perseverance","floor":15.0,"key":"SMITH"},{"data":"Vigilance","floor":24.0,"key":"SMITH"},{"floor":29.0,"key":"REST"},{"floor":32.0,"key":"REST"},{"floor":41,"key":"RECALL"},{"floor":47,"key":"REST"},{"floor":49,"key":"REST"},{"floor":52,"key":"REST"}],"neow_cost":"NONE","seed_source_timestamp":254849581204886,"circlet_count":0,"master_deck":["Strike_P","Strike_P","Strike_P","Strike_P","Defend_P","Defend_P","Defend_P","Defend_P","Vigilance+1","Purity","Prostrate","Devotion","TalkToTheHand","Perseverance+1","Judgement+1","CutThroughFate","Parasite","ForeignInfluence","Vault","SpiritShield","Protect","CarveReality","EmptyBody+1","SandsOfTime","Sanctity","Wallop","SignatureMove","Perseverance+1","Iron Wave","EmptyMind+1","Violence","PathToVictory"],"special_seed":0,"relics":["PureWater","Bronze Scales","Darkstone Periapt","Letter Opener","Snecko Eye","Pen Nib","MawBank","Strange Spoon","Fusion Hammer","Ice Cream","Oddly Smooth Stone","Thread and Needle"],"potions_floor_usage":[33,33,46,50,50,50],"damage_taken":[{"damage":10.0,"enemies":"Small Slimes","floor":1.0,"turns":7.0},{"damage":16.0,"enemies":"Jaw Worm","floor":3.0,"turns":6.0},{"damage":0.0,"enemies":"2 Louse","floor":4.0,"turns":3.0},{"damage":38.0,"enemies":"Lagavulin","floor":6.0,"turns":6.0},{"damage":0.0,"enemies":"2 Fungi Beasts","floor":7.0,"turns":2.0},{"damage":1.0,"enemies":"Red Slaver","floor":11.0,"turns":3.0},{"damage":2.0,"enemies":"3 Louse","floor":14.0,"turns":2.0},{"damage":35.0,"enemies":"Slime Boss","floor":16.0,"turns":12.0},{"damage":12.0,"enemies":"Chosen","floor":18.0,"turns":5.0},{"damage":18.0,"enemies":"Shell Parasite","floor":19.0,"turns":3.0},{"damage":0.0,"enemies":"Shelled Parasite and Fungi","floor":20.0,"turns":4.0},{"damage":10.0,"enemies":"Cultist and Chosen","floor":21.0,"turns":8.0},{"damage":36.0,"enemies":"Book of Stabbing","floor":23.0,"turns":6.0},{"damage":6.0,"enemies":"3 Cultists","floor":25.0,"turns":5.0},{"damage":4.0,"enemies":"Snecko","floor":27.0,"turns":6.0},{"damage":10.0,"enemies":"Centurion and Healer","floor":28.0,"turns":6.0},{"damage":0.0,"enemies":"Chosen and Byrds","floor":30.0,"turns":2.0},{"damage":13,"enemies":"Champ","floor":33,"turns":11},{"damage":0,"enemies":"3 Shapes","floor":35,"turns":3},{"damage":0,"enemies":"Orb Walker","floor":38,"turns":3},{"damage":30,"enemies":"Writhing Mass","floor":39,"turns":7},{"damage":0,"enemies":"Nemesis","floor":40,"turns":7},{"damage":0,"enemies":"3 Darklings","floor":42,"turns":4},{"damage":0,"enemies":"Reptomancer","floor":44,"turns":6},{"damage":11,"enemies":"Giant Head","floor":46,"turns":9},{"damage":21,"enemies":"Donu and Deca","floor":50,"turns":9},{"damage":101,"enemies":"Shield and Spear","floor":54,"turns":6}],"seed_played":"-8025276935822550568","potions_obtained":[{"floor":1.0,"key":"SpeedPotion"},{"floor":4.0,"key":"LiquidBronze"},{"floor":6.0,"key":"LiquidBronze"},{"floor":7.0,"key":"Fire Potion"},{"floor":14.0,"key":"PowerPotion"},{"floor":18.0,"key":"SteroidPotion"},{"floor":19.0,"key":"Block Potion"},{"floor":22.0,"key":"Regen Potion"},{"floor":22.0,"key":"Regen Potion"},{"floor":27.0,"key":"FearPotion"},{"floor":28.0,"key":"AttackPotion"},{"floor":30.0,"key":"EssenceOfSteel"},{"floor":39,"key":"SpeedPotion"},{"floor":44,"key":"Ancient Potion"},{"floor":46,"key":"Block Potion"}],"is_trial":false,"path_per_floor":["M","?","M","M","T","E","M","$","T","R","M","R","?","M","R","B",null,"M","M","M","M","?","E","R","M","T","M","M","R","M","$","R","B",null,"M","?","$","M","M","E","R","M","T","E","?","E","R","$","R","B",null,"R","$","E"],"character_chosen":"WATCHER","items_purchased":["Judgement","SkillPotion","Wallop","Strange Spoon","FearPotion","PowerPotion"],"campfire_rested":6,"item_purchase_floors":[8,8,31,31,37,48],"current_hp_per_floor":[55,60,44,44,44,6,6,6,6,27,26,26,49,47,47,12,76,64,46,46,36,36,34,34,28,28,24,14,36,36,36,58,45,76,76,76,76,76,46,46,46,46,46,46,36,25,47,47,69,48,76,76,76,0],"gold":17,"neow_bonus":"RANDOM_COLORLESS","is_prod":false,"is_daily":false,"chose_seed":false,"campfire_upgraded":3,"win_rate":0.0,"timestamp":1568080669,"path_taken":["M","?","M","M","?","E","M","$","T","R","M","R","?","M","R","BOSS","M","M","M","M","?","E","R","M","T","M","?","R","M","$","R","BOSS","M","?","?","?","M","E","R","M","T","E","?","E","R","$","R","BOSS","R","$","E"],"build_version":"2019-09-09","purchased_purges":2,"victory":false,"max_hp_per_floor":[65,70,70,70,70,70,70,70,70,70,70,70,76,76,76,76,76,76,76,76,76,76,76,76,76,76,76,76,76,76,76,76,76,76,76,76,76,76,76,76,76,76,76,76,76,76,76,76,76,76,76,76,76,76],"card_choices":[{"not_picked":["CarveReality","Weave"],"picked":"Prostrate","floor":1.0},{"not_picked":["CleanseEvil","InnerPeace"],"picked":"JustLucky","floor":3.0},{"not_picked":["CarveReality","BowlingBash"],"picked":"Devotion","floor":4.0},{"not_picked":["BowlingBash","Consecrate"],"picked":"TalkToTheHand","floor":6.0},{"not_picked":["CrushJoints","Devotion"],"picked":"Perseverance","floor":7.0},{"not_picked":["FollowUp","Halt"],"picked":"CutThroughFate","floor":11.0},{"not_picked":["Scrawl","JustLucky"],"picked":"ForeignInfluence","floor":14.0},{"not_picked":["Blasphemy","Ragnarok"],"picked":"Vault","floor":16.0},{"not_picked":["Devotion","Consecrate+1"],"picked":"SpiritShield","floor":18.0},{"not_picked":["Weave+1","Prostrate"],"picked":"Protect","floor":19.0},{"not_picked":["EmptyBody","FlyingSleeves"],"picked":"CarveReality","floor":20.0},{"not_picked":["Sanctity","Evaluate"],"picked":"Protect","floor":21.0},{"not_picked":["Fasting+1","Weave","SpiritShield+1"],"picked":"SKIP","floor":23.0},{"not_picked":["Crescendo","ThirdEye","FollowUp"],"picked":"SKIP","floor":25.0},{"not_picked":["BowlingBash","Collect"],"picked":"EmptyBody+1","floor":27.0},{"not_picked":["Protect","BowlingBash"],"picked":"SandsOfTime","floor":28.0},{"not_picked":["FollowUp","FlyingSleeves"],"picked":"Sanctity","floor":30.0},{"not_picked":["BattleHymn","Brilliance"],"picked":"SignatureMove","floor":33},{"not_picked":["FlurryOfBlows","TalkToTheHand"],"picked":"Perseverance+1","floor":35},{"not_picked":["CarveReality","EmptyFist+1"],"picked":"EmptyMind+1","floor":38},{"not_picked":["Tantrum+1","InnerPeace","CrushJoints+1"],"picked":"SKIP","floor":39},{"not_picked":["ThirdEye","Tantrum","Sanctity"],"picked":"SKIP","floor":40},{"not_picked":["ClearTheMind+1","BowlingBash+1","EmptyFist+1"],"picked":"SKIP","floor":42},{"not_picked":["BowlingBash+1","FlyingSleeves","Metaphysics"],"picked":"SKIP","floor":44},{"not_picked":["Forethought","PanicButton"],"picked":"Violence","floor":45},{"not_picked":["FollowUp","FlyingSleeves+1"],"picked":"PathToVictory","floor":46}],"player_experience":35990,"relics_obtained":[{"floor":5.0,"key":"Bronze Scales"},{"floor":6.0,"key":"Darkstone Periapt"},{"floor":9.0,"key":"Letter Opener"},{"floor":23.0,"key":"Pen Nib"},{"floor":26.0,"key":"MawBank"},{"floor":40,"key":"Ice Cream"},{"floor":44,"key":"Oddly Smooth Stone"},{"floor":46,"key":"Thread and Needle"}],"event_choices":[{"damage_healed":0.0,"max_hp_gain":5.0,"max_hp_loss":0.0,"gold_gain":0.0,"event_name":"Big Fish","player_choice":"Donut","floor":2.0,"gold_loss":0.0,"damage_taken":0.0},{"damage_healed":17.0,"max_hp_gain":0.0,"max_hp_loss":0.0,"gold_gain":0.0,"event_name":"Mushrooms","player_choice":"Healed and dodged fight","floor":13.0,"gold_loss":0.0,"damage_taken":0.0,"cards_obtained":["Parasite"]},{"damage_healed":0.0,"max_hp_gain":0.0,"max_hp_loss":0.0,"gold_gain":0.0,"event_name":"The Woman in Blue","player_choice":"Bought 3 Potions","floor":22.0,"gold_loss":0.0,"damage_taken":0.0},{"cards_removed":["Eruption"],"damage_healed":0,"gold_gain":0,"player_choice":"Took Card","damage_taken":0,"max_hp_gain":0,"max_hp_loss":0,"event_name":"NoteForYourself","floor":36,"gold_loss":0,"cards_obtained":["Iron Wave"]},{"damage_healed":0,"gold_gain":0,"player_choice":"Memory 3","damage_taken":10,"max_hp_gain":0,"max_hp_loss":0,"event_name":"SensoryStone","floor":45,"gold_loss":0}],"is_beta":true,"boss_relics":[{"not_picked":["Ectoplasm","Busted Crown"],"picked":"Snecko Eye"},{"not_picked":["Runic Pyramid","Calling Bell"],"picked":"Fusion Hammer"}],"items_purged_floors":[37,48],"is_endless":false,"potions_floor_spawned":[1,4,6,7,14,18,19,27,28,30,39,44,46],"killed_by":"Shield and Spear","ascension_level":0}