{"gold_per_floor":[409,419,433,433,44,44,44,74,74,74,90,90,109,127,127,127],"floor_reached":16,"playtime":1148,"items_purged":["Strike_R"],"score":173,"play_id":"04902d83-3391-4803-8e8c-327a9236f7c9","local_time":"20190825215908","is_ascension_mode":true,"campfire_choices":[{"floor":6.0,"key":"DIG"},{"floor":10.0,"key":"DIG"},{"floor":12.0,"key":"DIG"},{"floor":15,"key":"REST"}],"neow_cost":"TEN_PERCENT_HP_LOSS","seed_source_timestamp":976757620582282,"circlet_count":0,"master_deck":["AscendersBane","Strike_R","Strike_R","Strike_R","Defend_R","Defend_R","Defend_R","Bash","Carnage","Ghostly Armor","Clothesline","Second Wind","Reaper"],"special_seed":0,"relics":["Burning Blood","Old Coin","Shovel","Blue Candle","FossilizedHelix","Gremlin Horn","Vajra","Charon\u0027s Ashes"],"potions_floor_usage":[],"damage_taken":[{"damage":13.0,"enemies":"Jaw Worm","floor":1.0,"turns":4.0},{"damage":4.0,"enemies":"2 Louse","floor":2.0,"turns":4.0},{"damage":1.0,"enemies":"Cultist","floor":3.0,"turns":3.0},{"damage":40.0,"enemies":"3 Sentries","floor":8.0,"turns":10.0},{"damage":5.0,"enemies":"Gremlin Gang","floor":11.0,"turns":8.0},{"damage":0.0,"enemies":"Looter","floor":13.0,"turns":4.0},{"damage":16,"enemies":"Exordium Thugs","floor":14,"turns":5},{"damage":45,"enemies":"Hexaghost","floor":16,"turns":11}],"seed_played":"-6711832293143414975","potions_obtained":[{"floor":3.0,"key":"Block Potion"},{"floor":8.0,"key":"SpeedPotion"}],"is_trial":false,"path_per_floor":["M","M","M","?","$","R","?","E","T","R","M","R","M","M","R","B"],"character_chosen":"IRONCLAD","items_purchased":["Shovel"],"campfire_rested":1,"item_purchase_floors":[5],"current_hp_per_floor":[61,63,68,61,61,61,61,27,27,27,28,28,34,24,44,0],"gold":127,"neow_bonus":"ONE_RARE_RELIC","is_prod":false,"is_daily":false,"chose_seed":false,"campfire_upgraded":0,"win_rate":0,"timestamp":1566788348,"path_taken":["M","M","M","?","$","R","?","E","T","R","?","R","?","M","R","BOSS"],"build_version":"2019-07-17","purchased_purges":1,"victory":false,"max_hp_per_floor":[68,68,68,68,68,68,68,68,68,68,68,68,68,68,68,68],"card_choices":[{"not_picked":["Sword Boomerang","Cleave","Clash"],"picked":"SKIP","floor":1.0},{"not_picked":["Sentinel","Cleave"],"picked":"Carnage","floor":2.0},{"not_picked":["Pommel Strike","Thunderclap"],"picked":"Ghostly Armor","floor":3.0},{"not_picked":["Wild Strike","Headbutt","Metallicize"],"picked":"SKIP","floor":8.0},{"not_picked":["Disarm","Perfected Strike"],"picked":"Clothesline","floor":11.0},{"not_picked":["Cleave","Iron Wave"],"picked":"Second Wind","floor":13.0},{"not_picked":["Sword Boomerang","Seeing Red"],"picked":"Reaper","floor":14}],"player_experience":886137,"relics_obtained":[{"floor":6.0,"key":"Blue Candle"},{"floor":8.0,"key":"FossilizedHelix"},{"floor":9.0,"key":"Gremlin Horn"},{"floor":10.0,"key":"Vajra"},{"floor":12.0,"key":"Charon\u0027s Ashes"}],"event_choices":[{"cards_removed":["Defend_R"],"damage_healed":0.0,"max_hp_gain":0.0,"max_hp_loss":0.0,"gold_gain":0.0,"event_name":"Golden Wing","player_choice":"Card Removal","floor":4.0,"gold_loss":0.0,"damage_taken":7.0},{"cards_removed":["Strike_R"],"damage_healed":0.0,"max_hp_gain":0.0,"max_hp_loss":0.0,"gold_gain":0.0,"event_name":"Wheel of Change","player_choice":"Card Removal","floor":7.0,"gold_loss":0.0,"damage_taken":0.0}],"is_beta":false,"boss_relics":[],"items_purged_floors":[5],"is_endless":false,"potions_floor_spawned":[3,8],"killed_by":"Hexaghost","ascension_level":14}