{"gold_per_floor":[115,115,115,13,28,28,28,28,53,78,111,131,156,172,172,265,265,286,286,286,276,292,292,292],"floor_reached":24,"playtime":1650,"items_purged":["Defend_G"],"score":574,"play_id":"6cbd26ca-9d6c-4e58-a901-5a8b3e7a93cd","local_time":"20190824065414","is_ascension_mode":true,"campfire_choices":[{"data":"Neutralize","floor":6.0,"key":"SMITH"},{"data":"Backflip","floor":8.0,"key":"SMITH"},{"floor":15.0,"key":"REST"},{"floor":23,"key":"REST"}],"neow_cost":"PERCENT_DAMAGE","seed_source_timestamp":0,"circlet_count":0,"master_deck":["AscendersBane","Strike_G","Strike_G","Strike_G","Strike_G","Defend_G","Survivor","Neutralize+1","Calculated Gamble","Backflip+1","Backstab","Blur","Footwork","Night Terror","Blur","Noxious Fumes","Dodge and Roll+1"],"special_seed":0,"relics":["Ring of the Snake","Golden Idol","Boot","Thread and Needle","Cursed Key"],"potions_floor_usage":[24],"damage_taken":[{"damage":0.0,"enemies":"2 Louse","floor":1.0,"turns":3.0},{"damage":4.0,"enemies":"Jaw Worm","floor":5.0,"turns":5.0},{"damage":0.0,"enemies":"Small Slimes","floor":10.0,"turns":4.0},{"damage":29.0,"enemies":"3 Sentries","floor":11.0,"turns":11.0},{"damage":0.0,"enemies":"Exordium Wildlife","floor":12.0,"turns":3.0},{"damage":0.0,"enemies":"Looter","floor":13.0,"turns":3.0},{"damage":0.0,"enemies":"Large Slime","floor":14.0,"turns":9.0},{"damage":0.0,"enemies":"The Guardian","floor":16.0,"turns":15.0},{"damage":0.0,"enemies":"Shell Parasite","floor":18.0,"turns":7.0},{"damage":7.0,"enemies":"2 Thieves","floor":21.0,"turns":4.0},{"damage":33.0,"enemies":"Chosen and Byrds","floor":22.0,"turns":9.0},{"damage":36,"enemies":"Slavers","floor":24,"turns":4}],"seed_played":"-5897986642818909778","potions_obtained":[{"floor":10.0,"key":"Block Potion"},{"floor":11.0,"key":"Strength Potion"},{"floor":12.0,"key":"Dexterity Potion"},{"floor":22,"key":"Dexterity Potion"}],"is_trial":false,"path_per_floor":["M","?","?","$","M","R","?","R","T","M","E","M","M","M","R","B",null,"M","?","?","M","M","R","E"],"character_chosen":"THE_SILENT","items_purchased":["Backflip"],"campfire_rested":2,"item_purchase_floors":[4],"current_hp_per_floor":[45,38,38,38,34,34,34,34,34,34,5,5,5,5,24,24,55,55,55,55,48,15,34,0],"gold":292,"neow_bonus":"TRANSFORM_TWO_CARDS","is_prod":false,"is_daily":false,"chose_seed":false,"campfire_upgraded":2,"win_rate":0,"timestamp":1566647654,"path_taken":["M","?","?","$","M","R","?","R","T","?","E","M","M","M","R","BOSS","M","?","?","?","M","R","E"],"build_version":"2019-07-17","purchased_purges":1,"victory":false,"max_hp_per_floor":[70,70,70,70,70,70,65,65,65,65,65,65,65,65,65,65,65,65,65,65,65,65,65,65],"card_choices":[{"not_picked":["Deflect","Eviscerate"],"picked":"Calculated Gamble","floor":1.0},{"not_picked":["Quick Slash","Catalyst"],"picked":"Backstab","floor":5.0},{"not_picked":["Sucker Punch","Quick Slash","Prepared"],"picked":"SKIP","floor":10.0},{"not_picked":["Caltrops","Dagger Throw"],"picked":"Blur","floor":11.0},{"not_picked":["Dagger Spray","Dagger Throw","Blade Dance"],"picked":"SKIP","floor":12.0},{"not_picked":["Outmaneuver","Noxious Fumes"],"picked":"Footwork","floor":13.0},{"not_picked":["Dagger Spray","A Thousand Cuts","Cloak And Dagger"],"picked":"SKIP","floor":14.0},{"not_picked":["Dagger Spray","A Thousand Cuts","Cloak And Dagger"],"picked":"SKIP","floor":14.0},{"not_picked":["Glass Knife","Unload"],"picked":"Night Terror","floor":16.0},{"not_picked":["Deadly Poison","Backflip"],"picked":"Blur","floor":18.0},{"not_picked":["Dagger Throw","Cloak And Dagger"],"picked":"Noxious Fumes","floor":21.0},{"not_picked":["Bouncing Flask","PiercingWail"],"picked":"Dodge and Roll+1","floor":22}],"player_experience":826662,"relics_obtained":[{"floor":9.0,"key":"Boot"},{"floor":11.0,"key":"Thread and Needle"}],"event_choices":[{"cards_removed":["Defend_G"],"damage_healed":0.0,"max_hp_gain":0.0,"max_hp_loss":0.0,"gold_gain":0.0,"event_name":"Golden Wing","player_choice":"Card Removal","floor":2.0,"gold_loss":0.0,"damage_taken":7.0},{"damage_healed":0.0,"max_hp_gain":0.0,"max_hp_loss":0.0,"gold_gain":0.0,"event_name":"Liars Game","player_choice":"Ignored","floor":3.0,"gold_loss":0.0,"damage_taken":0.0},{"damage_healed":0.0,"max_hp_gain":0.0,"max_hp_loss":5.0,"gold_gain":0.0,"event_name":"Golden Idol","player_choice":"Lose Max HP","floor":7.0,"gold_loss":0.0,"damage_taken":0.0,"relics_obtained":["Golden Idol"]},{"damage_healed":0.0,"max_hp_gain":0.0,"max_hp_loss":0.0,"gold_gain":0.0,"event_name":"Ghosts","player_choice":"Ignored","floor":19.0,"gold_loss":0.0,"damage_taken":0.0},{"cards_removed":["Defend_G"],"damage_healed":0.0,"max_hp_gain":0.0,"max_hp_loss":0.0,"gold_gain":0.0,"event_name":"Purifier","player_choice":"Purged","floor":20.0,"gold_loss":0.0,"damage_taken":0.0}],"is_beta":false,"boss_relics":[{"not_picked":["Runic Pyramid","Empty Cage"],"picked":"Cursed Key"}],"items_purged_floors":[4],"is_endless":false,"potions_floor_spawned":[10,11,12,14,22],"killed_by":"Slavers","ascension_level":13}