{"gold_per_floor":[218,218,239,8,32,32,56,89,89,120,120,120,139,152,152,152],"floor_reached":16,"playtime":1958,"items_purged":["Defend_R"],"score":174,"play_id":"d17ff1f2-efd6-4be2-ad37-f8fcfa8fd985","local_time":"20190824171505","is_ascension_mode":true,"campfire_choices":[{"data":"Bash","floor":6.0,"key":"SMITH"},{"floor":12.0,"key":"REST"},{"data":"Armaments","floor":15.0,"key":"SMITH"}],"neow_cost":"NONE","seed_source_timestamp":919206744936837,"circlet_count":0,"master_deck":["AscendersBane","Strike_R","Strike_R","Strike_R","Strike_R+1","Strike_R","Defend_R+1","Defend_R","Defend_R","Bash+1","Burning Pact","Warcry","Body Slam+1","Armaments+1","Cleave+1","Iron Wave+1"],"special_seed":0,"relics":["Burning Blood","Golden Idol","Anchor","Molten Egg 2","Meat on the Bone","Pear"],"potions_floor_usage":[16],"damage_taken":[{"damage":0.0,"enemies":"Small Slimes","floor":1.0,"turns":3.0},{"damage":11.0,"enemies":"Cultist","floor":3.0,"turns":4.0},{"damage":0.0,"enemies":"2 Louse","floor":5.0,"turns":4.0},{"damage":6.0,"enemies":"Gremlin Gang","floor":7.0,"turns":8.0},{"damage":29.0,"enemies":"Gremlin Nob","floor":8.0,"turns":4.0},{"damage":34.0,"enemies":"Lagavulin","floor":10.0,"turns":6.0},{"damage":1.0,"enemies":"Red Slaver","floor":13.0,"turns":4.0},{"damage":3.0,"enemies":"Large Slime","floor":14.0,"turns":3.0},{"damage":63,"enemies":"The Guardian","floor":16,"turns":16}],"seed_played":"3412463042168015823","potions_obtained":[{"floor":5.0,"key":"SteroidPotion"},{"floor":8.0,"key":"Fire Potion"},{"floor":13.0,"key":"Fire Potion"}],"is_trial":false,"path_per_floor":["M","?","M","$","M","R","M","E","T","E","?","R","M","M","R","B"],"character_chosen":"IRONCLAD","items_purchased":["Anchor"],"campfire_rested":1,"item_purchase_floors":[4],"current_hp_per_floor":[78,58,53,53,59,59,59,36,36,30,12,39,56,59,59,0],"gold":152,"neow_bonus":"HUNDRED_GOLD","is_prod":false,"is_daily":false,"chose_seed":false,"campfire_upgraded":2,"win_rate":0,"timestamp":1566684905,"path_taken":["M","?","M","$","M","R","M","E","T","E","?","R","M","M","R","BOSS"],"build_version":"2019-07-17","purchased_purges":1,"victory":false,"max_hp_per_floor":[80,80,80,80,80,80,80,80,80,90,90,90,90,90,90,90],"card_choices":[{"not_picked":["Iron Wave","Heavy Blade"],"picked":"Burning Pact","floor":1.0},{"not_picked":["Clash","Sword Boomerang","True Grit"],"picked":"SKIP","floor":3.0},{"not_picked":["Perfected Strike","Sword Boomerang","Sever Soul"],"picked":"SKIP","floor":5.0},{"not_picked":["Sword Boomerang","Anger"],"picked":"Warcry","floor":7.0},{"not_picked":["Double Tap","Clothesline"],"picked":"Body Slam","floor":8.0},{"not_picked":["Reckless Charge+1","Havoc"],"picked":"Armaments","floor":10.0},{"not_picked":["Evolve","Wild Strike+1"],"picked":"Cleave+1","floor":13.0},{"not_picked":["Blood for Blood+1","True Grit"],"picked":"Iron Wave+1","floor":14.0}],"player_experience":848158,"relics_obtained":[{"floor":8.0,"key":"Molten Egg 2"},{"floor":9.0,"key":"Meat on the Bone"},{"floor":10.0,"key":"Pear"}],"event_choices":[{"damage_healed":0.0,"max_hp_gain":0.0,"max_hp_loss":0.0,"gold_gain":0.0,"event_name":"Golden Idol","player_choice":"Take Damage","floor":2.0,"gold_loss":0.0,"damage_taken":20.0,"relics_obtained":["Golden Idol"]},{"damage_healed":0.0,"max_hp_gain":0.0,"max_hp_loss":0.0,"gold_gain":0.0,"event_name":"Shining Light","player_choice":"Entered Light","floor":11.0,"gold_loss":0.0,"damage_taken":18.0,"cards_upgraded":["Strike_R","Defend_R"]}],"is_beta":false,"boss_relics":[],"items_purged_floors":[4],"is_endless":false,"potions_floor_spawned":[5,8,13],"killed_by":"The Guardian","ascension_level":11}