{"gold_per_floor":[109,109,126,142,154,154,183,183,259,291,32,32,46,75,75,152,152,152,152,152,152,152,152,152,152,152,152,152,152,152,152,152,152],"floor_reached":33,"playtime":5731,"items_purged":[],"score":629,"play_id":"189829df-1383-47e6-bbc3-9c00177ec42e","local_time":"20190822211114","is_ascension_mode":true,"campfire_choices":[{"data":"Dualcast","floor":6.0,"key":"SMITH"},{"data":"Zap","floor":8.0,"key":"SMITH"},{"data":"Electrodynamics","floor":15.0,"key":"SMITH"},{"data":"Redo","floor":24.0,"key":"SMITH"},{"floor":29.0,"key":"REST"},{"data":"Skim","floor":32.0,"key":"SMITH"}],"neow_cost":"NONE","seed_source_timestamp":809154716731969,"circlet_count":0,"master_deck":["AscendersBane","Strike_B","Strike_B","Strike_B","Defend_B","Defend_B","Defend_B","Zap+1","Dualcast+1","Glacier+1","BootSequence","Skim+1","Sunder","Electrodynamics+1","All For One","Genetic Algorithm+1","Ball Lightning","Ghostly","Ghostly","Ghostly","Ghostly","Ghostly","Redo+1","All For One"],"special_seed":0,"relics":["Cracked Core","Dead Branch","Symbiotic Virus","Lantern","Question Card","Art of War","Ectoplasm","MutagenicStrength","Kunai","Strawberry","Oddly Smooth Stone","Meat on the Bone"],"potions_floor_usage":[33,33],"damage_taken":[{"damage":2.0,"enemies":"Jaw Worm","floor":1.0,"turns":5.0},{"damage":1.0,"enemies":"Cultist","floor":3.0,"turns":3.0},{"damage":0.0,"enemies":"2 Louse","floor":4.0,"turns":2.0},{"damage":1.0,"enemies":"2 Fungi Beasts","floor":5.0,"turns":4.0},{"damage":14.0,"enemies":"Lagavulin","floor":7.0,"turns":8.0},{"damage":1.0,"enemies":"3 Sentries","floor":10.0,"turns":5.0},{"damage":0.0,"enemies":"3 Louse","floor":13.0,"turns":2.0},{"damage":0.0,"enemies":"Gremlin Nob","floor":14.0,"turns":2.0},{"damage":31.0,"enemies":"Hexaghost","floor":16.0,"turns":10.0},{"damage":0.0,"enemies":"Shell Parasite","floor":18.0,"turns":4.0},{"damage":1.0,"enemies":"3 Byrds","floor":20.0,"turns":4.0},{"damage":8.0,"enemies":"Slavers","floor":23.0,"turns":5.0},{"damage":10.0,"enemies":"Snecko","floor":25.0,"turns":3.0},{"damage":0.0,"enemies":"Snake Plant","floor":27.0,"turns":4.0},{"damage":4.0,"enemies":"Centurion and Healer","floor":30.0,"turns":4.0},{"damage":0.0,"enemies":"Gremlin Leader","floor":31.0,"turns":5.0},{"damage":34,"enemies":"Champ","floor":33,"turns":8}],"seed_played":"-4061237248810121100","potions_obtained":[{"floor":4.0,"key":"Regen Potion"},{"floor":7.0,"key":"Energy Potion"},{"floor":13.0,"key":"Fire Potion"},{"floor":20.0,"key":"Poison Potion"},{"floor":25.0,"key":"Explosive Potion"},{"floor":27.0,"key":"FocusPotion"},{"floor":30.0,"key":"SteroidPotion"},{"floor":31.0,"key":"SkillPotion"}],"is_trial":false,"path_per_floor":["M","?","M","M","M","R","E","R","T","E","$","?","M","E","R","B",null,"M","?","M","?","?","E","R","M","T","M","T","R","M","E","R","B"],"character_chosen":"DEFECT","items_purchased":["Question Card"],"campfire_rested":1,"item_purchase_floors":[11],"current_hp_per_floor":[62,62,61,61,60,60,60,60,60,59,59,59,59,59,59,28,60,60,60,59,59,35,27,27,17,24,24,24,36,32,32,32,0],"gold":152,"neow_bonus":"REMOVE_CARD","is_prod":false,"is_daily":false,"chose_seed":false,"campfire_upgraded":5,"win_rate":0,"timestamp":1566526274,"path_taken":["M","?","?","M","M","R","E","R","T","E","$","?","?","E","R","BOSS","M","?","M","?","?","E","R","M","T","M","?","R","M","E","R","BOSS"],"build_version":"2019-07-17","purchased_purges":0,"victory":false,"max_hp_per_floor":[71,71,71,71,71,71,71,71,71,71,71,71,71,71,71,71,71,71,71,71,71,35,35,35,35,42,42,42,42,42,42,42,42],"card_choices":[{"not_picked":["Stack","Static Discharge","Streamline"],"picked":"SKIP","floor":1.0},{"not_picked":["Stack","Go for the Eyes"],"picked":"Glacier","floor":3.0},{"not_picked":["Sweeping Beam","Compile Driver"],"picked":"BootSequence","floor":4.0},{"not_picked":["Turbo","Streamline"],"picked":"Skim","floor":5.0},{"not_picked":["Chaos","Barrage"],"picked":"Sunder","floor":7.0},{"not_picked":["Conserve Battery","Hello World","Beam Cell"],"picked":"SKIP","floor":10.0},{"not_picked":["Genetic Algorithm","BootSequence","Turbo"],"picked":"Electrodynamics","floor":13.0},{"not_picked":["Darkness","Compile Driver","BootSequence","Barrage"],"picked":"SKIP","floor":14.0},{"not_picked":["Darkness","Compile Driver","BootSequence","Barrage"],"picked":"SKIP","floor":14.0},{"not_picked":["Darkness","Compile Driver","BootSequence","Barrage"],"picked":"SKIP","floor":14.0},{"not_picked":["Echo Form","Buffer","Creative AI"],"picked":"All For One","floor":16.0},{"not_picked":["Recycle","Streamline","Gash+1"],"picked":"Genetic Algorithm+1","floor":18.0},{"not_picked":["Rip and Tear","Sweeping Beam","Rebound"],"picked":"Ball Lightning","floor":20.0},{"not_picked":["Rip and Tear+1","Amplify","Coolheaded"],"picked":"Redo","floor":23.0},{"not_picked":["Coolheaded","Go for the Eyes","Redo","Static Discharge"],"picked":"SKIP","floor":25.0},{"not_picked":["Storm","Turbo","Gash"],"picked":"All For One","floor":27.0},{"not_picked":["Barrage","Ball Lightning","Turbo","Darkness"],"picked":"SKIP","floor":30.0},{"not_picked":["Cold Snap","Hologram","Rebound","Coolheaded"],"picked":"SKIP","floor":31.0}],"player_experience":771150,"relics_obtained":[{"floor":7.0,"key":"Dead Branch"},{"floor":9.0,"key":"Symbiotic Virus"},{"floor":10.0,"key":"Lantern"},{"floor":14.0,"key":"Art of War"},{"floor":23.0,"key":"Kunai"},{"floor":26.0,"key":"Strawberry"},{"floor":28.0,"key":"Oddly Smooth Stone"},{"floor":31.0,"key":"Meat on the Bone"}],"event_choices":[{"cards_removed":["Defend_B"],"damage_healed":0.0,"max_hp_gain":0.0,"max_hp_loss":0.0,"gold_gain":0.0,"event_name":"Purifier","player_choice":"Purged","floor":2.0,"gold_loss":0.0,"damage_taken":0.0},{"damage_healed":0.0,"max_hp_gain":0.0,"max_hp_loss":0.0,"gold_gain":0.0,"event_name":"Upgrade Shrine","player_choice":"Upgraded","floor":12.0,"gold_loss":0.0,"damage_taken":0.0,"cards_upgraded":["Glacier"]},{"damage_healed":0.0,"max_hp_gain":0.0,"max_hp_loss":0.0,"gold_gain":99.0,"event_name":"Nest","player_choice":"Stole From Cult","floor":19.0,"gold_loss":0.0,"damage_taken":0.0},{"damage_healed":0.0,"max_hp_gain":0.0,"max_hp_loss":0.0,"gold_gain":0.0,"event_name":"Drug Dealer","player_choice":"Inject Mutagens","floor":21.0,"gold_loss":0.0,"damage_taken":0.0,"relics_obtained":["MutagenicStrength"]},{"damage_healed":0.0,"max_hp_gain":0.0,"max_hp_loss":36.0,"gold_gain":0.0,"event_name":"Ghosts","player_choice":"Became a Ghost","floor":22.0,"gold_loss":0.0,"damage_taken":0.0,"cards_obtained":["Ghostly","Ghostly","Ghostly","Ghostly","Ghostly"]}],"is_beta":false,"boss_relics":[{"not_picked":["Nuclear Battery","Tiny House"],"picked":"Ectoplasm"}],"items_purged_floors":[],"is_endless":false,"potions_floor_spawned":[4,7,13,20,25,27,30,31],"killed_by":"Champ","ascension_level":14}