{"gold_per_floor":[113,63,63,43,53,53,79,79,79,79,99,109,134,24,24,101,101,116,30,43,43,58,58,93,103,150,160,160,160,174,174,174,174],"floor_reached":33,"playtime":4097,"items_purged":["Strike_R"],"score":535,"play_id":"c877ce5b-6b7d-4e5b-87c9-4a0ed6fe1971","local_time":"20190825213359","is_ascension_mode":true,"campfire_choices":[{"data":"Bash","floor":6.0,"key":"SMITH"},{"data":"1","floor":10.0,"key":"LIFT"},{"data":"2","floor":15.0,"key":"LIFT"},{"data":"3","floor":23.0,"key":"LIFT"},{"data":"Inflame","floor":28,"key":"SMITH"},{"data":"Shrug It Off","floor":32,"key":"SMITH"}],"neow_cost":"TEN_PERCENT_HP_LOSS","seed_source_timestamp":972103349145778,"circlet_count":0,"master_deck":["AscendersBane","Strike_R","Strike_R","Defend_R","Defend_R","Bash+1","Ghostly Armor","Carnage","Exhume","Feed","Battle Trance","Reaper","Inflame+1","Shrug It Off+1","Shrug It Off","Ghostly","Ghostly","Ghostly","Ghostly","Ghostly"],"special_seed":0,"relics":["Burning Blood","Ancient Tea Set","Girya","Bag of Marbles","Philosopher\u0027s Stone","Dream Catcher","Potion Belt"],"potions_floor_usage":[33,33],"damage_taken":[{"damage":8.0,"enemies":"2 Louse","floor":1.0,"turns":4.0},{"damage":3.0,"enemies":"Jaw Worm","floor":5.0,"turns":5.0},{"damage":24.0,"enemies":"Gremlin Nob","floor":7.0,"turns":4.0},{"damage":0.0,"enemies":"Cultist","floor":11.0,"turns":3.0},{"damage":1.0,"enemies":"Looter","floor":12.0,"turns":2.0},{"damage":20.0,"enemies":"3 Sentries","floor":13.0,"turns":8.0},{"damage":19.0,"enemies":"Slime Boss","floor":16.0,"turns":7.0},{"damage":4.0,"enemies":"Chosen","floor":18.0,"turns":3.0},{"damage":24.0,"enemies":"2 Thieves","floor":20.0,"turns":3.0},{"damage":11.0,"enemies":"3 Cultists","floor":22.0,"turns":6.0},{"damage":0,"enemies":"Book of Stabbing","floor":24,"turns":6},{"damage":3,"enemies":"Snake Plant","floor":25,"turns":5},{"damage":0,"enemies":"Centurion and Healer","floor":27,"turns":6},{"damage":1,"enemies":"Snecko","floor":30,"turns":5},{"damage":74,"enemies":"Automaton","floor":33,"turns":14}],"seed_played":"-6392694668356372275","potions_obtained":[{"floor":4.0,"key":"BloodPotion"},{"floor":7.0,"key":"SneckoOil"},{"floor":11.0,"key":"EssenceOfSteel"},{"floor":12.0,"key":"Energy Potion"},{"floor":16.0,"key":"EssenceOfSteel"},{"floor":24,"key":"Poison Potion"},{"floor":25,"key":"Strength Potion"}],"is_trial":false,"path_per_floor":["M","?","?","?","M","R","E","?","T","R","M","M","E","$","R","B",null,"M","$","M","?","M","R","E","M","T","M","R","?","M","?","R","B"],"character_chosen":"IRONCLAD","items_purchased":["Battle Trance","Inflame","Shrug It Off"],"campfire_rested":0,"item_purchase_floors":[14,19,19],"current_hp_per_floor":[66,66,59,59,62,62,61,61,61,61,67,68,54,54,54,44,64,74,74,65,38,36,36,41,44,44,47,47,40,52,52,52,0],"gold":174,"neow_bonus":"REMOVE_TWO","is_prod":false,"is_daily":false,"chose_seed":false,"campfire_upgraded":3,"win_rate":0,"timestamp":1566786839,"path_taken":["M","?","?","?","?","R","E","?","T","R","M","?","E","$","R","BOSS","M","$","M","?","M","R","E","M","T","M","R","?","?","?","R","BOSS"],"build_version":"2019-07-17","purchased_purges":1,"victory":false,"max_hp_per_floor":[68,68,68,68,68,68,68,68,68,68,68,68,68,68,68,71,71,74,74,77,38,41,41,41,44,44,47,47,52,52,52,52,52],"card_choices":[{"not_picked":["True Grit","Havoc","Sword Boomerang"],"picked":"SKIP","floor":1.0},{"not_picked":["Sword Boomerang","Clash","Twin Strike"],"picked":"SKIP","floor":5.0},{"not_picked":["Battle Trance","Combust"],"picked":"Ghostly Armor","floor":7.0},{"not_picked":["Bloodletting","Twin Strike","Clothesline"],"picked":"SKIP","floor":11.0},{"not_picked":["Sword Boomerang","True Grit","Clash"],"picked":"SKIP","floor":12.0},{"not_picked":["Power Through","Dual Wield"],"picked":"Feed","floor":13.0},{"not_picked":["Berserk","Dark Embrace"],"picked":"Reaper","floor":16.0},{"not_picked":["Body Slam","Rage","Perfected Strike"],"picked":"SKIP","floor":18.0},{"not_picked":["Havoc","Anger"],"picked":"Shrug It Off","floor":20.0},{"not_picked":["Whirlwind","Anger","Sword Boomerang"],"picked":"SKIP","floor":22.0},{"not_picked":["Berserk","Clash+1","Sever Soul"],"picked":"SKIP","floor":24},{"not_picked":["Clash","Heavy Blade","Whirlwind"],"picked":"SKIP","floor":25},{"not_picked":["Clothesline","Battle Trance+1","Rupture"],"picked":"SKIP","floor":27},{"not_picked":["Rupture","Warcry","Shrug It Off"],"picked":"SKIP","floor":30}],"player_experience":882040,"relics_obtained":[{"floor":7.0,"key":"Ancient Tea Set"},{"floor":9.0,"key":"Girya"},{"floor":13.0,"key":"Bag of Marbles"},{"floor":24,"key":"Dream Catcher"},{"floor":26,"key":"Potion Belt"}],"event_choices":[{"cards_removed":["Strike_R"],"damage_healed":0.0,"max_hp_gain":0.0,"max_hp_loss":0.0,"gold_gain":0.0,"event_name":"The Cleric","player_choice":"Card Removal","floor":2.0,"gold_loss":50.0,"damage_taken":0.0},{"cards_removed":["Defend_R"],"damage_healed":0.0,"max_hp_gain":0.0,"max_hp_loss":0.0,"gold_gain":0.0,"event_name":"Golden Wing","player_choice":"Card Removal","floor":3.0,"gold_loss":0.0,"damage_taken":7.0},{"damage_healed":0.0,"max_hp_gain":0.0,"max_hp_loss":0.0,"gold_gain":0.0,"event_name":"The Woman in Blue","player_choice":"Bought 1 Potion","floor":4.0,"gold_loss":0.0,"damage_taken":0.0},{"damage_healed":0.0,"max_hp_gain":0.0,"max_hp_loss":0.0,"gold_gain":0.0,"event_name":"Match and Keep!","player_choice":"2 cards matched","floor":8.0,"gold_loss":0.0,"damage_taken":0.0,"cards_obtained":["Carnage","Exhume"]},{"damage_healed":0.0,"max_hp_gain":0.0,"max_hp_loss":39.0,"gold_gain":0.0,"event_name":"Ghosts","player_choice":"Became a Ghost","floor":21.0,"gold_loss":0.0,"damage_taken":0.0,"cards_obtained":["Ghostly","Ghostly","Ghostly","Ghostly","Ghostly"]},{"damage_healed":0,"gold_gain":0,"player_choice":"Shed Blood","damage_taken":12,"max_hp_gain":5,"max_hp_loss":0,"event_name":"Forgotten Altar","floor":29,"gold_loss":0},{"damage_healed":0,"gold_gain":0,"player_choice":"Ignored","damage_taken":0,"max_hp_gain":0,"max_hp_loss":0,"event_name":"Vampires","floor":31,"gold_loss":0}],"is_beta":false,"boss_relics":[{"not_picked":["Runic Dome","Orrery"],"picked":"Philosopher\u0027s Stone"}],"items_purged_floors":[14],"is_endless":false,"potions_floor_spawned":[7,11,12,16,20,24,25],"killed_by":"Automaton","ascension_level":14}