{"gold_per_floor":[115,190,207,207,27,59,59,79,147,147,147,178,195,195],"floor_reached":14,"playtime":914,"items_purged":[],"score":186,"play_id":"40ff03da-31f6-4b56-be38-b414c089c298","local_time":"20190829164514","is_ascension_mode":true,"campfire_choices":[{"data":"Apotheosis","floor":7.0,"key":"SMITH"},{"data":"Backflip","floor":10.0,"key":"SMITH"}],"neow_cost":"NONE","seed_source_timestamp":1152556441407684,"circlet_count":0,"master_deck":["AscendersBane","Strike_G","Strike_G","Strike_G","Strike_G","Defend_G","Defend_G","Defend_G","Defend_G","Defend_G","Survivor","Neutralize+1","Blade Dance","Backflip+1","Apotheosis+1","PiercingWail+1","Predator","Infinite Blades"],"special_seed":0,"relics":["Eternal Feather","Pen Nib","Pantograph","PreservedInsect"],"potions_floor_usage":[12],"damage_taken":[{"damage":8.0,"enemies":"Small Slimes","floor":1.0,"turns":5.0},{"damage":0.0,"enemies":"Jaw Worm","floor":3.0,"turns":4.0},{"damage":6.0,"enemies":"3 Sentries","floor":6.0,"turns":12.0},{"damage":0.0,"enemies":"2 Louse","floor":8.0,"turns":4.0},{"damage":19,"enemies":"Lagavulin","floor":12,"turns":6},{"damage":0,"enemies":"Looter","floor":13,"turns":4},{"damage":14,"enemies":"3 Sentries","floor":14,"turns":5}],"seed_played":"1757044132378918260","potions_obtained":[{"floor":3.0,"key":"Block Potion"},{"floor":6.0,"key":"Fruit Juice"},{"floor":8.0,"key":"PowerPotion"}],"is_trial":false,"path_per_floor":["M","?","M","?","$","E","R","M","T","R","?","E","M","E"],"character_chosen":"THE_SILENT","items_purchased":["Apotheosis"],"campfire_rested":0,"item_purchase_floors":[5],"current_hp_per_floor":[51,40,40,33,33,27,36,41,41,50,29,10,10,0],"gold":195,"neow_bonus":"BOSS_RELIC","is_prod":false,"is_daily":false,"chose_seed":false,"campfire_upgraded":2,"win_rate":0,"timestamp":1567115114,"path_taken":["M","?","M","?","$","E","R","M","T","R","?","E","M","E"],"build_version":"2019-07-17","purchased_purges":0,"victory":false,"max_hp_per_floor":[66,66,66,66,66,66,66,71,71,71,71,71,71,71],"card_choices":[{"not_picked":["Poisoned Stab","Bane"],"picked":"Blade Dance","floor":1.0},{"not_picked":["Slice","Finisher"],"picked":"Backflip","floor":3.0},{"not_picked":["Deflect","Dagger Spray"],"picked":"PiercingWail","floor":6.0},{"not_picked":["Dodge and Roll","Eviscerate"],"picked":"Predator","floor":8.0},{"not_picked":["Bane","Heel Hook","Flechettes"],"picked":"SKIP","floor":12},{"not_picked":["Distraction","Masterful Stab"],"picked":"Infinite Blades","floor":13}],"player_experience":974507,"relics_obtained":[{"floor":6.0,"key":"Pen Nib"},{"floor":9.0,"key":"Pantograph"},{"floor":12,"key":"PreservedInsect"}],"event_choices":[{"damage_healed":0.0,"max_hp_gain":0.0,"max_hp_loss":0.0,"gold_gain":75.0,"event_name":"World of Goop","player_choice":"Gather Gold","floor":2.0,"gold_loss":0.0,"damage_taken":11.0},{"cards_removed":["Strike_G"],"damage_healed":0.0,"max_hp_gain":0.0,"max_hp_loss":0.0,"gold_gain":0.0,"event_name":"Golden Wing","player_choice":"Card Removal","floor":4.0,"gold_loss":0.0,"damage_taken":7.0},{"damage_healed":0.0,"max_hp_gain":0.0,"max_hp_loss":0.0,"gold_gain":0.0,"event_name":"Shining Light","player_choice":"Entered Light","floor":11.0,"gold_loss":0.0,"damage_taken":21.0,"cards_upgraded":["PiercingWail","Neutralize"]}],"is_beta":false,"boss_relics":[],"items_purged_floors":[],"is_endless":false,"potions_floor_spawned":[3,6,8],"killed_by":"3 Sentries","ascension_level":18}