{"gold_per_floor":[109,125,105,119,132,132,132,145,168,168,93,93,93,107,107,107],"floor_reached":16,"playtime":662,"items_purged":["Strike_B"],"score":166,"play_id":"79d60a84-aaa9-4b6d-9386-62a50f1caf58","local_time":"20190901123716","is_ascension_mode":true,"campfire_choices":[{"data":"Coolheaded","floor":7.0,"key":"SMITH"},{"floor":13.0,"key":"REST"},{"floor":15,"key":"REST"}],"neow_cost":"PERCENT_DAMAGE","seed_source_timestamp":1278716254225998,"circlet_count":0,"master_deck":["AscendersBane","Strike_B","Strike_B+1","Defend_B","Defend_B","Defend_B","Defend_B","Zap","Dualcast+1","Core Surge","Gash","Coolheaded+1","Core Surge","Reinforced Body"],"special_seed":0,"relics":["Cracked Core","Golden Idol","Pen Nib"],"potions_floor_usage":[14,16],"damage_taken":[{"damage":1.0,"enemies":"2 Louse","floor":1.0,"turns":2.0},{"damage":6.0,"enemies":"Cultist","floor":2.0,"turns":3.0},{"damage":2.0,"enemies":"Jaw Worm","floor":4.0,"turns":3.0},{"damage":0.0,"enemies":"Large Slime","floor":5.0,"turns":4.0},{"damage":4.0,"enemies":"Looter","floor":8.0,"turns":3.0},{"damage":6,"enemies":"Lots of Slimes","floor":14,"turns":4},{"damage":49,"enemies":"Hexaghost","floor":16,"turns":11}],"seed_played":"327686612753223590","potions_obtained":[{"floor":1.0,"key":"EssenceOfSteel"},{"floor":3.0,"key":"Dexterity Potion"}],"is_trial":false,"path_per_floor":["M","M","?","M","M","?","R","M","T","?","$","?","R","M","R","B"],"character_chosen":"DEFECT","items_purchased":[],"campfire_rested":2,"item_purchase_floors":[],"current_hp_per_floor":[45,39,39,37,37,37,37,33,33,33,33,14,33,27,46,0],"gold":107,"neow_bonus":"THREE_RARE_CARDS","is_prod":false,"is_daily":false,"chose_seed":false,"campfire_upgraded":1,"win_rate":0,"timestamp":1567359436,"path_taken":["M","M","?","M","?","?","R","M","T","?","$","?","R","M","R","BOSS"],"build_version":"2019-07-17","purchased_purges":1,"victory":false,"max_hp_per_floor":[71,71,71,71,71,64,64,64,64,64,64,64,64,64,64,64],"card_choices":[{"not_picked":["Seek","Reboot"],"picked":"Core Surge","floor":0.0},{"not_picked":["Conserve Battery","Ball Lightning"],"picked":"Gash","floor":1.0},{"not_picked":["Turbo","Recycle","Lockon"],"picked":"SKIP","floor":2.0},{"not_picked":["Amplify","Cold Snap"],"picked":"Coolheaded","floor":4.0},{"not_picked":["Compile Driver","Ball Lightning","Redo"],"picked":"SKIP","floor":5.0},{"not_picked":["Turbo","Hello World"],"picked":"Core Surge","floor":8.0},{"not_picked":["Skim","Reinforced Body","Barrage"],"picked":"SKIP","floor":14},{"not_picked":["Skim","Barrage"],"picked":"Reinforced Body","floor":14}],"player_experience":1034268,"relics_obtained":[{"floor":9.0,"key":"Pen Nib"}],"event_choices":[{"damage_healed":0.0,"max_hp_gain":0.0,"max_hp_loss":0.0,"gold_gain":0.0,"event_name":"The Woman in Blue","player_choice":"Bought 1 Potion","floor":3.0,"gold_loss":0.0,"damage_taken":0.0},{"damage_healed":0.0,"max_hp_gain":0.0,"max_hp_loss":7.0,"gold_gain":0.0,"event_name":"Golden Idol","player_choice":"Lose Max HP","floor":6.0,"gold_loss":0.0,"damage_taken":0.0,"relics_obtained":["Golden Idol"]},{"cards_removed":["Strike_B"],"damage_healed":0.0,"max_hp_gain":0.0,"max_hp_loss":0.0,"gold_gain":0.0,"event_name":"Living Wall","player_choice":"Forget","floor":10.0,"gold_loss":0.0,"damage_taken":0.0},{"damage_healed":0.0,"max_hp_gain":0.0,"max_hp_loss":0.0,"gold_gain":0.0,"event_name":"Shining Light","player_choice":"Entered Light","floor":12.0,"gold_loss":0.0,"damage_taken":19.0,"cards_upgraded":["Dualcast","Strike_B"]}],"is_beta":false,"boss_relics":[],"items_purged_floors":[11],"is_endless":false,"potions_floor_spawned":[1,5,8],"killed_by":"Hexaghost","ascension_level":16}