{"gold_per_floor":[111,130,130,130,143,143,155,155,178,14,34,66,66,66,66,137,137,154,169,169,169,169],"floor_reached":22,"playtime":1523,"items_purged":["Strike_G"],"score":350,"play_id":"6376019b-c6a5-4d58-b1eb-c76779c463cd","local_time":"20190829162829","is_ascension_mode":true,"campfire_choices":[{"data":"Blade Dance","floor":6.0,"key":"SMITH"},{"data":"Cloak And Dagger","floor":8.0,"key":"SMITH"},{"data":"Accuracy","floor":13.0,"key":"SMITH"},{"floor":15.0,"key":"REST"}],"neow_cost":"NONE","seed_source_timestamp":1150851149028354,"circlet_count":0,"master_deck":["AscendersBane","Strike_G","Strike_G","Strike_G","Strike_G","Defend_G","Defend_G+1","Defend_G","Defend_G","Survivor+1","Neutralize","Blade Dance+1","Crippling Poison","Cloak And Dagger+1","Accuracy+1","Blur","A Thousand Cuts","Footwork+1"],"special_seed":0,"relics":["Ring of the Snake","Orichalcum","War Paint","Happy Flower","WristBlade"],"potions_floor_usage":[22],"damage_taken":[{"damage":0.0,"enemies":"2 Louse","floor":1.0,"turns":3.0},{"damage":8.0,"enemies":"Jaw Worm","floor":2.0,"turns":7.0},{"damage":7.0,"enemies":"Small Slimes","floor":5.0,"turns":4.0},{"damage":20.0,"enemies":"Exordium Thugs","floor":7.0,"turns":6.0},{"damage":0.0,"enemies":"Lots of Slimes","floor":11.0,"turns":4.0},{"damage":9.0,"enemies":"3 Sentries","floor":12.0,"turns":9.0},{"damage":19.0,"enemies":"Slime Boss","floor":16.0,"turns":9.0},{"damage":13.0,"enemies":"Chosen","floor":18.0,"turns":6.0},{"damage":13.0,"enemies":"Shell Parasite","floor":19.0,"turns":5.0},{"damage":44,"enemies":"Cultist and Chosen","floor":22,"turns":7}],"seed_played":"-5047095360884671944","potions_obtained":[{"floor":7.0,"key":"Swift Potion"},{"floor":18.0,"key":"GamblersBrew"}],"is_trial":false,"path_per_floor":["M","M","?","?","M","R","M","R","T","$","M","E","R","?","R","B",null,"M","M","?","?","M"],"character_chosen":"THE_SILENT","items_purchased":["Accuracy"],"campfire_rested":1,"item_purchase_floors":[10],"current_hp_per_floor":[59,51,51,56,49,49,29,29,29,29,29,20,20,13,34,15,57,44,31,31,31,0],"gold":169,"neow_bonus":"RANDOM_COMMON_RELIC","is_prod":false,"is_daily":false,"chose_seed":false,"campfire_upgraded":3,"win_rate":0,"timestamp":1567114109,"path_taken":["M","M","?","?","M","R","M","R","T","$","M","E","R","?","R","BOSS","M","M","?","?","?"],"build_version":"2019-07-17","purchased_purges":1,"victory":false,"max_hp_per_floor":[66,66,66,71,71,71,71,71,71,71,71,71,71,71,71,71,71,71,71,71,71,71],"card_choices":[{"not_picked":["Sucker Punch","Bane","Bouncing Flask"],"picked":"SKIP","floor":1.0},{"not_picked":["Dodge and Roll","Slice"],"picked":"Blade Dance","floor":2.0},{"not_picked":["Sucker Punch","Tactician"],"picked":"Crippling Poison","floor":5.0},{"not_picked":["Bane","Dagger Throw"],"picked":"Cloak And Dagger","floor":7.0},{"not_picked":["Prepared","Flying Knee","Deadly Poison"],"picked":"SKIP","floor":11.0},{"not_picked":["PiercingWail","Backstab"],"picked":"Blur","floor":12.0},{"not_picked":["Tools of the Trade","Glass Knife"],"picked":"A Thousand Cuts","floor":16.0},{"not_picked":["PiercingWail","Caltrops"],"picked":"Footwork+1","floor":18.0},{"not_picked":["Prepared","Masterful Stab+1","Poisoned Stab"],"picked":"SKIP","floor":19.0}],"player_experience":972984,"relics_obtained":[{"floor":9.0,"key":"War Paint"},{"floor":12.0,"key":"Happy Flower"}],"event_choices":[{"damage_healed":0.0,"max_hp_gain":0.0,"max_hp_loss":0.0,"gold_gain":0.0,"event_name":"Liars Game","player_choice":"Ignored","floor":3.0,"gold_loss":0.0,"damage_taken":0.0},{"damage_healed":0.0,"max_hp_gain":5.0,"max_hp_loss":0.0,"gold_gain":0.0,"event_name":"Big Fish","player_choice":"Donut","floor":4.0,"gold_loss":0.0,"damage_taken":0.0},{"cards_removed":["Defend_G"],"damage_healed":0.0,"max_hp_gain":0.0,"max_hp_loss":0.0,"gold_gain":0.0,"event_name":"Golden Wing","player_choice":"Card Removal","floor":14.0,"gold_loss":0.0,"damage_taken":7.0},{"damage_healed":0.0,"max_hp_gain":0.0,"max_hp_loss":0.0,"gold_gain":0.0,"event_name":"Cursed Tome","player_choice":"Ignored","floor":20.0,"gold_loss":0.0,"damage_taken":0.0},{"damage_healed":0,"gold_gain":0,"player_choice":"Leave","damage_taken":0,"max_hp_gain":0,"max_hp_loss":0,"event_name":"FaceTrader","floor":21,"gold_loss":0}],"is_beta":false,"boss_relics":[{"not_picked":["Cursed Key","Orrery"],"picked":"WristBlade"}],"items_purged_floors":[10],"is_endless":false,"potions_floor_spawned":[7,18],"killed_by":"Cultist and Chosen","ascension_level":18}