{"gold_per_floor":[119,119,119,129,54,54,65,91,128,140,152,164,191,219,231,316,328,351,378,315,327,339,351,380,404,416,447,459],"floor_reached":28,"playtime":1531,"items_purged":["Strike_B"],"score":418,"play_id":"05496b90-0945-44b5-a7a0-2a98161cce64","local_time":"20190903223026","is_ascension_mode":true,"campfire_choices":[{"floor":6.0,"key":"REST"},{"floor":10.0,"key":"REST"},{"floor":12.0,"key":"RECALL"},{"floor":15.0,"key":"REST"},{"floor":23.0,"key":"REST"}],"neow_cost":"NONE","seed_source_timestamp":1372787352545395,"circlet_count":0,"master_deck":["AscendersBane","Defend_B+1","Defend_B+1","Dualcast","Auto Shields","Sunder","Meteor Strike","Streamline","Streamline","Hologram","Beam Cell","Hologram","Reboot","Ball Lightning+1","Seek+1","Glacier+1","Double Energy","Leap","Core Surge"],"special_seed":0,"relics":["Fusion Hammer","MawBank","Strawberry","Astrolabe","MutagenicStrength","Singing Bowl"],"potions_floor_usage":[],"damage_taken":[{"damage":6.0,"enemies":"Cultist","floor":1.0,"turns":4.0},{"damage":10.0,"enemies":"Small Slimes","floor":4.0,"turns":3.0},{"damage":0.0,"enemies":"2 Louse","floor":7.0,"turns":2.0},{"damage":20.0,"enemies":"3 Sentries","floor":8.0,"turns":9.0},{"damage":6.0,"enemies":"Lots of Slimes","floor":13.0,"turns":4.0},{"damage":4.0,"enemies":"Gremlin Gang","floor":14.0,"turns":3.0},{"damage":53.0,"enemies":"The Guardian","floor":16.0,"turns":10.0},{"damage":22.0,"enemies":"Chosen","floor":18.0,"turns":4.0},{"damage":10.0,"enemies":"Shell Parasite","floor":19.0,"turns":2.0},{"damage":12.0,"enemies":"Snecko","floor":24.0,"turns":4.0},{"damage":0.0,"enemies":"Cultist and Chosen","floor":25.0,"turns":5.0},{"damage":3.0,"enemies":"Centurion and Healer","floor":27.0,"turns":4.0},{"damage":43,"enemies":"Book of Stabbing","floor":28,"turns":5}],"seed_played":"2922912654008350740","potions_obtained":[{"floor":1.0,"key":"Weak Potion"},{"floor":7.0,"key":"SpeedPotion"},{"floor":13.0,"key":"SteroidPotion"},{"floor":19.0,"key":"SpeedPotion"},{"floor":24.0,"key":"SkillPotion"}],"is_trial":false,"path_per_floor":["M","?","?","M","$","R","M","E","T","R","?","R","M","M","R","B",null,"M","M","?","?","?","R","M","M","T","M","E"],"character_chosen":"DEFECT","items_purchased":[],"campfire_rested":4,"item_purchase_floors":[],"current_hp_per_floor":[58,58,58,48,48,69,69,49,56,78,74,74,68,64,78,25,65,43,33,33,33,33,56,44,44,44,41,0],"gold":459,"neow_bonus":"BOSS_RELIC","is_prod":false,"is_daily":false,"chose_seed":false,"campfire_upgraded":0,"win_rate":0,"timestamp":1567567826,"path_taken":["M","?","?","?","$","R","M","E","T","R","?","R","?","?","R","BOSS","M","M","?","?","?","R","M","M","T","?","E"],"build_version":"2019-07-17","purchased_purges":1,"victory":false,"max_hp_per_floor":[71,71,71,71,71,71,71,71,78,78,78,78,78,78,78,78,78,78,78,78,78,78,78,78,78,78,78,78],"card_choices":[{"not_picked":["Beam Cell","Darkness"],"picked":"Auto Shields","floor":1.0},{"not_picked":["Turbo","Steam"],"picked":"Streamline","floor":4.0},{"not_picked":["Steam","Darkness"],"picked":"Streamline","floor":7.0},{"not_picked":["Recycle","Loop"],"picked":"Hologram","floor":8.0},{"not_picked":["Compile Driver","Coolheaded"],"picked":"Beam Cell","floor":13.0},{"not_picked":["Stack","Consume"],"picked":"Hologram","floor":14.0},{"not_picked":["Rainbow","Multi-Cast"],"picked":"Reboot","floor":16.0},{"not_picked":["Coolheaded","Beam Cell"],"picked":"Double Energy","floor":18.0},{"not_picked":["Reprogram","Steam"],"picked":"Leap","floor":19.0},{"not_picked":["Sweeping Beam","Beam Cell","Steam"],"picked":"SKIP","floor":24.0},{"not_picked":["Steam","Auto Shields","Cold Snap"],"picked":"SKIP","floor":25.0},{"not_picked":["Cold Snap+1","Streamline"],"picked":"Core Surge","floor":27.0}],"player_experience":1084342,"relics_obtained":[{"floor":8.0,"key":"MawBank"},{"floor":9.0,"key":"Strawberry"},{"floor":26.0,"key":"Singing Bowl"}],"event_choices":[{"damage_healed":0.0,"max_hp_gain":0.0,"max_hp_loss":0.0,"gold_gain":0.0,"cards_transformed":["Strike_B"],"event_name":"Living Wall","player_choice":"Change","floor":2.0,"gold_loss":0.0,"damage_taken":0.0,"cards_obtained":["Sunder"]},{"damage_healed":0.0,"max_hp_gain":0.0,"max_hp_loss":0.0,"gold_gain":0.0,"cards_transformed":["Defend_B"],"event_name":"Transmorgrifier","player_choice":"Transformed","floor":3.0,"gold_loss":0.0,"damage_taken":0.0,"cards_obtained":["Meteor Strike"]},{"damage_healed":0.0,"max_hp_gain":0.0,"max_hp_loss":0.0,"gold_gain":0.0,"event_name":"The Woman in Blue","player_choice":"Bought 0 Potions","floor":11.0,"gold_loss":0.0,"damage_taken":0.0},{"cards_removed":["Zap"],"damage_healed":0.0,"max_hp_gain":0.0,"max_hp_loss":0.0,"gold_gain":0.0,"event_name":"Beggar","player_choice":"Gave Gold","floor":20.0,"gold_loss":75.0,"damage_taken":0.0},{"damage_healed":0.0,"max_hp_gain":0.0,"max_hp_loss":0.0,"gold_gain":0.0,"event_name":"Back to Basics","player_choice":"Simplicity","floor":21.0,"gold_loss":0.0,"damage_taken":0.0,"cards_upgraded":["Defend_B","Defend_B"]},{"damage_healed":0.0,"max_hp_gain":0.0,"max_hp_loss":0.0,"gold_gain":0.0,"event_name":"Drug Dealer","player_choice":"Inject Mutagens","floor":22.0,"gold_loss":0.0,"damage_taken":0.0,"relics_obtained":["MutagenicStrength"]}],"is_beta":false,"boss_relics":[{"not_picked":["Inserter","Empty Cage"],"picked":"Astrolabe"}],"items_purged_floors":[5],"is_endless":false,"potions_floor_spawned":[1,7,13,19,24],"killed_by":"Book of Stabbing","ascension_level":18}