{"gold_per_floor":[110,128,10,160,160,160,173,173,173,187,203,203,203,17,17,91,91,102,102,102,114,75,75,90,90,114,127,2,22,41,41,41,120,120,138,151,151,165,48,48,58,58,84,99,99,399,419,419,419,419],"floor_reached":50,"playtime":6945,"items_purged":["Strike_B","Strike_B","Doubt"],"score":846,"play_id":"117513ad-a408-4980-8b61-0864400118df","local_time":"20190905140555","is_ascension_mode":true,"campfire_choices":[{"data":"Go for the Eyes","floor":6.0,"key":"SMITH"},{"data":"Dualcast","floor":8.0,"key":"SMITH"},{"data":"Electrodynamics","floor":12.0,"key":"SMITH"},{"data":"Glacier","floor":15.0,"key":"SMITH"},{"data":"Defragment","floor":23.0,"key":"SMITH"},{"data":"Echo Form","floor":25.0,"key":"SMITH"},{"floor":32.0,"key":"REST"},{"data":"Heatsinks","floor":40.0,"key":"SMITH"},{"floor":42.0,"key":"REST"},{"floor":49.0,"key":"REST"}],"neow_cost":"NONE","seed_source_timestamp":38820599691896,"circlet_count":0,"master_deck":["AscendersBane","Strike_B+1","Strike_B+1","Defend_B+1","Defend_B+1","Defend_B+1","Defend_B+1","Zap+1","Dualcast+1","Scrape+1","Reinforced Body+1","Electrodynamics+1","Go for the Eyes+1","Glacier+1","BootSequence+1","Gash+1","Capacitor+1","Echo Form+1","Chill+1","Sunder+1","Defragment+1","Doom and Gloom+1","Self Repair+1","Gash+1","Amplify+1","Coolheaded+1","Undo+1","Heatsinks+1","Skim+1","FTL+1","Doubt","Doom and Gloom+1"],"special_seed":0,"relics":["Cracked Core","Lantern","Pear","Bird Faced Urn","Cursed Key","Strawberry","Empty Cage","Boot","Mark of the Bloom"],"potions_floor_usage":[50],"damage_taken":[{"damage":3.0,"enemies":"Small Slimes","floor":1.0,"turns":2.0},{"damage":0.0,"enemies":"2 Louse","floor":2.0,"turns":2.0},{"damage":0.0,"enemies":"Cultist","floor":7.0,"turns":2.0},{"damage":1.0,"enemies":"2 Fungi Beasts","floor":10.0,"turns":2.0},{"damage":0.0,"enemies":"Blue Slaver","floor":11.0,"turns":2.0},{"damage":32.0,"enemies":"Slime Boss","floor":16.0,"turns":8.0},{"damage":11.0,"enemies":"2 Thieves","floor":18.0,"turns":4.0},{"damage":29.0,"enemies":"Chosen","floor":21.0,"turns":6.0},{"damage":13.0,"enemies":"Sentry and Sphere","floor":24.0,"turns":5.0},{"damage":43.0,"enemies":"Chosen and Byrds","floor":27.0,"turns":7.0},{"damage":4.0,"enemies":"Cultist and Chosen","floor":29.0,"turns":5.0},{"damage":8.0,"enemies":"3 Cultists","floor":30.0,"turns":4.0},{"damage":46.0,"enemies":"Collector","floor":33.0,"turns":8.0},{"damage":6.0,"enemies":"3 Shapes","floor":35.0,"turns":7.0},{"damage":15.0,"enemies":"Orb Walker","floor":36.0,"turns":3.0},{"damage":0.0,"enemies":"3 Darklings","floor":38.0,"turns":2.0},{"damage":57.0,"enemies":"Jaw Worm Horde","floor":41.0,"turns":4.0},{"damage":9.0,"enemies":"Spire Growth","floor":44.0,"turns":6.0},{"damage":0.0,"enemies":"Sphere and 2 Shapes","floor":47.0,"turns":3.0},{"damage":79,"enemies":"Awakened One","floor":50,"turns":8}],"seed_played":"-6663632897302797239","potions_obtained":[{"floor":7.0,"key":"Weak Potion"},{"floor":10.0,"key":"EssenceOfSteel"},{"floor":18.0,"key":"Regen Potion"},{"floor":24.0,"key":"Regen Potion"},{"floor":33.0,"key":"AttackPotion"},{"floor":36.0,"key":"Ancient Potion"},{"floor":41.0,"key":"PowerPotion"},{"floor":44.0,"key":"FairyPotion"}],"is_trial":false,"path_per_floor":["M","M","$","?","?","R","M","R","T","M","M","R","?","$","R","B",null,"M","?","?","M","$","R","M","R","T","M","$","M","M","$","R","B",null,"M","M","?","M","$","R","M","R","T","M","?","?","M","?","R","B"],"character_chosen":"DEFECT","items_purchased":["Doom and Gloom","Capacitor","Defragment","Heatsinks","Skim"],"campfire_rested":3,"item_purchase_floors":[3,14,22,39,39],"current_hp_per_floor":[61,61,61,61,61,61,61,61,71,70,70,70,52,52,52,22,66,57,57,57,49,49,49,44,44,51,31,31,42,49,49,75,46,78,88,77,77,81,81,81,41,67,67,70,70,70,76,76,76,0],"gold":419,"neow_bonus":"RANDOM_COMMON_RELIC","is_prod":false,"is_daily":false,"chose_seed":false,"campfire_upgraded":7,"win_rate":0,"timestamp":1567710355,"path_taken":["M","M","$","?","?","R","M","R","T","M","?","R","?","$","R","BOSS","M","?","?","M","$","R","M","R","T","M","?","?","?","$","R","BOSS","M","M","?","M","$","R","M","R","T","M","?","?","?","?","R","BOSS"],"build_version":"2019-07-17","purchased_purges":3,"victory":false,"max_hp_per_floor":[71,71,71,71,71,71,71,71,81,81,81,81,81,81,81,81,81,81,81,81,81,81,81,81,81,88,88,88,88,88,88,88,88,88,88,88,88,88,88,88,88,88,88,88,84,84,84,84,84,84],"card_choices":[{"not_picked":["Turbo","Stack"],"picked":"Scrape","floor":1.0},{"not_picked":["Skim","Sweeping Beam"],"picked":"Reinforced Body","floor":2.0},{"not_picked":["Storm","Loop"],"picked":"Glacier","floor":7.0},{"not_picked":["Auto Shields","Steam Power"],"picked":"BootSequence","floor":10.0},{"not_picked":["Steam","Ball Lightning"],"picked":"Gash","floor":11.0},{"not_picked":["Creative AI","Thunder Strike"],"picked":"Echo Form","floor":16.0},{"not_picked":["Beam Cell","Compile Driver","Streamline"],"picked":"SKIP","floor":18.0},{"not_picked":["Steam","Go for the Eyes"],"picked":"Sunder+1","floor":21.0},{"not_picked":["Streamline","Go for the Eyes"],"picked":"Doom and Gloom+1","floor":24.0},{"not_picked":["Coolheaded","Barrage"],"picked":"Self Repair","floor":27.0},{"not_picked":["White Noise","Coolheaded"],"picked":"Gash","floor":29.0},{"not_picked":["Rip and Tear","Melter","Go for the Eyes"],"picked":"SKIP","floor":30.0},{"not_picked":["Hyperbeam","Rainbow"],"picked":"Amplify","floor":33.0},{"not_picked":["Storm","Sweeping Beam"],"picked":"Coolheaded+1","floor":35.0},{"not_picked":["Reprogram","Force Field+1","Barrage"],"picked":"SKIP","floor":36.0},{"not_picked":["BootSequence","Stack"],"picked":"Undo","floor":38.0},{"not_picked":["Leap","Streamline"],"picked":"FTL","floor":41.0},{"not_picked":["Skim","Cold Snap","Redo"],"picked":"SKIP","floor":44.0},{"not_picked":["Reprogram","Redo"],"picked":"Doom and Gloom+1","floor":47.0}],"player_experience":1100552,"relics_obtained":[{"floor":9.0,"key":"Pear"},{"floor":26.0,"key":"Strawberry"},{"floor":43.0,"key":"Boot"}],"event_choices":[{"damage_healed":0.0,"max_hp_gain":0.0,"max_hp_loss":0.0,"gold_gain":150.0,"event_name":"Liars Game","player_choice":"AGREE","floor":4.0,"gold_loss":0.0,"damage_taken":0.0,"cards_obtained":["Doubt"]},{"damage_healed":0.0,"max_hp_gain":0.0,"max_hp_loss":0.0,"gold_gain":0.0,"event_name":"Match and Keep!","player_choice":"2 cards matched","floor":5.0,"gold_loss":0.0,"damage_taken":0.0,"cards_obtained":["Electrodynamics","Go for the Eyes"]},{"damage_healed":0.0,"max_hp_gain":0.0,"max_hp_loss":0.0,"gold_gain":0.0,"event_name":"Scrap Ooze","player_choice":"Success","floor":13.0,"gold_loss":0.0,"damage_taken":18.0,"relics_obtained":["Bird Faced Urn"]},{"damage_healed":0.0,"max_hp_gain":0.0,"max_hp_loss":0.0,"gold_gain":0.0,"event_name":"The Library","player_choice":"Read","floor":19.0,"gold_loss":0.0,"damage_taken":0.0,"cards_obtained":["Chill"]},{"damage_healed":0.0,"max_hp_gain":0.0,"max_hp_loss":0.0,"gold_gain":0.0,"event_name":"Back to Basics","player_choice":"Simplicity","floor":20.0,"gold_loss":0.0,"damage_taken":0.0,"cards_upgraded":["Strike_B","Strike_B","Defend_B","Defend_B","Defend_B","Defend_B"]},{"damage_healed":0.0,"max_hp_gain":0.0,"max_hp_loss":0.0,"gold_gain":0.0,"event_name":"Mysterious Sphere","player_choice":"Ignored","floor":37.0,"gold_loss":0.0,"damage_taken":0.0},{"damage_healed":0.0,"max_hp_gain":0.0,"max_hp_loss":4.0,"gold_gain":0.0,"event_name":"Winding Halls","player_choice":"Max HP","floor":45.0,"gold_loss":0.0,"damage_taken":0.0},{"damage_healed":0.0,"max_hp_gain":0.0,"max_hp_loss":0.0,"gold_gain":300.0,"event_name":"Wheel of Change","player_choice":"Gold","floor":46.0,"gold_loss":0.0,"damage_taken":0.0},{"damage_healed":0.0,"max_hp_gain":0.0,"max_hp_loss":0.0,"gold_gain":0.0,"event_name":"MindBloom","player_choice":"Upgrade","floor":48.0,"gold_loss":0.0,"damage_taken":0.0,"cards_upgraded":["Zap","Scrape","Reinforced Body","BootSequence","Gash","Capacitor","Chill","Self Repair","Gash","Amplify","Undo","Skim","FTL"],"relics_obtained":["Mark of the Bloom"]}],"is_beta":false,"boss_relics":[{"not_picked":["Busted Crown","Philosopher\u0027s Stone"],"picked":"Cursed Key"},{"not_picked":["Runic Pyramid","FrozenCore"],"picked":"Empty Cage"}],"items_purged_floors":[3,14,28],"is_endless":false,"potions_floor_spawned":[7,10,11,18,24,33,36,41,44],"killed_by":"Awakened One","ascension_level":19}