{"gold_per_floor":[118,118,43,43,63,63,76,76,122,135,154,172,172,197,197,274,274,290,308,43,43,62,62,92,92,92,92,105,105,115,115,115,193,193,207,207,222,222,57,89,89,102,102,102,102,102,121,81,81,81],"floor_reached":51,"playtime":2552,"items_purged":["Defend_R","Strike_R"],"score":1323,"play_id":"dda35831-a0ef-4df8-b503-81f1b91c3408","local_time":"20190908124551","is_ascension_mode":true,"campfire_choices":[{"floor":6.0,"key":"REST"},{"data":"Heavy Blade","floor":8.0,"key":"SMITH"},{"data":"Bludgeon","floor":13.0,"key":"SMITH"},{"data":"Carnage","floor":15.0,"key":"SMITH"},{"data":"Hemokinesis","floor":23.0,"key":"SMITH"},{"floor":25.0,"key":"REST"},{"data":"Limit Break","floor":27.0,"key":"SMITH"},{"data":"Limit Break","floor":32.0,"key":"SMITH"},{"data":"Shrug It Off","floor":41,"key":"SMITH"},{"data":"Inflame","floor":44,"key":"SMITH"},{"data":"Bash","floor":46,"key":"SMITH"},{"floor":49,"key":"REST"}],"neow_cost":"NONE","seed_source_timestamp":170793992379278,"circlet_count":0,"master_deck":["AscendersBane","Strike_R","Strike_R","Defend_R","Bash+1","Ghostly Armor","Shrug It Off+1","Carnage+1","Heavy Blade+1","Hemokinesis+1","Bludgeon+1","Limit Break+1","True Grit+1","Body Slam+1","Battle Trance+1","Limit Break+1","Inflame+1","Feed","Flash of Steel","Master of Strategy"],"special_seed":0,"relics":["Burning Blood","Vajra","Red Skull","Bag of Marbles","Pantograph","Astrolabe","Blood Vial","Paper Frog","Runic Dome","Art of War","Ancient Tea Set","Darkstone Periapt","Mummified Hand"],"potions_floor_usage":[50,50],"damage_taken":[{"damage":10.0,"enemies":"Small Slimes","floor":1.0,"turns":3.0},{"damage":0.0,"enemies":"2 Louse","floor":5.0,"turns":3.0},{"damage":0.0,"enemies":"Cultist","floor":7.0,"turns":3.0},{"damage":1.0,"enemies":"3 Louse","floor":10.0,"turns":3.0},{"damage":8.0,"enemies":"Gremlin Gang","floor":11.0,"turns":4.0},{"damage":12.0,"enemies":"Lots of Slimes","floor":12.0,"turns":5.0},{"damage":11.0,"enemies":"Gremlin Nob","floor":14.0,"turns":3.0},{"damage":57.0,"enemies":"Hexaghost","floor":16.0,"turns":8.0},{"damage":28.0,"enemies":"3 Byrds","floor":18.0,"turns":6.0},{"damage":3.0,"enemies":"Shell Parasite","floor":19.0,"turns":2.0},{"damage":9.0,"enemies":"Snake Plant","floor":22.0,"turns":2.0},{"damage":21.0,"enemies":"Slavers","floor":24.0,"turns":3.0},{"damage":7.0,"enemies":"Centurion and Healer","floor":28.0,"turns":5.0},{"damage":14.0,"enemies":"Sentry and Sphere","floor":30.0,"turns":4.0},{"damage":60.0,"enemies":"Collector","floor":33.0,"turns":4.0},{"damage":10.0,"enemies":"3 Shapes","floor":35.0,"turns":3.0},{"damage":2.0,"enemies":"Orb Walker","floor":37.0,"turns":1.0},{"damage":37,"enemies":"Giant Head","floor":40,"turns":5},{"damage":2,"enemies":"Jaw Worm Horde","floor":42,"turns":2},{"damage":0,"enemies":"Transient","floor":47,"turns":4},{"damage":37,"enemies":"Awakened One","floor":50,"turns":5}],"seed_played":"5024449608029573244","potions_obtained":[{"floor":1.0,"key":"Ancient Potion"},{"floor":10.0,"key":"Block Potion"},{"floor":16.0,"key":"SpeedPotion"},{"floor":18.0,"key":"Energy Potion"},{"floor":21.0,"key":"FairyPotion"},{"floor":21.0,"key":"SneckoOil"},{"floor":30.0,"key":"FearPotion"},{"floor":37.0,"key":"Ancient Potion"},{"floor":42,"key":"FearPotion"},{"floor":48,"key":"Weak Potion"}],"is_trial":false,"path_per_floor":["M","?","$","?","M","R","M","R","T","M","M","M","R","E","R","B",null,"M","M","$","?","M","R","E","R","T","R","M","$","M","$","R","B",null,"M","?","M","?","$","E","R","M","T","R","$","R","M","?","R","B",null],"character_chosen":"IRONCLAD","items_purchased":["Limit Break","Ancient Tea Set"],"campfire_rested":3,"item_purchase_floors":[20,39],"current_hp_per_floor":[64,8,8,8,14,36,42,42,42,47,45,39,39,34,34,8,58,36,39,39,39,36,36,21,43,43,43,44,44,38,38,38,11,59,57,47,56,56,56,30,30,36,36,36,36,36,47,47,72,53],"gold":81,"neow_bonus":"RANDOM_COMMON_RELIC","is_prod":false,"is_daily":false,"chose_seed":false,"campfire_upgraded":9,"win_rate":0,"timestamp":1567964751,"path_taken":["M","?","$","?","M","R","M","R","T","M","M","?","R","E","R","BOSS","M","M","$","?","?","R","E","R","T","R","M","?","M","$","R","BOSS","M","?","M","?","$","E","R","M","T","R","$","R","?","?","R","BOSS"],"build_version":"2019-07-17","purchased_purges":2,"victory":true,"max_hp_per_floor":[75,75,75,75,75,75,75,75,75,75,75,75,75,75,75,75,75,75,75,75,75,75,75,75,75,75,75,75,75,75,75,75,75,75,75,75,78,78,78,81,81,81,81,81,81,81,84,84,84,84],"card_choices":[{"not_picked":["Second Wind","Clothesline"],"picked":"Ghostly Armor","floor":1.0},{"not_picked":["Sword Boomerang","Body Slam"],"picked":"Carnage","floor":5.0},{"not_picked":["Clash","Clothesline"],"picked":"Heavy Blade","floor":7.0},{"not_picked":["Intimidate","Flex","Uppercut"],"picked":"SKIP","floor":10.0},{"not_picked":["Headbutt","Body Slam"],"picked":"Hemokinesis","floor":11.0},{"not_picked":["Havoc","Whirlwind"],"picked":"Bludgeon","floor":12.0},{"not_picked":["Metallicize","Intimidate","Body Slam"],"picked":"SKIP","floor":14.0},{"not_picked":["Barricade","Fiend Fire"],"picked":"Limit Break","floor":16.0},{"not_picked":["Flex","True Grit","Intimidate"],"picked":"SKIP","floor":18.0},{"not_picked":["Thunderclap","Fire Breathing","Anger+1"],"picked":"SKIP","floor":19.0},{"not_picked":["Second Wind","Berserk","Sentinel"],"picked":"SKIP","floor":22.0},{"not_picked":["Thunderclap","Wild Strike+1","True Grit"],"picked":"SKIP","floor":24.0},{"not_picked":["Rupture","Carnage"],"picked":"Inflame","floor":28.0},{"not_picked":["Armaments","Heavy Blade","True Grit"],"picked":"SKIP","floor":30.0},{"not_picked":["Limit Break","Immolate"],"picked":"Feed","floor":33.0},{"not_picked":["Flex","Iron Wave","Twin Strike+1"],"picked":"SKIP","floor":35.0},{"not_picked":["Deep Breath","Swift Strike"],"picked":"Flash of Steel","floor":36.0},{"not_picked":["Dark Shackles","Secret Weapon"],"picked":"Master of Strategy","floor":36.0},{"not_picked":["True Grit","Cleave","Clothesline"],"picked":"SKIP","floor":37.0},{"not_picked":["Warcry","Feed","Dropkick+1"],"picked":"SKIP","floor":40},{"not_picked":["Body Slam+1","Thunderclap","Uppercut"],"picked":"SKIP","floor":42},{"not_picked":["Rupture","Perfected Strike","Flex"],"picked":"SKIP","floor":47}],"player_experience":1145056,"relics_obtained":[{"floor":9.0,"key":"Bag of Marbles"},{"floor":14.0,"key":"Pantograph"},{"floor":24.0,"key":"Blood Vial"},{"floor":26.0,"key":"Paper Frog"},{"floor":40,"key":"Darkstone Periapt"},{"floor":43,"key":"Mummified Hand"}],"event_choices":[{"damage_healed":0.0,"max_hp_gain":0.0,"max_hp_loss":0.0,"gold_gain":0.0,"event_name":"Scrap Ooze","player_choice":"Success","floor":2.0,"gold_loss":0.0,"damage_taken":56.0,"relics_obtained":["Red Skull"]},{"damage_healed":0.0,"max_hp_gain":0.0,"max_hp_loss":0.0,"gold_gain":0.0,"cards_transformed":["Strike_R"],"event_name":"Transmorgrifier","player_choice":"Transformed","floor":4.0,"gold_loss":0.0,"damage_taken":0.0,"cards_obtained":["Shrug It Off"]},{"damage_healed":0.0,"max_hp_gain":0.0,"max_hp_loss":0.0,"gold_gain":0.0,"event_name":"Lab","player_choice":"Got Potions","floor":21.0,"gold_loss":0.0,"damage_taken":0.0},{"damage_healed":0.0,"max_hp_gain":0.0,"max_hp_loss":0.0,"gold_gain":0.0,"event_name":"SensoryStone","player_choice":"Memory 3","floor":36.0,"gold_loss":0.0,"damage_taken":10.0},{"damage_healed":0.0,"max_hp_gain":0.0,"max_hp_loss":0.0,"gold_gain":0.0,"event_name":"WeMeetAgain","player_choice":"Gave Potion","floor":38.0,"gold_loss":0.0,"damage_taken":0.0,"relics_obtained":["Art of War"]},{"damage_healed":0,"gold_gain":0,"player_choice":"Bought 3 Potions","damage_taken":0,"max_hp_gain":0,"max_hp_loss":0,"event_name":"The Woman in Blue","floor":48,"gold_loss":0}],"is_beta":false,"boss_relics":[{"not_picked":["Calling Bell","Empty Cage"],"picked":"Astrolabe"},{"not_picked":["Philosopher\u0027s Stone","Runic Pyramid"],"picked":"Runic Dome"}],"items_purged_floors":[3,20],"is_endless":false,"potions_floor_spawned":[1,10,16,18,30,37,42],"ascension_level":18}