{"gold_per_floor":[113,133,133,83,8,8,46,46,73,73,92,115,133,206,206,326,326,345,345,369,369,384,404,404],"floor_reached":24,"playtime":1563,"items_purged":["Strike_B"],"score":248,"play_id":"a6f5fd00-2521-487d-acf0-15c4fd2de0d4","local_time":"20190910212421","is_ascension_mode":false,"campfire_choices":[{"data":"Chaos","floor":6.0,"key":"SMITH"},{"data":"Zap","floor":8.0,"key":"SMITH"},{"data":"Dualcast","floor":10.0,"key":"SMITH"},{"floor":15,"key":"REST"}],"neow_cost":"NONE","seed_source_timestamp":0,"circlet_count":0,"master_deck":["Strike_B","Strike_B","Defend_B","Defend_B","Defend_B","Defend_B","Zap+1","Dualcast+1","Beam Cell","Chaos+1","Ball Lightning","White Noise","Go for the Eyes","Echo Form","Streamline+1","Writhe","Compile Driver+1","Beam Cell+1"],"special_seed":0,"relics":["Cracked Core","DataDisk","Golden Idol","Symbiotic Virus","Torii","Velvet Choker","Unceasing Top","MutagenicStrength"],"potions_floor_usage":[16,18,22],"damage_taken":[{"damage":3.0,"enemies":"2 Louse","floor":1.0,"turns":2.0},{"damage":2.0,"enemies":"Small Slimes","floor":2.0,"turns":2.0},{"damage":15.0,"enemies":"Lagavulin","floor":7.0,"turns":5.0},{"damage":1.0,"enemies":"Jaw Worm","floor":11.0,"turns":2.0},{"damage":8.0,"enemies":"Lots of Slimes","floor":12.0,"turns":4.0},{"damage":1.0,"enemies":"2 Fungi Beasts","floor":13.0,"turns":3.0},{"damage":11.0,"enemies":"3 Sentries","floor":14.0,"turns":4.0},{"damage":0,"enemies":"Slime Boss","floor":16,"turns":6},{"damage":26,"enemies":"2 Thieves","floor":18,"turns":3},{"damage":1,"enemies":"Shell Parasite","floor":20,"turns":3},{"damage":10,"enemies":"Centurion and Healer","floor":22,"turns":3},{"damage":2,"enemies":"Snake Plant","floor":23,"turns":3},{"damage":44,"enemies":"Slavers","floor":24,"turns":2}],"seed_played":"-942379082119214766","potions_obtained":[{"floor":2.0,"key":"GamblersBrew"},{"floor":7.0,"key":"FocusPotion"},{"floor":16,"key":"Poison Potion"},{"floor":20,"key":"PowerPotion"}],"is_trial":false,"path_per_floor":["M","M","?","?","$","R","E","R","T","R","M","M","M","?","R","B",null,"M","?","M","?","M","M","E"],"character_chosen":"DEFECT","items_purchased":[],"campfire_rested":1,"item_purchase_floors":[],"current_hp_per_floor":[72,70,52,52,52,52,37,37,37,37,36,28,27,16,38,38,75,49,49,48,48,38,36,0],"gold":404,"neow_bonus":"RANDOM_COMMON_RELIC","is_prod":false,"is_daily":false,"chose_seed":false,"campfire_upgraded":3,"win_rate":0,"timestamp":1568143461,"path_taken":["M","M","?","?","?","R","E","R","T","R","M","M","?","?","R","BOSS","M","?","M","?","M","M","E"],"build_version":"2019-07-17","purchased_purges":1,"victory":false,"max_hp_per_floor":[75,75,75,75,75,75,75,75,75,75,75,75,75,75,75,75,75,75,75,75,75,75,75,75],"card_choices":[{"not_picked":["Ball Lightning","Redo"],"picked":"Beam Cell","floor":1.0},{"not_picked":["Leap","Fusion"],"picked":"Chaos","floor":2.0},{"not_picked":["Cold Snap","Darkness"],"picked":"Ball Lightning","floor":7.0},{"not_picked":["Recycle","Hello World"],"picked":"White Noise","floor":11.0},{"not_picked":["Leap","Fusion"],"picked":"Go for the Eyes","floor":12.0},{"not_picked":["Darkness","Barrage","FTL"],"picked":"SKIP","floor":13.0},{"not_picked":["Thunder Strike","Amplify"],"picked":"Echo Form","floor":16},{"not_picked":["Cold Snap+1","Beam Cell"],"picked":"Streamline+1","floor":18},{"not_picked":["Hello World+1","Stack"],"picked":"Compile Driver+1","floor":20},{"not_picked":["Streamline","Stack"],"picked":"Beam Cell+1","floor":22},{"not_picked":["Cold Snap","Aggregate","Thunder Strike"],"picked":"SKIP","floor":23}],"player_experience":869680,"relics_obtained":[{"floor":7.0,"key":"Symbiotic Virus"}],"event_choices":[{"damage_healed":0.0,"max_hp_gain":0.0,"max_hp_loss":0.0,"gold_gain":0.0,"event_name":"Golden Idol","player_choice":"Take Damage","floor":3.0,"gold_loss":0.0,"damage_taken":18.0,"relics_obtained":["Golden Idol"]},{"cards_removed":["Strike_B"],"damage_healed":0.0,"max_hp_gain":0.0,"max_hp_loss":0.0,"gold_gain":0.0,"event_name":"The Cleric","player_choice":"Card Removal","floor":4.0,"gold_loss":50.0,"damage_taken":0.0},{"damage_healed":0.0,"max_hp_gain":0.0,"max_hp_loss":0.0,"gold_gain":0.0,"event_name":"Dead Adventurer","player_choice":"Searched \u00272\u0027 times","floor":14.0,"gold_loss":0.0,"damage_taken":0.0,"relics_obtained":["Torii"]},{"damage_healed":0,"gold_gain":0,"player_choice":"Opened","damage_taken":0,"relics_obtained":["Unceasing Top"],"max_hp_gain":0,"max_hp_loss":0,"event_name":"The Mausoleum","floor":19,"gold_loss":0,"cards_obtained":["Writhe"]},{"damage_healed":0,"gold_gain":0,"player_choice":"Inject Mutagens","damage_taken":0,"relics_obtained":["MutagenicStrength"],"max_hp_gain":0,"max_hp_loss":0,"event_name":"Drug Dealer","floor":21,"gold_loss":0}],"is_beta":false,"boss_relics":[{"not_picked":["Snecko Eye","Runic Pyramid"],"picked":"Velvet Choker"}],"items_purged_floors":[5],"is_endless":false,"potions_floor_spawned":[2,7,16,20],"killed_by":"Slavers","ascension_level":0}