{"gold_per_floor":[118,118,130,149,149,149,181,181,181,198,232,232,0,0,0,91,91,114,114,133,133,133],"floor_reached":22,"playtime":4508,"items_purged":["Strike_B"],"score":365,"play_id":"1da049bf-5a9d-48f1-89b7-72bc2303973f","local_time":"20190903152418","is_ascension_mode":true,"campfire_choices":[{"floor":6.0,"key":"REST"},{"floor":8.0,"key":"REST"},{"floor":12.0,"key":"REST"},{"floor":15.0,"key":"REST"}],"neow_cost":"NONE","seed_source_timestamp":1355812810362405,"circlet_count":0,"master_deck":["AscendersBane","Strike_B","Strike_B","Strike_B","Defend_B","Defend_B","Defend_B","Defend_B+1","Zap","Dualcast","Steam Power+1","Sweeping Beam","Loop","BootSequence","Sweeping Beam+1","Go for the Eyes+1","Coolheaded","Loop","Rebound+1","Echo Form","Beam Cell+1","Lockon+1","Decay"],"special_seed":0,"relics":["Cracked Core","Bag of Marbles","Molten Egg 2","Anchor","Oddly Smooth Stone","Bag of Preparation","Golden Idol","Nuclear Battery"],"potions_floor_usage":[],"damage_taken":[{"damage":7.0,"enemies":"Small Slimes","floor":1.0,"turns":3.0},{"damage":0.0,"enemies":"2 Louse","floor":3.0,"turns":2.0},{"damage":0.0,"enemies":"Cultist","floor":4.0,"turns":2.0},{"damage":37.0,"enemies":"3 Sentries","floor":7.0,"turns":7.0},{"damage":4.0,"enemies":"2 Fungi Beasts","floor":10.0,"turns":3.0},{"damage":23.0,"enemies":"Lagavulin","floor":11.0,"turns":6.0},{"damage":10.0,"enemies":"The Guardian","floor":16.0,"turns":14.0},{"damage":17.0,"enemies":"2 Thieves","floor":18.0,"turns":4.0},{"damage":6,"enemies":"Shell Parasite","floor":20,"turns":4},{"damage":36,"enemies":"Snake Plant","floor":22,"turns":3}],"seed_played":"4843124445474099177","potions_obtained":[{"floor":1.0,"key":"Ancient Potion"},{"floor":3.0,"key":"Ancient Potion"},{"floor":7.0,"key":"SteroidPotion"}],"is_trial":false,"path_per_floor":["M","?","M","M","?","R","E","R","T","M","E","R","$","?","R","B",null,"M","?","M","?","M"],"character_chosen":"DEFECT","items_purchased":["Coolheaded","Loop","Rebound+1"],"campfire_rested":4,"item_purchase_floors":[13,13,13],"current_hp_per_floor":[57,36,36,36,36,57,20,41,41,37,14,35,35,35,54,44,59,42,42,36,36,0],"gold":133,"neow_bonus":"RANDOM_COMMON_RELIC","is_prod":false,"is_daily":false,"chose_seed":false,"campfire_upgraded":0,"win_rate":0,"timestamp":1567542258,"path_taken":["M","?","M","M","?","R","E","R","T","?","E","R","$","?","R","BOSS","M","?","M","?","M"],"build_version":"2019-07-17","purchased_purges":1,"victory":false,"max_hp_per_floor":[71,71,71,71,71,71,71,71,71,71,71,71,71,64,64,64,64,64,64,64,64,64],"card_choices":[{"not_picked":["Reprogram","Rip and Tear"],"picked":"Steam Power","floor":1.0},{"not_picked":["Redo","Double Energy"],"picked":"Sweeping Beam","floor":3.0},{"not_picked":["Stack","Streamline"],"picked":"Loop","floor":4.0},{"not_picked":["Tempest","Leap"],"picked":"BootSequence","floor":7.0},{"not_picked":["Hologram","Multi-Cast"],"picked":"Sweeping Beam+1","floor":10.0},{"not_picked":["Compile Driver+1","Conserve Battery"],"picked":"Go for the Eyes+1","floor":11.0},{"not_picked":["Rainbow","Fission"],"picked":"Echo Form","floor":16.0},{"not_picked":["Barrage+1","Sweeping Beam+1"],"picked":"Beam Cell+1","floor":18.0},{"not_picked":["Hello World","Rebound+1"],"picked":"Lockon+1","floor":20}],"player_experience":1068925,"relics_obtained":[{"floor":7.0,"key":"Anchor"},{"floor":9.0,"key":"Oddly Smooth Stone"},{"floor":11.0,"key":"Bag of Preparation"}],"event_choices":[{"damage_healed":0.0,"max_hp_gain":0.0,"max_hp_loss":0.0,"gold_gain":0.0,"event_name":"Shining Light","player_choice":"Entered Light","floor":2.0,"gold_loss":0.0,"damage_taken":21.0,"cards_upgraded":["Defend_B","Steam Power"]},{"damage_healed":0.0,"max_hp_gain":0.0,"max_hp_loss":0.0,"gold_gain":0.0,"event_name":"WeMeetAgain","player_choice":"Gave Potion","floor":5.0,"gold_loss":0.0,"damage_taken":0.0,"relics_obtained":["Molten Egg 2"]},{"damage_healed":0.0,"max_hp_gain":0.0,"max_hp_loss":7.0,"gold_gain":0.0,"event_name":"Golden Idol","player_choice":"Lose Max HP","floor":14.0,"gold_loss":0.0,"damage_taken":0.0,"relics_obtained":["Golden Idol"]},{"damage_healed":0.0,"max_hp_gain":0.0,"max_hp_loss":0.0,"gold_gain":0.0,"event_name":"Cursed Tome","player_choice":"Ignored","floor":19.0,"gold_loss":0.0,"damage_taken":0.0},{"damage_healed":0,"gold_gain":0,"player_choice":"Cursed","damage_taken":0,"max_hp_gain":0,"max_hp_loss":0,"event_name":"Wheel of Change","floor":21,"gold_loss":0,"cards_obtained":["Decay"]}],"is_beta":false,"boss_relics":[{"not_picked":["Snecko Eye","White Beast Statue"],"picked":"Nuclear Battery"}],"items_purged_floors":[13],"is_endless":false,"potions_floor_spawned":[1,3,7],"killed_by":"Snake Plant","ascension_level":18}