{"gold_per_floor":[111,111,128,53,128,128,159,59,59,77,96,115,115,115,115,115],"floor_reached":16,"playtime":581,"items_purged":["Strike_G","Defend_G"],"score":244,"play_id":"1111d3f9-5df7-4125-a702-81875b77e02a","local_time":"20190830175016","is_ascension_mode":true,"campfire_choices":[{"data":"Neutralize","floor":6,"key":"SMITH"},{"data":"Dash","floor":13,"key":"SMITH"},{"data":"Predator","floor":15,"key":"SMITH"}],"neow_cost":"NONE","seed_source_timestamp":1205784728775875,"circlet_count":0,"master_deck":["AscendersBane","Strike_G","Strike_G","Strike_G","Strike_G","Defend_G","Defend_G","Defend_G","Defend_G","Survivor","Neutralize+1","Blur+1","Poisoned Stab","Dash+1","Predator+1","Calculated Gamble"],"relics":["Ring of the Snake","NeowsBlessing","Bag of Preparation","Mango","Golden Idol"],"potions_floor_usage":[16,16],"damage_taken":[{"damage":0,"enemies":"Jaw Worm","floor":1,"turns":1},{"damage":0,"enemies":"Cultist","floor":3,"turns":1},{"damage":0,"enemies":"Gremlin Nob","floor":7,"turns":1},{"damage":0,"enemies":"2 Louse","floor":10,"turns":3},{"damage":4,"enemies":"Blue Slaver","floor":11,"turns":4},{"damage":6,"enemies":"Looter","floor":12,"turns":4},{"damage":63,"enemies":"Hexaghost","floor":16,"turns":15}],"seed_played":"-1717990373852406006","potions_obtained":[{"floor":1,"key":"EssenceOfSteel"},{"floor":10,"key":"GhostInAJar"}],"is_trial":false,"path_per_floor":["M","?","M","$","?","R","E","$","T","M","M","M","R","?","R","B"],"character_chosen":"THE_SILENT","items_purchased":[],"campfire_rested":0,"item_purchase_floors":[],"current_hp_per_floor":[59,59,59,59,48,48,48,48,62,62,58,52,52,52,52,0],"gold":115,"neow_bonus":"THREE_ENEMY_KILL","is_prod":false,"is_daily":false,"chose_seed":false,"campfire_upgraded":3,"win_rate":0,"timestamp":1567205416,"path_taken":["M","?","?","?","?","R","E","$","T","M","M","M","R","?","R","BOSS"],"build_version":"2019-07-17","purchased_purges":2,"victory":false,"max_hp_per_floor":[66,66,66,66,66,66,66,66,80,80,80,80,80,72,72,72],"card_choices":[{"not_picked":["Flying Knee","Deflect"],"picked":"Blur","floor":1},{"not_picked":["Outmaneuver","Flying Knee"],"picked":"Poisoned Stab","floor":3},{"not_picked":["Slice","Deflect"],"picked":"Dash","floor":7},{"not_picked":["Cloak And Dagger","Unload","Deflect"],"picked":"SKIP","floor":10},{"not_picked":["Dagger Spray","Cloak And Dagger"],"picked":"Predator","floor":11},{"not_picked":["Acrobatics","PiercingWail"],"picked":"Calculated Gamble","floor":12}],"player_experience":1004126,"relics_obtained":[{"floor":7,"key":"Bag of Preparation"},{"floor":9,"key":"Mango"}],"event_choices":[{"damage_healed":0,"gold_gain":0,"player_choice":"Forge","damage_taken":0,"max_hp_gain":0,"max_hp_loss":0,"event_name":"Accursed Blacksmith","floor":2,"gold_loss":0,"cards_upgraded":["Blur"]},{"damage_healed":0,"gold_gain":75,"player_choice":"Gather Gold","damage_taken":11,"max_hp_gain":0,"max_hp_loss":0,"event_name":"World of Goop","floor":5,"gold_loss":0},{"damage_healed":0,"gold_gain":0,"player_choice":"Lose Max HP","damage_taken":0,"relics_obtained":["Golden Idol"],"max_hp_gain":0,"max_hp_loss":8,"event_name":"Golden Idol","floor":14,"gold_loss":0}],"is_beta":false,"boss_relics":[],"items_purged_floors":[4,8],"is_endless":false,"potions_floor_spawned":[1,10],"killed_by":"Hexaghost","ascension_level":19}