{"gold_per_floor":[109,109,109,34,34,61,61,72,72,89,124,135,2,29,29,103,103,123,23,23,42,42,71,71,82,82,107,142,17,49,49,49,127,127,144,49,149,149,149,149,183,183,183,193,222,222,275,304,304,304],"floor_reached":51,"playtime":2011,"items_purged":["Barrage","Zap","Dualcast"],"score":1626,"play_id":"ebd77c92-de83-4bb4-ba6e-33d1ff4462d0","local_time":"20190901132142","is_ascension_mode":true,"campfire_choices":[{"data":"Glacier","floor":7.0,"key":"SMITH"},{"data":"Hyperbeam","floor":15.0,"key":"SMITH"},{"floor":24.0,"key":"REST"},{"floor":32.0,"key":"REST"},{"data":"Hyperbeam","floor":40.0,"key":"SMITH"},{"data":"Echo Form","floor":42.0,"key":"SMITH"},{"floor":49.0,"key":"REST"}],"neow_cost":"NONE","seed_source_timestamp":1279447290147241,"circlet_count":0,"master_deck":["AscendersBane","Hyperbeam+1","Hologram+1","Auto Shields","Hyperbeam+1","Glacier+1","Coolheaded","Leap+1","Hyperbeam+1","Streamline+1","Leap+1","Meteor Strike+1","Go for the Eyes+1","Hyperbeam+1","Melter+1","Beam Cell+1","Core Surge+1","Beam Cell+1","Echo Form+1","Purity","Leap+1"],"special_seed":0,"relics":["Pandora\u0027s Box","WingedGreaves","Ginger","Molten Egg 2","Bronze Scales","Runic Pyramid","Ancient Tea Set","Torii","Mango","Letter Opener","War Paint","Sozu","Gambling Chip","Orichalcum","Bottled Flame","Calipers","Nunchaku","Incense Burner"],"potions_floor_usage":[50],"damage_taken":[{"damage":0.0,"enemies":"Jaw Worm","floor":1.0,"turns":2.0},{"damage":7.0,"enemies":"Gremlin Nob","floor":6.0,"turns":3.0},{"damage":1.0,"enemies":"Small Slimes","floor":8.0,"turns":2.0},{"damage":0.0,"enemies":"2 Louse","floor":10.0,"turns":1.0},{"damage":10.0,"enemies":"3 Sentries","floor":11.0,"turns":3.0},{"damage":0.0,"enemies":"Large Slime","floor":12.0,"turns":2.0},{"damage":0.0,"enemies":"Gremlin Nob","floor":14.0,"turns":2.0},{"damage":14.0,"enemies":"The Guardian","floor":16.0,"turns":8.0},{"damage":11.0,"enemies":"2 Thieves","floor":18.0,"turns":2.0},{"damage":0.0,"enemies":"Chosen","floor":21.0,"turns":3.0},{"damage":21.0,"enemies":"Slavers","floor":23.0,"turns":2.0},{"damage":4.0,"enemies":"Snecko","floor":25.0,"turns":3.0},{"damage":7.0,"enemies":"Gremlin Leader","floor":27.0,"turns":3.0},{"damage":16.0,"enemies":"Book of Stabbing","floor":28.0,"turns":3.0},{"damage":0.0,"enemies":"Gremlin Leader","floor":30.0,"turns":3.0},{"damage":31.0,"enemies":"Collector","floor":33.0,"turns":6.0},{"damage":0.0,"enemies":"Orb Walker","floor":35.0,"turns":3.0},{"damage":0.0,"enemies":"Mind Bloom Boss Battle","floor":37.0,"turns":2.0},{"damage":1.0,"enemies":"Nemesis","floor":41.0,"turns":3.0},{"damage":11.0,"enemies":"3 Darklings","floor":44.0,"turns":2.0},{"damage":0.0,"enemies":"Reptomancer","floor":45.0,"turns":2.0},{"damage":10.0,"enemies":"2 Orb Walkers","floor":47.0,"turns":2.0},{"damage":8.0,"enemies":"Nemesis","floor":48.0,"turns":3.0},{"damage":52,"enemies":"Time Eater","floor":50,"turns":6}],"seed_played":"5486059922662492608","potions_obtained":[{"floor":1.0,"key":"SneckoOil"},{"floor":12.0,"key":"SkillPotion"},{"floor":18.0,"key":"Fruit Juice"},{"floor":23.0,"key":"AttackPotion"},{"floor":25.0,"key":"Explosive Potion"},{"floor":30.0,"key":"Regen Potion"}],"is_trial":false,"path_per_floor":["M","?","?","?","?","E","R","M","T","M","E","M","$","E","R","B",null,"M","$","?","M","?","E","R","M","T","E","E","$","E","$","R","B",null,"M","$","?","?","?","R","E","R","T","M","E","?","?","E","R","B",null],"character_chosen":"DEFECT","items_purchased":["Streamline+1","Purity"],"campfire_rested":3,"item_purchase_floors":[13,36],"current_hp_per_floor":[64,69,69,69,74,67,67,66,66,66,56,56,56,56,56,42,68,62,62,62,62,62,41,65,61,61,68,52,52,52,52,80,64,87,87,87,87,87,87,87,86,86,86,75,75,75,65,57,84,32],"gold":304,"neow_bonus":"BOSS_RELIC","is_prod":false,"is_daily":false,"chose_seed":false,"campfire_upgraded":4,"win_rate":0,"timestamp":1567362102,"path_taken":["M","?","?","?","?","E","R","?","T","M","E","M","$","E","R","BOSS","M","$","?","?","?","E","R","M","T","E","E","$","E","?","R","BOSS","M","$","?","?","?","R","E","R","T","M","E","?","?","E","R","BOSS"],"build_version":"2019-07-17","purchased_purges":3,"victory":true,"max_hp_per_floor":[71,76,76,76,76,76,76,76,76,76,76,76,76,76,76,76,76,81,81,81,81,81,81,81,81,81,95,95,95,95,95,95,95,95,95,95,95,95,95,95,95,95,95,95,95,90,90,90,90,90],"card_choices":[{"not_picked":["Skim","FTL","Redo"],"picked":"SKIP","floor":1.0},{"not_picked":["Gash","Go for the Eyes"],"picked":"Glacier","floor":6.0},{"not_picked":["Redo","Leap"],"picked":"Coolheaded","floor":8.0},{"not_picked":["Loop","Chaos"],"picked":"Leap","floor":10.0},{"not_picked":["Go for the Eyes","Aggregate"],"picked":"Hyperbeam","floor":11.0},{"not_picked":["Rebound+1","Storm","Doom and Gloom+1"],"picked":"SKIP","floor":12.0},{"not_picked":["Sweeping Beam+1","Rip and Tear+1"],"picked":"Leap","floor":14.0},{"not_picked":["Multi-Cast","All For One+1"],"picked":"Meteor Strike+1","floor":16.0},{"not_picked":["Sweeping Beam+1","Steam"],"picked":"Go for the Eyes+1","floor":18.0},{"not_picked":["Cold Snap+1","Darkness"],"picked":"Melter+1","floor":21.0},{"not_picked":["Reprogram","White Noise","Gash+1"],"picked":"SKIP","floor":23.0},{"not_picked":["Double Energy","Consume"],"picked":"Beam Cell+1","floor":25.0},{"not_picked":["Cold Snap+1","Coolheaded"],"picked":"Core Surge+1","floor":27.0},{"not_picked":["Reprogram","Ball Lightning+1"],"picked":"Beam Cell+1","floor":28.0},{"not_picked":["Hello World","Cold Snap+1","Genetic Algorithm"],"picked":"SKIP","floor":30.0},{"not_picked":["Machine Learning","Biased Cognition"],"picked":"Echo Form","floor":33.0},{"not_picked":["Leap","Reinforced Body","Chill"],"picked":"SKIP","floor":35.0},{"not_picked":["Magnetism","Mayhem"],"picked":"Forethought","floor":38.0},{"not_picked":["Steam Power+1","Hello World","Compile Driver+1"],"picked":"SKIP","floor":41.0},{"not_picked":["Steam Power+1","Hello World","Compile Driver+1"],"picked":"SKIP","floor":41.0},{"not_picked":["Compile Driver+1","Gash+1","Heatsinks"],"picked":"SKIP","floor":44.0},{"not_picked":["BootSequence","Amplify","Streamline+1"],"picked":"SKIP","floor":45.0},{"not_picked":["Steam","Gash+1"],"picked":"Leap+1","floor":47.0},{"not_picked":["Steam+1","Rip and Tear+1","Leap"],"picked":"SKIP","floor":48.0}],"player_experience":1034930,"relics_obtained":[{"floor":6.0,"key":"WingedGreaves"},{"floor":9.0,"key":"Ginger"},{"floor":11.0,"key":"Molten Egg 2"},{"floor":14.0,"key":"Bronze Scales"},{"floor":23.0,"key":"Ancient Tea Set"},{"floor":26.0,"key":"Torii"},{"floor":27.0,"key":"Mango"},{"floor":28.0,"key":"Letter Opener"},{"floor":30.0,"key":"War Paint"},{"floor":37.0,"key":"Gambling Chip"},{"floor":41.0,"key":"Orichalcum"},{"floor":43.0,"key":"Bottled Flame"},{"floor":45.0,"key":"Calipers"},{"floor":47.0,"key":"Nunchaku"},{"floor":48.0,"key":"Incense Burner"}],"event_choices":[{"damage_healed":0.0,"max_hp_gain":5.0,"max_hp_loss":0.0,"gold_gain":0.0,"event_name":"Big Fish","player_choice":"Donut","floor":2.0,"gold_loss":0.0,"damage_taken":0.0},{"damage_healed":0.0,"max_hp_gain":0.0,"max_hp_loss":0.0,"gold_gain":0.0,"event_name":"Living Wall","player_choice":"Grow","floor":3.0,"gold_loss":0.0,"damage_taken":0.0,"cards_upgraded":["Hologram"]},{"cards_removed":["Lockon"],"damage_healed":0.0,"max_hp_gain":0.0,"max_hp_loss":0.0,"gold_gain":0.0,"event_name":"The Cleric","player_choice":"Card Removal","floor":4.0,"gold_loss":75.0,"damage_taken":0.0},{"cards_removed":["Barrage"],"damage_healed":5.0,"max_hp_gain":0.0,"max_hp_loss":0.0,"gold_gain":0.0,"event_name":"Bonfire Elementals","player_choice":"Offered Common","floor":5.0,"gold_loss":0.0,"damage_taken":0.0},{"cards_removed":["Barrage"],"damage_healed":5.0,"max_hp_gain":0.0,"max_hp_loss":0.0,"gold_gain":0.0,"event_name":"Bonfire Elementals","player_choice":"Offered Special","floor":5.0,"gold_loss":0.0,"damage_taken":0.0},{"damage_healed":0.0,"max_hp_gain":0.0,"max_hp_loss":0.0,"gold_gain":0.0,"cards_transformed":["FTL"],"event_name":"Transmorgrifier","player_choice":"Transformed","floor":20.0,"gold_loss":0.0,"damage_taken":0.0,"cards_obtained":["Hyperbeam"]},{"damage_healed":0.0,"max_hp_gain":0.0,"max_hp_loss":0.0,"gold_gain":0.0,"event_name":"Vampires","player_choice":"Ignored","floor":22.0,"gold_loss":0.0,"damage_taken":0.0},{"damage_healed":0.0,"max_hp_gain":0.0,"max_hp_loss":0.0,"gold_gain":0.0,"event_name":"MindBloom","player_choice":"Fight","floor":37.0,"gold_loss":0.0,"damage_taken":0.0},{"damage_healed":0.0,"max_hp_gain":0.0,"max_hp_loss":0.0,"gold_gain":0.0,"event_name":"SensoryStone","player_choice":"Memory 1","floor":38.0,"gold_loss":0.0,"damage_taken":0.0},{"cards_removed":["Forethought"],"damage_healed":0.0,"max_hp_gain":0.0,"max_hp_loss":0.0,"gold_gain":0.0,"event_name":"Falling","player_choice":"Removed Skill","floor":39.0,"gold_loss":0.0,"damage_taken":0.0},{"damage_healed":0.0,"max_hp_gain":0.0,"max_hp_loss":5.0,"gold_gain":0.0,"event_name":"Winding Halls","player_choice":"Max HP","floor":46.0,"gold_loss":0.0,"damage_taken":0.0},{"damage_healed":0.0,"max_hp_gain":0.0,"max_hp_loss":0.0,"gold_gain":0.0,"event_name":"Mysterious Sphere","player_choice":"Fight","floor":47.0,"gold_loss":0.0,"damage_taken":0.0}],"is_beta":false,"boss_relics":[{"not_picked":["Inserter","Lizard Tail"],"picked":"Runic Pyramid"},{"not_picked":["Calling Bell","Tiny House"],"picked":"Sozu"}],"items_purged_floors":[13,19,29],"is_endless":false,"potions_floor_spawned":[1,12,18,23,25,30,41,48],"ascension_level":16}