{"gold_per_floor":[111,36,54,54,54,83,83,114,114,114,130,130,130,149,149,225,225,225,225,225,5,5,5,5,5,5,5,5,5,5,5,5,5],"floor_reached":33,"playtime":2258,"items_purged":["Defend_B"],"score":648,"play_id":"85a1b0de-ff81-42d4-98ec-3edaeae44c93","local_time":"20190903161417","is_ascension_mode":true,"campfire_choices":[{"data":"Hologram","floor":7.0,"key":"SMITH"},{"data":"Dualcast","floor":10.0,"key":"SMITH"},{"data":"Cold Snap","floor":15.0,"key":"SMITH"},{"floor":23,"key":"REST"},{"floor":25,"key":"REST"},{"floor":27,"key":"REST"},{"floor":29,"key":"REST"},{"floor":32,"key":"REST"}],"neow_cost":"NONE","seed_source_timestamp":1361010644472976,"circlet_count":0,"master_deck":["AscendersBane","Strike_B","Strike_B","Strike_B","Strike_B","Defend_B","Defend_B","Zap","Dualcast+1","Hologram+1","Cold Snap+1","Core Surge","Conserve Battery+1","Conserve Battery+1","Auto Shields+1","Reboot+1","White Noise+1","Glacier+1","White Noise+1","Rainbow+1","Hologram+1","Capacitor+1"],"special_seed":0,"relics":["Cracked Core","NeowsBlessing","Symbiotic Virus","Toxic Egg 2","Ancient Tea Set","Potion Belt","Ectoplasm","Red Mask","OrangePellets","Tiny Chest","Vajra","Frozen Egg 2"],"potions_floor_usage":[19,24,28,33],"damage_taken":[{"damage":0.0,"enemies":"Small Slimes","floor":1.0,"turns":1.0},{"damage":0.0,"enemies":"2 Louse","floor":3.0,"turns":1.0},{"damage":0.0,"enemies":"3 Sentries","floor":6.0,"turns":1.0},{"damage":0.0,"enemies":"Gremlin Nob","floor":8.0,"turns":2.0},{"damage":0.0,"enemies":"Cultist","floor":11.0,"turns":2.0},{"damage":6.0,"enemies":"Blue Slaver","floor":14.0,"turns":2.0},{"damage":31.0,"enemies":"Hexaghost","floor":16.0,"turns":12.0},{"damage":3.0,"enemies":"3 Byrds","floor":18.0,"turns":6.0},{"damage":23,"enemies":"Masked Bandits","floor":19,"turns":5},{"damage":0,"enemies":"Shell Parasite","floor":20,"turns":5},{"damage":14,"enemies":"Chosen and Byrds","floor":22,"turns":5},{"damage":7,"enemies":"Book of Stabbing","floor":24,"turns":7},{"damage":24,"enemies":"Slavers","floor":28,"turns":7},{"damage":20,"enemies":"Centurion and Healer","floor":30,"turns":7},{"damage":77,"enemies":"Automaton","floor":33,"turns":12}],"seed_played":"6530316959900299624","potions_obtained":[{"floor":1.0,"key":"PowerPotion"},{"floor":8.0,"key":"SkillPotion"},{"floor":11.0,"key":"Regen Potion"},{"floor":18.0,"key":"Poison Potion"},{"floor":19,"key":"EssenceOfSteel"},{"floor":24,"key":"Weak Potion"},{"floor":28,"key":"SpeedPotion"}],"is_trial":false,"path_per_floor":["M","$","M","$","?","E","R","E","T","R","M","?","?","M","R","B",null,"M","?","M","$","M","R","E","R","T","R","E","R","M","?","R","B"],"character_chosen":"DEFECT","items_purchased":["OrangePellets"],"campfire_rested":5,"item_purchase_floors":[21],"current_hp_per_floor":[64,64,64,64,64,64,64,64,64,64,64,57,52,51,51,20,58,55,32,32,32,18,39,32,53,53,71,47,68,48,48,69,0],"gold":5,"neow_bonus":"THREE_ENEMY_KILL","is_prod":false,"is_daily":false,"chose_seed":false,"campfire_upgraded":3,"win_rate":0,"timestamp":1567545257,"path_taken":["M","$","M","$","?","E","R","E","T","R","M","?","?","M","R","BOSS","M","?","M","$","M","R","E","R","T","R","E","R","M","?","R","BOSS"],"build_version":"2019-07-17","purchased_purges":1,"victory":false,"max_hp_per_floor":[71,71,71,71,71,71,71,71,71,71,71,71,71,71,71,71,71,71,71,71,71,71,71,71,71,71,71,71,71,71,71,71,71],"card_choices":[{"not_picked":["Doom and Gloom","Storm"],"picked":"Hologram","floor":1.0},{"not_picked":["Capacitor","Go for the Eyes"],"picked":"Cold Snap","floor":3.0},{"not_picked":["Lockon","Coolheaded"],"picked":"Core Surge","floor":6.0},{"not_picked":["Rebound","Gash"],"picked":"Conserve Battery","floor":8.0},{"not_picked":["Beam Cell","Stack+1"],"picked":"Conserve Battery+1","floor":11.0},{"not_picked":["Reprogram+1","Consume+1"],"picked":"Auto Shields+1","floor":14.0},{"not_picked":["Fission+1","Biased Cognition"],"picked":"Reboot+1","floor":16.0},{"not_picked":["Consume+1","Double Energy+1"],"picked":"White Noise+1","floor":18.0},{"not_picked":["Aggregate+1","Conserve Battery+1"],"picked":"Glacier+1","floor":19},{"not_picked":["Rebound+1","Barrage"],"picked":"White Noise+1","floor":20},{"not_picked":["Beam Cell","Stack+1","Sweeping Beam"],"picked":"SKIP","floor":22},{"not_picked":["Reprogram+1","Streamline+1"],"picked":"Rainbow+1","floor":24},{"not_picked":["Auto Shields+1","Rebound"],"picked":"Hologram+1","floor":28},{"not_picked":["Conserve Battery+1","Stack+1"],"picked":"Capacitor+1","floor":30}],"player_experience":1073916,"relics_obtained":[{"floor":6.0,"key":"Symbiotic Virus"},{"floor":8.0,"key":"Toxic Egg 2"},{"floor":9.0,"key":"Ancient Tea Set"},{"floor":19,"key":"Red Mask"},{"floor":24,"key":"Tiny Chest"},{"floor":26,"key":"Vajra"},{"floor":28,"key":"Frozen Egg 2"}],"event_choices":[{"damage_healed":0.0,"max_hp_gain":0.0,"max_hp_loss":0.0,"gold_gain":0.0,"event_name":"Liars Game","player_choice":"Ignored","floor":5.0,"gold_loss":0.0,"damage_taken":0.0},{"cards_removed":["Defend_B"],"damage_healed":0.0,"max_hp_gain":0.0,"max_hp_loss":0.0,"gold_gain":0.0,"event_name":"Golden Wing","player_choice":"Card Removal","floor":12.0,"gold_loss":0.0,"damage_taken":7.0},{"damage_healed":0.0,"max_hp_gain":0.0,"max_hp_loss":0.0,"gold_gain":0.0,"event_name":"Scrap Ooze","player_choice":"Success","floor":13.0,"gold_loss":0.0,"damage_taken":5.0,"relics_obtained":["Potion Belt"]},{"damage_healed":0,"gold_gain":0,"player_choice":"Fought Bandits","damage_taken":0,"max_hp_gain":0,"max_hp_loss":0,"event_name":"Masked Bandits","floor":19,"gold_loss":0},{"damage_healed":0,"gold_gain":0,"player_choice":"Ignored","damage_taken":0,"max_hp_gain":0,"max_hp_loss":0,"event_name":"Ghosts","floor":31,"gold_loss":0}],"is_beta":false,"boss_relics":[{"not_picked":["Black Star","Orrery"],"picked":"Ectoplasm"}],"items_purged_floors":[2],"is_endless":false,"potions_floor_spawned":[1,8,11,18,19,24,28],"killed_by":"Automaton","ascension_level":18}