{"gold_per_floor":[115,115,132,307,61,61,80,80,80,80,100,100,100,123,123,254,254,275,126,126,126,126,159,169,58,58,73,92,92,12,90,90,90],"floor_reached":33,"playtime":3749,"items_purged":["Doubt"],"score":278,"play_id":"8328fcb8-79ba-4e7e-8bf9-dde6e25ea34e","local_time":"20190909015623","is_ascension_mode":false,"campfire_choices":[{"floor":6,"key":"REST"},{"data":"Storm","floor":15,"key":"SMITH"},{"floor":29,"key":"REST"},{"floor":32,"key":"REST"}],"neow_cost":"NONE","seed_source_timestamp":36756204765581,"circlet_count":0,"master_deck":["Strike_B","Strike_B","Strike_B","Strike_B+1","Defend_B","Defend_B+1","Defend_B","Defend_B","Zap","Dualcast","Leap","Steam","Reinforced Body","Tempest","Storm+1","Rainbow","Writhe","Writhe","Pain","Doom and Gloom","Loop","J.A.X.+1","Static Discharge","Cold Snap","Auto Shields+1","Self Repair","Cold Snap","Defragment","Reprogram+1"],"relics":["Nuclear Battery","Pantograph","PreservedInsect","Mango","Bloody Idol","Calling Bell","Ice Cream","Strawberry","Toxic Egg 2","Bag of Preparation","Kunai","Pear"],"potions_floor_usage":[],"damage_taken":[{"damage":3,"enemies":"2 Louse","floor":1,"turns":3},{"damage":0,"enemies":"Small Slimes","floor":3,"turns":4},{"damage":5,"enemies":"Jaw Worm","floor":7,"turns":3},{"damage":1,"enemies":"3 Louse","floor":11,"turns":5},{"damage":0,"enemies":"Blue Slaver","floor":14,"turns":3},{"damage":67,"enemies":"The Guardian","floor":16,"turns":22},{"damage":42,"enemies":"Shell Parasite","floor":18,"turns":14},{"damage":41,"enemies":"Slavers","floor":23,"turns":4},{"damage":3,"enemies":"Chosen","floor":24,"turns":5},{"damage":3,"enemies":"Snecko","floor":27,"turns":6},{"damage":25,"enemies":"3 Cultists","floor":28,"turns":6},{"damage":136,"enemies":"Automaton","floor":33,"turns":12}],"seed_played":"-6905082129852354016","potions_obtained":[{"floor":3,"key":"Swift Potion"},{"floor":11,"key":"Explosive Potion"},{"floor":16,"key":"Ancient Potion"},{"floor":18,"key":"Energy Potion"}],"is_trial":false,"path_per_floor":["M","?","M","?","$","R","M","?","T","$","M","$","?","M","R","B",null,"M","$","?","?","?","E","M","$","T","M","M","R","$","T","R","B"],"character_chosen":"DEFECT","items_purchased":["Pantograph","Loop","Auto Shields+1","Self Repair","Reprogram+1"],"campfire_rested":3,"item_purchase_floors":[5,19,25,25,30],"current_hp_per_floor":[72,57,57,57,57,75,70,70,84,84,83,83,82,82,82,15,89,47,47,47,76,76,40,42,42,42,51,38,64,64,79,99,0],"gold":90,"neow_bonus":"BOSS_RELIC","is_prod":false,"is_daily":false,"chose_seed":false,"campfire_upgraded":1,"win_rate":0.0,"timestamp":1568004983,"path_taken":["M","?","M","?","$","R","M","?","T","$","M","?","?","M","R","BOSS","M","$","?","?","?","E","M","?","T","M","?","R","$","?","R","BOSS"],"build_version":"2019-07-17","purchased_purges":1,"victory":false,"max_hp_per_floor":[75,75,75,75,75,75,75,75,89,89,89,89,82,82,82,82,89,89,89,89,89,89,89,89,89,89,89,89,89,89,99,99,99],"card_choices":[{"not_picked":["Gash","Beam Cell"],"picked":"Leap","floor":1},{"not_picked":["Gash","Genetic Algorithm"],"picked":"Steam","floor":3},{"not_picked":["Go for the Eyes","Consume"],"picked":"Reinforced Body","floor":7},{"not_picked":["Melter","Conserve Battery"],"picked":"Tempest","floor":11},{"not_picked":["Conserve Battery","Force Field"],"picked":"Storm","floor":14},{"not_picked":["Reboot","Buffer"],"picked":"Rainbow","floor":16},{"not_picked":["Conserve Battery+1","Steam+1"],"picked":"Doom and Gloom","floor":18},{"not_picked":["Compile Driver","Sweeping Beam"],"picked":"Static Discharge","floor":23},{"not_picked":["Go for the Eyes+1","Gash+1"],"picked":"Cold Snap","floor":24},{"not_picked":["Steam+1","Beam Cell"],"picked":"Cold Snap","floor":27},{"not_picked":["Redo+1","Ball Lightning"],"picked":"Defragment","floor":28}],"player_experience":19015,"relics_obtained":[{"floor":9,"key":"Mango"},{"floor":17,"key":"Ice Cream"},{"floor":17,"key":"Strawberry"},{"floor":17,"key":"Toxic Egg 2"},{"floor":23,"key":"Bag of Preparation"},{"floor":26,"key":"Kunai"},{"floor":31,"key":"Pear"}],"event_choices":[{"damage_healed":0,"gold_gain":0,"player_choice":"Entered Light","damage_taken":15,"max_hp_gain":0,"max_hp_loss":0,"event_name":"Shining Light","floor":2,"gold_loss":0,"cards_upgraded":["Strike_B","Defend_B"]},{"damage_healed":0,"gold_gain":175,"player_choice":"AGREE","damage_taken":0,"max_hp_gain":0,"max_hp_loss":0,"event_name":"Liars Game","floor":4,"gold_loss":0,"cards_obtained":["Doubt"]},{"damage_healed":0,"gold_gain":0,"player_choice":"Searched \u00272\u0027 times","damage_taken":0,"relics_obtained":["PreservedInsect"],"max_hp_gain":0,"max_hp_loss":0,"event_name":"Dead Adventurer","floor":8,"gold_loss":0},{"damage_healed":0,"gold_gain":0,"player_choice":"Lose Max HP","damage_taken":0,"relics_obtained":["Golden Idol"],"max_hp_gain":0,"max_hp_loss":7,"event_name":"Golden Idol","floor":13,"gold_loss":0},{"damage_healed":0,"gold_gain":0,"player_choice":"Obtain J.A.X.","damage_taken":0,"max_hp_gain":0,"max_hp_loss":0,"event_name":"Drug Dealer","floor":20,"gold_loss":0,"cards_obtained":["J.A.X."]},{"damage_healed":29,"gold_gain":0,"player_choice":"Heal","damage_taken":0,"max_hp_gain":0,"max_hp_loss":0,"event_name":"The Library","floor":21,"gold_loss":0},{"damage_healed":0,"gold_gain":0,"player_choice":"Gave Idol","damage_taken":0,"relics_obtained":["Bloody Idol"],"max_hp_gain":0,"max_hp_loss":0,"event_name":"Forgotten Altar","floor":22,"relics_lost":["Golden Idol"],"gold_loss":0}],"is_beta":false,"boss_relics":[{"not_picked":["Ectoplasm","Coffee Dripper"],"picked":"Calling Bell"}],"items_purged_floors":[19],"is_endless":false,"potions_floor_spawned":[3,11,16,18,27,28],"killed_by":"Automaton","ascension_level":0}