{"gold_per_floor":[113,129,78,78,13,47,65,65,91,46,79,79,93,109,109,232,232,253,34,48,48,48],"floor_reached":22,"playtime":1164,"items_purged":["Strike_P"],"score":244,"play_id":"9dcfac96-36ff-4e9d-95ce-304ea92876a3","local_time":"20190910130631","is_ascension_mode":false,"campfire_choices":[{"data":"FlyingSleeves","floor":8.0,"key":"SMITH"},{"data":"WreathOfFlame","floor":12.0,"key":"SMITH"},{"data":"WreathOfFlame","floor":15,"key":"SMITH"}],"neow_cost":"NONE","seed_source_timestamp":0,"circlet_count":0,"master_deck":["Strike_P+1","Strike_P","Defend_P","Defend_P","Defend_P","Defend_P","Eruption","Vigilance","TalkToTheHand","Protect","FlyingSleeves+1","CarveReality","WreathOfFlame+1","ThirdEye","WreathOfFlame+1","Worship","Sanctity","LessonLearned","Establishment"],"special_seed":0,"relics":["HolyWater","NeowsBlessing","Golden Idol","Omamori","Darkstone Periapt","Blood Vial","Pantograph","Anchor"],"potions_floor_usage":[20,22,22],"damage_taken":[{"damage":0.0,"enemies":"Small Slimes","floor":1.0,"turns":1.0},{"damage":0.0,"enemies":"2 Louse","floor":2.0,"turns":1.0},{"damage":0.0,"enemies":"3 Sentries","floor":6.0,"turns":1.0},{"damage":0.0,"enemies":"Cultist","floor":7.0,"turns":3.0},{"damage":0.0,"enemies":"Gremlin Nob","floor":11.0,"turns":2.0},{"damage":7.0,"enemies":"Blue Slaver","floor":13.0,"turns":5.0},{"damage":10.0,"enemies":"Looter","floor":14.0,"turns":3.0},{"damage":45,"enemies":"Slime Boss","floor":16,"turns":11},{"damage":10,"enemies":"Shell Parasite","floor":18,"turns":5},{"damage":49,"enemies":"3 Byrds","floor":20,"turns":10},{"damage":33,"enemies":"Cultist and Chosen","floor":22,"turns":8}],"seed_played":"-6164692943432928706","potions_obtained":[{"floor":6.0,"key":"LiquidBronze"},{"floor":7.0,"key":"Fire Potion"},{"floor":13.0,"key":"Fire Potion"},{"floor":16,"key":"Regen Potion"}],"is_trial":false,"path_per_floor":["M","M","$","?","?","E","M","R","T","$","E","R","M","M","R","B",null,"M","$","M","?","M"],"character_chosen":"WATCHER","items_purchased":["FlyingSleeves","ThirdEye","Anchor"],"campfire_rested":0,"item_purchase_floors":[3,10,19],"current_hp_per_floor":[65,65,65,60,60,60,60,60,60,60,60,60,53,45,45,15,60,50,50,3,3,0],"gold":48,"neow_bonus":"THREE_ENEMY_KILL","is_prod":false,"is_daily":false,"chose_seed":false,"campfire_upgraded":3,"win_rate":0.0,"timestamp":1568135191,"path_taken":["M","M","$","?","?","E","M","R","T","$","E","R","M","?","R","BOSS","M","$","M","?","M"],"build_version":"2019-09-09v2","purchased_purges":1,"victory":false,"max_hp_per_floor":[65,65,65,60,60,60,60,60,60,60,60,60,60,60,60,60,60,60,60,60,60,60],"card_choices":[{"not_picked":["Weave","CrushJoints"],"picked":"TalkToTheHand","floor":1.0},{"not_picked":["FlyingSleeves","JustLucky"],"picked":"Protect","floor":2.0},{"not_picked":["CrushJoints","Meditate"],"picked":"CarveReality","floor":6.0},{"not_picked":["Vengeance","EmptyFist"],"picked":"WreathOfFlame","floor":7.0},{"not_picked":["Scrawl","FearNoEvil"],"picked":"WreathOfFlame","floor":11.0},{"not_picked":["SandsOfTime","Devotion"],"picked":"Worship","floor":13.0},{"not_picked":["Weave","Pray"],"picked":"Sanctity","floor":14.0},{"not_picked":["Blasphemy","SignatureMove"],"picked":"LessonLearned","floor":16},{"not_picked":["Scrawl+1","Halt","Consecrate"],"picked":"SKIP","floor":18},{"not_picked":["Prostrate","Crescendo"],"picked":"Establishment","floor":20}],"player_experience":1165623,"relics_obtained":[{"floor":6.0,"key":"Darkstone Periapt"},{"floor":9.0,"key":"Blood Vial"},{"floor":11.0,"key":"Pantograph"}],"event_choices":[{"damage_healed":0.0,"max_hp_gain":0.0,"max_hp_loss":5.0,"gold_gain":0.0,"event_name":"Golden Idol","player_choice":"Lose Max HP","floor":4.0,"gold_loss":0.0,"damage_taken":0.0,"relics_obtained":["Golden Idol"]},{"damage_healed":0.0,"max_hp_gain":0.0,"max_hp_loss":0.0,"gold_gain":0.0,"event_name":"WeMeetAgain","player_choice":"Paid Gold","floor":5.0,"gold_loss":65.0,"damage_taken":0.0,"relics_obtained":["Omamori"]},{"cards_removed":["Strike_P"],"damage_healed":0,"gold_gain":0,"player_choice":"Elegance","damage_taken":0,"max_hp_gain":0,"max_hp_loss":0,"event_name":"Back to Basics","floor":21,"gold_loss":0}],"is_beta":true,"boss_relics":[{"not_picked":["Sozu","SacredBark"],"picked":"HolyWater"}],"items_purged_floors":[19],"is_endless":false,"potions_floor_spawned":[6,7,13,16],"killed_by":"Cultist and Chosen","ascension_level":0}