{"gold_per_floor":[111,111,36,36,36,65,83,83,83,102,102,127,127],"floor_reached":13,"playtime":260,"items_purged":[],"score":186,"play_id":"c3e18d1a-a598-41a4-9e53-f8318766aee5","local_time":"20190827154926","is_ascension_mode":true,"campfire_choices":[{"data":"Accuracy","floor":8,"key":"SMITH"},{"data":"Accuracy","floor":11,"key":"SMITH"}],"neow_cost":"NONE","seed_source_timestamp":1054733071478934,"circlet_count":0,"master_deck":["AscendersBane","Strike_G","Strike_G","Strike_G","Strike_G","Defend_G","Defend_G","Defend_G","Defend_G","Defend_G+1","Survivor+1","Neutralize+1","Accuracy+1","Accuracy+1"],"special_seed":0,"relics":["Ring of the Snake","NeowsBlessing","Boot","Gremlin Horn","Pantograph","War Paint","Bronze Scales"],"potions_floor_usage":[13,13],"damage_taken":[{"damage":0.0,"enemies":"Jaw Worm","floor":1.0,"turns":1.0},{"damage":0,"enemies":"Gremlin Nob","floor":6,"turns":1},{"damage":0,"enemies":"Small Slimes","floor":7,"turns":1},{"damage":3,"enemies":"2 Louse","floor":10,"turns":4},{"damage":33,"enemies":"Lagavulin","floor":13,"turns":8}],"seed_played":"2548425297768672106","potions_obtained":[{"floor":7,"key":"SteroidPotion"},{"floor":10,"key":"SteroidPotion"}],"is_trial":false,"path_per_floor":["M","?","?","?","T","E","M","R","T","M","R","T","E"],"character_chosen":"THE_SILENT","items_purchased":[],"campfire_rested":0,"item_purchase_floors":[],"current_hp_per_floor":[59,33,33,33,33,33,33,33,33,30,30,30,0],"gold":127,"neow_bonus":"THREE_ENEMY_KILL","is_prod":false,"is_daily":false,"chose_seed":false,"campfire_upgraded":2,"win_rate":0,"timestamp":1566938966,"path_taken":["M","?","?","?","?","E","?","R","T","M","R","?","E"],"build_version":"2019-07-17","purchased_purges":0,"victory":false,"max_hp_per_floor":[66,66,66,66,66,66,66,66,66,66,66,66,66],"card_choices":[{"not_picked":["Flying Knee","PiercingWail"],"picked":"Accuracy","floor":1.0},{"not_picked":["Deadly Poison","Tactician"],"picked":"Accuracy","floor":6},{"not_picked":["Noxious Fumes","Prepared","Dagger Throw"],"picked":"SKIP","floor":7},{"not_picked":["Endless Agony","Deadly Poison","Dodge and Roll"],"picked":"SKIP","floor":10}],"player_experience":926302,"relics_obtained":[{"floor":5,"key":"Gremlin Horn"},{"floor":6,"key":"Pantograph"},{"floor":9,"key":"War Paint"},{"floor":12,"key":"Bronze Scales"}],"event_choices":[{"damage_healed":0.0,"max_hp_gain":0.0,"max_hp_loss":0.0,"gold_gain":0.0,"event_name":"Scrap Ooze","player_choice":"Success","floor":2.0,"gold_loss":0.0,"damage_taken":26.0,"relics_obtained":["Boot"]},{"cards_removed":["Strike_G"],"damage_healed":0.0,"max_hp_gain":0.0,"max_hp_loss":0.0,"gold_gain":0.0,"event_name":"The Cleric","player_choice":"Card Removal","floor":3.0,"gold_loss":75.0,"damage_taken":0.0},{"damage_healed":0,"gold_gain":0,"player_choice":"Grow","damage_taken":0,"max_hp_gain":0,"max_hp_loss":0,"event_name":"Living Wall","floor":4,"gold_loss":0,"cards_upgraded":["Neutralize"]}],"is_beta":false,"boss_relics":[],"items_purged_floors":[],"is_endless":false,"potions_floor_spawned":[7,10],"killed_by":"Lagavulin","ascension_level":15}