{"gold_per_floor":[212,362,37,57,71,71,97,22,45,70,85,10,23,38,38,112,112,125,140,40,55,75,75,125,125,125,0,0,14,14,14,14,86,86,97,97,109,21,41,41,41,41,68,86,114,114,133,133,133,133],"floor_reached":51,"playtime":7322,"items_purged":["Strike_G","Defend_G","Strike_G"],"score":1237,"play_id":"9801f6c4-0e46-4d48-8414-f144e1293a8d","local_time":"20190828204207","is_ascension_mode":true,"campfire_choices":[{"data":"Backflip","floor":6.0,"key":"SMITH"},{"floor":15.0,"key":"REST"},{"data":"Noxious Fumes","floor":23.0,"key":"SMITH"},{"data":"Neutralize","floor":25.0,"key":"SMITH"},{"floor":28.0,"key":"REST"},{"floor":32.0,"key":"REST"},{"data":"Night Terror","floor":40.0,"key":"SMITH"},{"data":"Catalyst","floor":42.0,"key":"SMITH"},{"floor":49,"key":"REST"}],"neow_cost":"NONE","seed_source_timestamp":1105377188832639,"circlet_count":0,"master_deck":["AscendersBane","Strike_G","Strike_G","Defend_G+1","Defend_G+1","Survivor","Neutralize+1","Quick Slash","Backflip+1","Footwork","Blur","Noxious Fumes+1","Glass Knife","PiercingWail+1","Well Laid Plans+1","Catalyst+1","Poisoned Stab","Quick Slash+1","Night Terror+1","Catalyst+1","Noxious Fumes+1","Calculated Gamble+1"],"special_seed":0,"relics":["Ring of the Snake","Incense Burner","Centennial Puzzle","War Paint","Bag of Preparation","Astrolabe","Darkstone Periapt","Busted Crown","Boot","Molten Egg 2"],"potions_floor_usage":[50],"damage_taken":[{"damage":0.0,"enemies":"Small Slimes","floor":1.0,"turns":3.0},{"damage":0.0,"enemies":"2 Louse","floor":4.0,"turns":3.0},{"damage":8.0,"enemies":"Jaw Worm","floor":5.0,"turns":6.0},{"damage":21.0,"enemies":"3 Sentries","floor":7.0,"turns":13.0},{"damage":19.0,"enemies":"Lagavulin","floor":10.0,"turns":9.0},{"damage":0.0,"enemies":"Red Slaver","floor":11.0,"turns":4.0},{"damage":0.0,"enemies":"Lots of Slimes","floor":13.0,"turns":1.0},{"damage":0.0,"enemies":"Exordium Wildlife","floor":14.0,"turns":8.0},{"damage":26.0,"enemies":"Hexaghost","floor":16.0,"turns":16.0},{"damage":2.0,"enemies":"Chosen","floor":18.0,"turns":6.0},{"damage":16.0,"enemies":"Shell Parasite","floor":19.0,"turns":7.0},{"damage":12.0,"enemies":"Snake Plant","floor":21.0,"turns":5.0},{"damage":6.0,"enemies":"Centurion and Healer","floor":22.0,"turns":6.0},{"damage":1.0,"enemies":"Snecko","floor":29.0,"turns":3.0},{"damage":55.0,"enemies":"Champ","floor":33.0,"turns":15.0},{"damage":6.0,"enemies":"Orb Walker","floor":35.0,"turns":3.0},{"damage":0.0,"enemies":"3 Shapes","floor":37.0,"turns":5.0},{"damage":0.0,"enemies":"Maw","floor":39.0,"turns":5.0},{"damage":11.0,"enemies":"Transient","floor":44.0,"turns":3.0},{"damage":0,"enemies":"Giant Head","floor":45,"turns":4},{"damage":5,"enemies":"Sphere and 2 Shapes","floor":47,"turns":6},{"damage":34,"enemies":"Time Eater","floor":50,"turns":3}],"seed_played":"8724302439637906338","potions_obtained":[{"floor":4.0,"key":"Explosive Potion"},{"floor":7.0,"key":"Poison Potion"},{"floor":10.0,"key":"SkillPotion"},{"floor":13.0,"key":"Regen Potion"},{"floor":18.0,"key":"Explosive Potion"},{"floor":21.0,"key":"GamblersBrew"},{"floor":22.0,"key":"FearPotion"},{"floor":37.0,"key":"Regen Potion"},{"floor":44.0,"key":"Regen Potion"},{"floor":45,"key":"GamblersBrew"},{"floor":47,"key":"Swift Potion"}],"is_trial":false,"path_per_floor":["M","?","$","M","M","R","E","?","T","E","M","$","M","M","R","B",null,"M","M","$","M","M","R","?","R","T","$","R","M","$","?","R","B",null,"M","?","M","$","M","R","?","R","T","M","E","?","M","?","R","B",null],"character_chosen":"THE_SILENT","items_purchased":["Incense Burner","Catalyst"],"campfire_rested":4,"item_purchase_floors":[3,38],"current_hp_per_floor":[59,59,59,59,51,51,30,30,30,11,11,11,11,26,45,19,54,52,36,36,24,18,18,18,18,18,18,37,36,36,49,66,11,52,46,46,46,46,46,46,46,46,46,47,47,47,42,42,60,35],"gold":133,"neow_bonus":"HUNDRED_GOLD","is_prod":false,"is_daily":false,"chose_seed":false,"campfire_upgraded":5,"win_rate":0,"timestamp":1567042927,"path_taken":["M","?","$","M","M","R","E","?","T","E","M","?","?","M","R","BOSS","M","M","?","M","M","R","?","R","T","$","R","?","$","?","R","BOSS","M","?","M","$","M","R","?","R","T","?","E","?","M","?","R","BOSS"],"build_version":"2019-07-17","purchased_purges":3,"victory":true,"max_hp_per_floor":[66,66,66,66,66,66,66,66,66,66,66,66,66,66,66,66,66,66,66,66,66,66,66,66,66,66,66,66,66,66,66,66,66,66,66,63,63,63,63,63,63,63,63,63,63,63,63,63,63,63],"card_choices":[{"not_picked":["Sucker Punch","Calculated Gamble","Flechettes"],"picked":"SKIP","floor":1.0},{"not_picked":["Prepared","Underhanded Strike"],"picked":"Quick Slash","floor":4.0},{"not_picked":["Riddle With Holes","Sucker Punch"],"picked":"Backflip","floor":5.0},{"not_picked":["Dodge and Roll","Cloak And Dagger"],"picked":"Footwork","floor":7.0},{"not_picked":["Underhanded Strike","PiercingWail","Prepared"],"picked":"SKIP","floor":10.0},{"not_picked":["Dagger Throw","Eviscerate"],"picked":"Blur","floor":11.0},{"not_picked":["Deflect","Outmaneuver","Deadly Poison"],"picked":"SKIP","floor":13.0},{"not_picked":["Backflip","Concentrate"],"picked":"Noxious Fumes","floor":14.0},{"not_picked":["Phantasmal Killer","Storm of Steel"],"picked":"Glass Knife","floor":16.0},{"not_picked":["Deflect+1","Underhanded Strike"],"picked":"Poisoned Stab","floor":18.0},{"not_picked":["Quick Slash","Dagger Spray"],"picked":"Concentrate+1","floor":19.0},{"not_picked":["Dodge and Roll+1","Acrobatics"],"picked":"Quick Slash+1","floor":21.0},{"not_picked":["Masterful Stab","Flying Knee","Slice"],"picked":"SKIP","floor":22.0},{"not_picked":["Dodge and Roll","Heel Hook","Caltrops"],"picked":"SKIP","floor":29.0},{"not_picked":["Phantasmal Killer","Bullet Time"],"picked":"Night Terror","floor":33.0},{"not_picked":["Bane"],"picked":"SKIP","floor":35.0},{"not_picked":["Deadly Poison"],"picked":"SKIP","floor":37.0},{"not_picked":["Reflex"],"picked":"SKIP","floor":39.0},{"not_picked":["Heel Hook+1"],"picked":"SKIP","floor":44.0},{"not_picked":[],"picked":"Calculated Gamble+1","floor":45},{"not_picked":["Prepared"],"picked":"SKIP","floor":47}],"player_experience":948354,"relics_obtained":[{"floor":7.0,"key":"Centennial Puzzle"},{"floor":9.0,"key":"War Paint"},{"floor":10.0,"key":"Bag of Preparation"},{"floor":26.0,"key":"Darkstone Periapt"},{"floor":43.0,"key":"Boot"},{"floor":45,"key":"Molten Egg 2"}],"event_choices":[{"damage_healed":0.0,"max_hp_gain":0.0,"max_hp_loss":0.0,"gold_gain":150.0,"event_name":"Liars Game","player_choice":"AGREE","floor":2.0,"gold_loss":0.0,"damage_taken":0.0,"cards_obtained":["Doubt"]},{"cards_removed":["Doubt"],"damage_healed":0.0,"max_hp_gain":0.0,"max_hp_loss":0.0,"gold_gain":0.0,"event_name":"The Cleric","player_choice":"Card Removal","floor":8.0,"gold_loss":75.0,"damage_taken":0.0},{"damage_healed":0.0,"max_hp_gain":0.0,"max_hp_loss":0.0,"gold_gain":50.0,"event_name":"Golden Shrine","player_choice":"Pray","floor":24.0,"gold_loss":0.0,"damage_taken":0.0},{"damage_healed":13.0,"max_hp_gain":0.0,"max_hp_loss":0.0,"gold_gain":0.0,"event_name":"The Library","player_choice":"Heal","floor":31.0,"gold_loss":0.0,"damage_taken":0.0},{"damage_healed":0.0,"max_hp_gain":0.0,"max_hp_loss":3.0,"gold_gain":0.0,"event_name":"Winding Halls","player_choice":"Max HP","floor":36.0,"gold_loss":0.0,"damage_taken":0.0},{"damage_healed":0.0,"max_hp_gain":0.0,"max_hp_loss":0.0,"gold_gain":0.0,"event_name":"Duplicator","player_choice":"Copied","floor":41.0,"gold_loss":0.0,"damage_taken":0.0,"cards_obtained":["Noxious Fumes"]},{"cards_removed":["Concentrate"],"damage_healed":0,"gold_gain":0,"player_choice":"Removed Skill","damage_taken":0,"max_hp_gain":0,"max_hp_loss":0,"event_name":"Falling","floor":46,"gold_loss":0},{"damage_healed":0,"gold_gain":0,"player_choice":"Ignored","damage_taken":0,"max_hp_gain":0,"max_hp_loss":0,"event_name":"Mysterious Sphere","floor":48,"gold_loss":0}],"is_beta":false,"boss_relics":[{"not_picked":["Runic Pyramid","Lizard Tail"],"picked":"Astrolabe"},{"not_picked":["WristBlade","Tiny House"],"picked":"Busted Crown"}],"items_purged_floors":[12,20,27],"is_endless":false,"potions_floor_spawned":[4,7,10,13,18,21,22,37,44,45,47],"ascension_level":16}