{"gold_per_floor":[14,34,34,53,53,53,80,80,80,2,2,32,32,52,52,126,126,143,157,13,25,38,38,51,13,13,30,130,130,140,200,200,275,275,291,291,306,32,43,43,74,74,74,94,94,107,142,157,157,157],"floor_reached":51,"playtime":5959,"items_purged":["Strike_B"],"score":1362,"play_id":"74383124-255d-443e-8b22-e92e14b23365","local_time":"20190901011609","is_ascension_mode":true,"campfire_choices":[{"data":"Machine Learning","floor":6.0,"key":"SMITH"},{"data":"Hologram","floor":8.0,"key":"SMITH"},{"floor":15.0,"key":"REST"},{"data":"Heatsinks","floor":23.0,"key":"SMITH"},{"floor":29.0,"key":"DIG"},{"floor":32.0,"key":"DIG"},{"floor":40.0,"key":"DIG"},{"floor":42.0,"key":"DIG"},{"floor":45.0,"key":"DIG"},{"floor":49.0,"key":"DIG"}],"neow_cost":"NO_GOLD","seed_source_timestamp":1258502614189865,"circlet_count":0,"master_deck":["AscendersBane","Defend_B","Defend_B","Defend_B","Dualcast","Cold Snap","Hologram+1","Machine Learning+1","Gash","Heatsinks+1","Loop","Gash","Coolheaded","Meteor Strike","Cold Snap+1","Self Repair","Self Repair","Hologram+1","Glacier","Glacier","Sunder","Gash","Meteor Strike","Reinforced Body","Meteor Strike","Gash","Defragment","Defragment+1","Beam Cell+1"],"special_seed":0,"relics":["Cracked Core","Mummified Hand","Oddly Smooth Stone","Ice Cream","Unceasing Top","Sozu","Incense Burner","Shovel","Blue Candle","Anchor","Tiny Chest","Mercury Hourglass","Empty Cage","Medical Kit","Symbiotic Virus","Calipers","Bottled Tornado","Kunai","StoneCalendar","Strawberry","Gremlin Horn"],"potions_floor_usage":[50],"damage_taken":[{"damage":1.0,"enemies":"Cultist","floor":1.0,"turns":3.0},{"damage":2.0,"enemies":"Jaw Worm","floor":2.0,"turns":3.0},{"damage":0.0,"enemies":"Small Slimes","floor":4.0,"turns":3.0},{"damage":24.0,"enemies":"3 Sentries","floor":7.0,"turns":8.0},{"damage":18.0,"enemies":"Lagavulin","floor":12.0,"turns":6.0},{"damage":5.0,"enemies":"Looter","floor":14.0,"turns":3.0},{"damage":13.0,"enemies":"Slime Boss","floor":16.0,"turns":11.0},{"damage":6.0,"enemies":"Shell Parasite","floor":18.0,"turns":4.0},{"damage":18.0,"enemies":"2 Thieves","floor":19.0,"turns":4.0},{"damage":2.0,"enemies":"Centurion and Healer","floor":21.0,"turns":6.0},{"damage":8.0,"enemies":"Snecko","floor":22.0,"turns":3.0},{"damage":2.0,"enemies":"3 Cultists","floor":24.0,"turns":5.0},{"damage":1.0,"enemies":"Snake Plant","floor":27.0,"turns":6.0},{"damage":15.0,"enemies":"Colosseum Slavers","floor":28.0,"turns":4.0},{"damage":30.0,"enemies":"Colosseum Nobs","floor":28.0,"turns":7.0},{"damage":1.0,"enemies":"Snecko","floor":30.0,"turns":3.0},{"damage":7.0,"enemies":"Slavers","floor":31.0,"turns":3.0},{"damage":2.0,"enemies":"Champ","floor":33.0,"turns":9.0},{"damage":15.0,"enemies":"3 Darklings","floor":35.0,"turns":4.0},{"damage":8.0,"enemies":"Orb Walker","floor":37.0,"turns":4.0},{"damage":0.0,"enemies":"Maw","floor":39.0,"turns":5.0},{"damage":1.0,"enemies":"Giant Head","floor":41.0,"turns":4.0},{"damage":0.0,"enemies":"Writhing Mass","floor":44.0,"turns":6.0},{"damage":4.0,"enemies":"Jaw Worm Horde","floor":46.0,"turns":3.0},{"damage":0.0,"enemies":"Nemesis","floor":47.0,"turns":6.0},{"damage":0.0,"enemies":"Sphere and 2 Shapes","floor":48.0,"turns":4.0},{"damage":10,"enemies":"Donu and Deca","floor":50,"turns":20}],"seed_played":"-1730729304905146339","potions_obtained":[{"floor":1.0,"key":"PowerPotion"},{"floor":12.0,"key":"Ancient Potion"},{"floor":16.0,"key":"Energy Potion"}],"is_trial":false,"path_per_floor":["M","M","?","M","$","R","E","R","T","$","?","E","?","M","R","B",null,"M","M","$","M","M","R","M","$","T","M","?","R","M","E","R","B",null,"M","?","M","$","M","R","E","R","T","M","R","M","E","M","R","B",null],"character_chosen":"DEFECT","items_purchased":["Loop","Self Repair","Glacier","Defragment","Medical Kit"],"campfire_rested":1,"item_purchase_floors":[10,20,25,38,38],"current_hp_per_floor":[63,61,61,61,61,61,37,37,37,37,60,42,42,37,58,45,65,59,41,41,53,59,59,71,71,71,71,54,54,53,60,60,71,71,70,70,71,71,71,71,71,71,71,71,71,71,78,78,78,78],"gold":157,"neow_bonus":"REMOVE_TWO","is_prod":false,"is_daily":false,"chose_seed":false,"campfire_upgraded":3,"win_rate":0,"timestamp":1567318569,"path_taken":["M","?","?","?","?","R","E","R","T","$","?","E","?","M","R","BOSS","M","M","$","M","?","R","?","?","T","?","?","R","M","E","R","BOSS","M","?","M","$","M","R","E","R","T","M","R","M","E","?","R","BOSS"],"build_version":"2019-07-17","purchased_purges":1,"victory":true,"max_hp_per_floor":[71,71,71,71,71,71,71,71,71,71,71,71,71,71,71,71,71,71,71,71,71,71,71,71,71,71,71,71,71,71,71,71,71,71,71,71,71,71,71,71,71,71,71,71,71,71,78,78,78,78],"card_choices":[{"not_picked":["Tempest","Heatsinks"],"picked":"Cold Snap","floor":1.0},{"not_picked":["Barrage","Streamline"],"picked":"Hologram","floor":2.0},{"not_picked":["Barrage","Melter"],"picked":"Gash","floor":4.0},{"not_picked":["Reboot","Turbo"],"picked":"Heatsinks","floor":7.0},{"not_picked":["Compile Driver","Rip and Tear"],"picked":"Gash","floor":12.0},{"not_picked":["Compile Driver","Conserve Battery"],"picked":"Coolheaded","floor":14.0},{"not_picked":["Thunder Strike","Biased Cognition"],"picked":"Meteor Strike","floor":16.0},{"not_picked":["Compile Driver","Redo"],"picked":"Cold Snap+1","floor":18.0},{"not_picked":["Force Field","Hologram"],"picked":"Self Repair","floor":19.0},{"not_picked":["Turbo","Conserve Battery","Steam"],"picked":"SKIP","floor":21.0},{"not_picked":["Sunder","Ball Lightning+1","All For One"],"picked":"SKIP","floor":22.0},{"not_picked":["Chaos","Streamline"],"picked":"Hologram+1","floor":24.0},{"not_picked":["Hologram","Heatsinks"],"picked":"Glacier","floor":27.0},{"not_picked":["Reprogram","Beam Cell"],"picked":"Sunder","floor":28.0},{"not_picked":["Coolheaded","Scrape"],"picked":"Gash","floor":30.0},{"not_picked":["Compile Driver","Rebound","Blizzard"],"picked":"SKIP","floor":31.0},{"not_picked":["Electrodynamics","Amplify"],"picked":"Meteor Strike","floor":33.0},{"not_picked":["Cold Snap","Compile Driver","Fusion"],"picked":"SKIP","floor":35.0},{"not_picked":["Hologram","Go for the Eyes"],"picked":"Gash","floor":37.0},{"not_picked":["Blizzard","Conserve Battery"],"picked":"Defragment+1","floor":39.0},{"not_picked":["Ball Lightning","Scrape"],"picked":"Beam Cell+1","floor":41.0},{"not_picked":["Gash","Coolheaded","Go for the Eyes"],"picked":"SKIP","floor":44.0},{"not_picked":["Rebound+1","Sunder","Sweeping Beam"],"picked":"SKIP","floor":46.0},{"not_picked":["Undo","Sweeping Beam","Steam Power"],"picked":"SKIP","floor":47.0},{"not_picked":["Sunder","Biased Cognition","Barrage"],"picked":"SKIP","floor":48.0}],"player_experience":1028309,"relics_obtained":[{"floor":7.0,"key":"Mummified Hand"},{"floor":9.0,"key":"Oddly Smooth Stone"},{"floor":12.0,"key":"Ice Cream"},{"floor":26.0,"key":"Incense Burner"},{"floor":28.0,"key":"Shovel"},{"floor":28.0,"key":"Blue Candle"},{"floor":29.0,"key":"Anchor"},{"floor":31.0,"key":"Tiny Chest"},{"floor":32.0,"key":"Mercury Hourglass"},{"floor":40.0,"key":"Symbiotic Virus"},{"floor":41.0,"key":"Calipers"},{"floor":42.0,"key":"Bottled Tornado"},{"floor":43.0,"key":"Kunai"},{"floor":45.0,"key":"StoneCalendar"},{"floor":47.0,"key":"Strawberry"},{"floor":49.0,"key":"Gremlin Horn"}],"event_choices":[{"damage_healed":0.0,"max_hp_gain":0.0,"max_hp_loss":0.0,"gold_gain":0.0,"cards_transformed":["Strike_B"],"event_name":"Transmorgrifier","player_choice":"Transformed","floor":3.0,"gold_loss":0.0,"damage_taken":0.0,"cards_obtained":["Machine Learning"]},{"damage_healed":23.0,"max_hp_gain":0.0,"max_hp_loss":0.0,"gold_gain":0.0,"event_name":"Big Fish","player_choice":"Banana","floor":11.0,"gold_loss":0.0,"damage_taken":0.0},{"damage_healed":0.0,"max_hp_gain":0.0,"max_hp_loss":0.0,"gold_gain":0.0,"event_name":"WeMeetAgain","player_choice":"Gave Potion","floor":13.0,"gold_loss":0.0,"damage_taken":0.0,"relics_obtained":["Unceasing Top"]},{"damage_healed":0.0,"max_hp_gain":0.0,"max_hp_loss":0.0,"gold_gain":0.0,"event_name":"Colosseum","player_choice":"Fight","floor":28.0,"gold_loss":0.0,"damage_taken":0.0},{"damage_healed":0.0,"max_hp_gain":0.0,"max_hp_loss":0.0,"gold_gain":0.0,"event_name":"Colosseum","player_choice":"Fought Nobs","floor":28.0,"gold_loss":0.0,"damage_taken":0.0},{"damage_healed":0.0,"max_hp_gain":0.0,"max_hp_loss":0.0,"gold_gain":0.0,"event_name":"Match and Keep!","player_choice":"2 cards matched","floor":36.0,"gold_loss":0.0,"damage_taken":0.0,"cards_obtained":["Reinforced Body","Meteor Strike"]}],"is_beta":false,"boss_relics":[{"not_picked":["Cursed Key","Velvet Choker"],"picked":"Sozu"},{"not_picked":["Coffee Dripper","Orrery"],"picked":"Empty Cage"}],"items_purged_floors":[20],"is_endless":false,"potions_floor_spawned":[1,12,16,19,21,28,28,33,37,47,48],"ascension_level":15}