{"gold_per_floor":[114,133,150,162,173,173,208,208,264,264,279,309,322,322,322,421,421,433,448,196,111,111,111,61,61,113,128,128],"floor_reached":28,"playtime":1550,"items_purged":["Regret","Decay"],"score":366,"play_id":"148fb2bd-9756-4039-ad90-57f597d61d27","local_time":"20190824182204","is_ascension_mode":true,"campfire_choices":[{"data":"Armaments","floor":6.0,"key":"SMITH"},{"data":"Pommel Strike","floor":8.0,"key":"SMITH"},{"data":"Bash","floor":10.0,"key":"SMITH"},{"floor":15,"key":"REST"},{"floor":23,"key":"REST"},{"floor":25,"key":"REST"}],"neow_cost":"NONE","seed_source_timestamp":924374608786658,"circlet_count":0,"master_deck":["AscendersBane","Defend_R","Defend_R","Defend_R","Bash+1","Spot Weakness","Pommel Strike+1","Shockwave","Armaments+1","Uppercut","Heavy Blade","Doubt","Bite","Bite","Bite","Bite+1","Bite+1"],"special_seed":0,"relics":["Empty Cage","Darkstone Periapt","Tiny Chest","Calling Bell","Smiling Mask","Pear","Ginger","Medical Kit","Ancient Tea Set","Whetstone"],"potions_floor_usage":[16,16],"damage_taken":[{"damage":6.0,"enemies":"Cultist","floor":1.0,"turns":3.0},{"damage":0.0,"enemies":"Small Slimes","floor":2.0,"turns":3.0},{"damage":3.0,"enemies":"2 Louse","floor":3.0,"turns":3.0},{"damage":7.0,"enemies":"Blue Slaver","floor":4.0,"turns":3.0},{"damage":21.0,"enemies":"3 Louse","floor":5.0,"turns":4.0},{"damage":25.0,"enemies":"Lagavulin","floor":7.0,"turns":7.0},{"damage":12.0,"enemies":"Exordium Wildlife","floor":11.0,"turns":4.0},{"damage":3,"enemies":"Looter","floor":13,"turns":3},{"damage":42,"enemies":"The Guardian","floor":16,"turns":11},{"damage":35,"enemies":"Spheric Guardian","floor":18,"turns":5},{"damage":50,"enemies":"Chosen","floor":19,"turns":6},{"damage":68,"enemies":"Shelled Parasite and Fungi","floor":27,"turns":8},{"damage":40,"enemies":"Snecko","floor":28,"turns":5}],"seed_played":"6741388526327200647","potions_obtained":[{"floor":2.0,"key":"BloodPotion"},{"floor":4.0,"key":"Ancient Potion"},{"floor":5.0,"key":"LiquidBronze"},{"floor":13,"key":"LiquidBronze"}],"is_trial":false,"path_per_floor":["M","M","M","M","M","R","E","R","T","R","M","?","M","?","R","B",null,"M","M","$","?","?","R","$","R","T","M","M"],"character_chosen":"IRONCLAD","items_purchased":["Medical Kit"],"campfire_rested":3,"item_purchase_floors":[20],"current_hp_per_floor":[66,66,63,56,55,55,30,30,30,30,18,18,15,41,65,23,94,59,9,9,9,9,31,31,53,53,12,0],"gold":128,"neow_bonus":"BOSS_RELIC","is_prod":false,"is_daily":false,"chose_seed":false,"campfire_upgraded":3,"win_rate":0,"timestamp":1566688924,"path_taken":["M","M","M","M","?","R","E","R","T","R","M","?","M","?","R","BOSS","M","M","$","?","?","R","?","R","T","M","M"],"build_version":"2019-07-17","purchased_purges":2,"victory":false,"max_hp_per_floor":[80,80,80,80,80,80,80,80,80,80,80,80,80,80,80,80,108,108,108,108,108,75,75,75,75,75,75,75],"card_choices":[{"not_picked":["Anger","Havoc"],"picked":"Spot Weakness","floor":1.0},{"not_picked":["Thunderclap","Wild Strike"],"picked":"Pommel Strike","floor":2.0},{"not_picked":["Heavy Blade","Second Wind"],"picked":"Shockwave","floor":3.0},{"not_picked":["True Grit","Havoc"],"picked":"Armaments","floor":4.0},{"not_picked":["Perfected Strike","Clothesline"],"picked":"Uppercut","floor":5.0},{"not_picked":["Cleave","Wild Strike","Perfected Strike"],"picked":"SKIP","floor":7.0},{"not_picked":["Immolate","Headbutt"],"picked":"Heavy Blade","floor":11.0},{"not_picked":["Twin Strike","Clash","Dark Embrace"],"picked":"SKIP","floor":13},{"not_picked":["Perfected Strike","Flame Barrier","Rampage"],"picked":"SKIP","floor":18},{"not_picked":["Thunderclap","Corruption+1","Iron Wave"],"picked":"SKIP","floor":19},{"not_picked":["Heavy Blade","Metallicize","Havoc"],"picked":"SKIP","floor":27}],"player_experience":852259,"relics_obtained":[{"floor":7.0,"key":"Darkstone Periapt"},{"floor":9.0,"key":"Tiny Chest"},{"floor":17,"key":"Smiling Mask"},{"floor":17,"key":"Pear"},{"floor":17,"key":"Ginger"},{"floor":26,"key":"Whetstone"}],"event_choices":[{"damage_healed":0,"gold_gain":30,"player_choice":"Searched \u00271\u0027 times","damage_taken":0,"max_hp_gain":0,"max_hp_loss":0,"event_name":"Dead Adventurer","floor":12,"gold_loss":0},{"damage_healed":26,"gold_gain":0,"player_choice":"Banana","damage_taken":0,"max_hp_gain":0,"max_hp_loss":0,"event_name":"Big Fish","floor":14,"gold_loss":0},{"damage_healed":0,"gold_gain":0,"player_choice":"Obtained Relic","damage_taken":0,"relics_obtained":["Ancient Tea Set"],"max_hp_gain":0,"max_hp_loss":0,"event_name":"Addict","floor":21,"gold_loss":85},{"damage_healed":0,"gold_gain":0,"player_choice":"Became a vampire","damage_taken":0,"max_hp_gain":0,"max_hp_loss":33,"event_name":"Vampires","floor":22,"gold_loss":0,"cards_obtained":["Bite","Bite","Bite","Bite","Bite"]}],"is_beta":false,"boss_relics":[{"not_picked":["Snecko Eye","Runic Cube"],"picked":"Calling Bell"}],"items_purged_floors":[20,24],"is_endless":false,"potions_floor_spawned":[2,4,5,13],"killed_by":"Snecko","ascension_level":11}