{"gold_per_floor":[114,114,127,52,52,91,5,21,48,83,83,104,104,135,135,226,226,239,260,260,275,275,307,357,357,357,357,391,405,422,51,51,125,125,136,136,11,11,30,61,61,74,99,112,112,127,127,141,141,141],"floor_reached":51,"playtime":3804,"items_purged":["Strike_R","Strike_R","Strike_R"],"score":1531,"play_id":"81fabcb3-1cf3-4f31-9cba-f9d56362d183","local_time":"20190910043245","is_ascension_mode":true,"campfire_choices":[{"data":"Armaments","floor":11.0,"key":"SMITH"},{"data":"Body Slam","floor":13.0,"key":"SMITH"},{"data":"True Grit","floor":15.0,"key":"SMITH"},{"data":"Entrench","floor":25.0,"key":"SMITH"},{"data":"Impervious","floor":27.0,"key":"SMITH"},{"data":"Battle Trance","floor":32.0,"key":"SMITH"},{"data":"Barricade","floor":41.0,"key":"SMITH"},{"data":"Entrench","floor":45,"key":"SMITH"},{"data":"Body Slam","floor":47,"key":"SMITH"},{"data":"Shrug It Off","floor":49,"key":"SMITH"}],"neow_cost":"NONE","seed_source_timestamp":224499766826512,"circlet_count":0,"master_deck":["AscendersBane","Defend_R","Defend_R","Defend_R","Defend_R","Bash","Body Slam+1","Impervious+1","Armaments+1","Ghostly Armor","True Grit+1","Battle Trance+1","Offering","Shockwave","Entrench+1","Shrug It Off+1","Bludgeon","Body Slam+1","Barricade+1","Entrench+1"],"special_seed":0,"relics":["Burning Blood","NeowsBlessing","Bloody Idol","Red Skull","Oddly Smooth Stone","Bronze Scales","Ornamental Fan","Sozu","Orichalcum","Meat on the Bone","Blood Vial","Bottled Lightning","Empty Cage","Prayer Wheel","Omamori"],"potions_floor_usage":[],"damage_taken":[{"damage":0.0,"enemies":"Cultist","floor":1.0,"turns":1.0},{"damage":0.0,"enemies":"Jaw Worm","floor":3.0,"turns":1.0},{"damage":0.0,"enemies":"Lagavulin","floor":6.0,"turns":2.0},{"damage":2.0,"enemies":"Small Slimes","floor":8.0,"turns":6.0},{"damage":28.0,"enemies":"3 Sentries","floor":10.0,"turns":10.0},{"damage":1.0,"enemies":"2 Fungi Beasts","floor":12.0,"turns":5.0},{"damage":16.0,"enemies":"Lagavulin","floor":14.0,"turns":8.0},{"damage":8.0,"enemies":"Hexaghost","floor":16.0,"turns":11.0},{"damage":9.0,"enemies":"Chosen","floor":18.0,"turns":6.0},{"damage":0.0,"enemies":"3 Byrds","floor":19.0,"turns":3.0},{"damage":19.0,"enemies":"Centurion and Healer","floor":21.0,"turns":6.0},{"damage":12.0,"enemies":"Book of Stabbing","floor":23.0,"turns":5.0},{"damage":17.0,"enemies":"Gremlin Leader","floor":28.0,"turns":5.0},{"damage":3.0,"enemies":"Snake Plant","floor":29.0,"turns":4.0},{"damage":6.0,"enemies":"3 Cultists","floor":30.0,"turns":6.0},{"damage":6.0,"enemies":"Champ","floor":33.0,"turns":17.0},{"damage":11.0,"enemies":"3 Shapes","floor":35.0,"turns":4.0},{"damage":0.0,"enemies":"Orb Walker","floor":39.0,"turns":2.0},{"damage":19.0,"enemies":"Reptomancer","floor":40.0,"turns":7.0},{"damage":6.0,"enemies":"Sphere and 2 Shapes","floor":42.0,"turns":4.0},{"damage":17,"enemies":"Jaw Worm Horde","floor":44,"turns":5},{"damage":6,"enemies":"3 Darklings","floor":46,"turns":5},{"damage":6,"enemies":"4 Shapes","floor":48,"turns":4},{"damage":32,"enemies":"Donu and Deca","floor":50,"turns":11}],"seed_played":"-8250226289269970245","potions_obtained":[{"floor":6.0,"key":"LiquidBronze"},{"floor":8.0,"key":"FearPotion"},{"floor":10.0,"key":"Strength Potion"}],"is_trial":false,"path_per_floor":["M","?","M","$","?","E","$","M","T","E","R","M","R","E","R","B",null,"M","M","?","M","?","E","?","R","T","R","E","M","M","$","R","B",null,"M","?","$","?","M","E","R","M","T","M","R","M","R","M","R","B",null],"character_chosen":"IRONCLAD","items_purchased":["Ghostly Armor","Bottled Lightning"],"campfire_rested":0,"item_purchase_floors":[7,31],"current_hp_per_floor":[74,48,54,54,54,60,60,64,64,42,42,47,47,37,37,35,65,62,68,68,60,60,59,64,64,64,64,58,68,75,75,75,75,75,75,75,75,75,75,67,67,74,75,69,69,75,75,75,75,49],"gold":141,"neow_bonus":"THREE_ENEMY_KILL","is_prod":false,"is_daily":false,"chose_seed":false,"campfire_upgraded":10,"win_rate":0,"timestamp":1568107965,"path_taken":["M","?","M","$","?","E","$","M","T","E","R","M","R","E","R","BOSS","M","?","?","M","?","E","?","R","T","R","E","M","M","$","R","BOSS","M","?","$","?","?","E","R","M","T","M","R","M","R","M","R","BOSS"],"build_version":"2019-07-17","purchased_purges":3,"victory":true,"max_hp_per_floor":[75,75,75,75,75,75,75,75,75,75,75,75,75,75,75,75,75,75,75,75,75,75,75,75,75,75,75,75,75,75,75,75,75,75,75,75,75,75,75,75,75,75,75,75,75,75,75,75,75,75],"card_choices":[{"not_picked":["Wild Strike","Anger","Pummel"],"picked":"SKIP","floor":1.0},{"not_picked":["Warcry","Wild Strike"],"picked":"Body Slam","floor":3.0},{"not_picked":["Shockwave","Twin Strike"],"picked":"Armaments","floor":6.0},{"not_picked":["Combust","Rampage","Heavy Blade"],"picked":"SKIP","floor":8.0},{"not_picked":["Dropkick","Pommel Strike"],"picked":"True Grit","floor":10.0},{"not_picked":["Carnage","Rupture","Havoc"],"picked":"SKIP","floor":12.0},{"not_picked":["Disarm","Iron Wave"],"picked":"Battle Trance","floor":14.0},{"not_picked":["Berserk","Brutality"],"picked":"Offering","floor":16.0},{"not_picked":["Carnage","Reckless Charge"],"picked":"Shockwave","floor":18.0},{"not_picked":["Sword Boomerang","Bloodletting","Iron Wave"],"picked":"SKIP","floor":19.0},{"not_picked":["Iron Wave","Corruption","Body Slam"],"picked":"SKIP","floor":21.0},{"not_picked":["Brutality","Whirlwind"],"picked":"Entrench","floor":23.0},{"not_picked":["Combust+1","Bloodletting","Carnage"],"picked":"SKIP","floor":28.0},{"not_picked":["Clothesline","Iron Wave","Hemokinesis"],"picked":"SKIP","floor":29.0},{"not_picked":["Bloodletting","Iron Wave"],"picked":"Shrug It Off","floor":30.0},{"not_picked":["Brutality","Reaper"],"picked":"Bludgeon","floor":33.0},{"not_picked":["Heavy Blade+1","Cleave"],"picked":"Body Slam","floor":35.0},{"not_picked":["Carnage","Warcry","Bloodletting"],"picked":"SKIP","floor":39.0},{"not_picked":["Carnage+1","Demon Form"],"picked":"Barricade","floor":40.0},{"not_picked":["Clothesline+1","Anger","Havoc+1"],"picked":"SKIP","floor":42.0},{"not_picked":["Wild Strike","Flex","Shrug It Off"],"picked":"SKIP","floor":42.0},{"not_picked":["Shrug It Off","Combust"],"picked":"Entrench","floor":44},{"not_picked":["Clash+1","Flame Barrier","Heavy Blade+1"],"picked":"SKIP","floor":44},{"not_picked":["Infernal Blade","Shockwave+1","Heavy Blade"],"picked":"SKIP","floor":46},{"not_picked":["Sentinel","Thunderclap","Carnage+1"],"picked":"SKIP","floor":46},{"not_picked":["Evolve","Headbutt","Pommel Strike+1"],"picked":"SKIP","floor":48},{"not_picked":["Clothesline+1","Second Wind+1","Warcry"],"picked":"SKIP","floor":48}],"player_experience":1163665,"relics_obtained":[{"floor":6.0,"key":"Red Skull"},{"floor":9.0,"key":"Oddly Smooth Stone"},{"floor":10.0,"key":"Bronze Scales"},{"floor":14.0,"key":"Ornamental Fan"},{"floor":23.0,"key":"Orichalcum"},{"floor":26.0,"key":"Meat on the Bone"},{"floor":28.0,"key":"Blood Vial"},{"floor":40.0,"key":"Prayer Wheel"},{"floor":43.0,"key":"Omamori"}],"event_choices":[{"damage_healed":0.0,"max_hp_gain":0.0,"max_hp_loss":0.0,"gold_gain":0.0,"event_name":"Golden Idol","player_choice":"Take Damage","floor":2.0,"gold_loss":0.0,"damage_taken":26.0,"relics_obtained":["Golden Idol"]},{"damage_healed":0.0,"max_hp_gain":0.0,"max_hp_loss":0.0,"gold_gain":0.0,"event_name":"Match and Keep!","player_choice":"1 cards matched","floor":5.0,"gold_loss":0.0,"damage_taken":0.0,"cards_obtained":["Impervious"]},{"damage_healed":0.0,"max_hp_gain":0.0,"max_hp_loss":0.0,"gold_gain":0.0,"event_name":"Match and Keep!","player_choice":"1 cards matched","floor":5.0,"gold_loss":0.0,"damage_taken":0.0,"cards_obtained":["Impervious"]},{"damage_healed":0.0,"max_hp_gain":0.0,"max_hp_loss":0.0,"gold_gain":0.0,"event_name":"Forgotten Altar","player_choice":"Gave Idol","floor":20.0,"relics_lost":["Golden Idol"],"gold_loss":0.0,"damage_taken":0.0,"relics_obtained":["Bloody Idol"]},{"damage_healed":0.0,"max_hp_gain":0.0,"max_hp_loss":0.0,"gold_gain":0.0,"event_name":"The Mausoleum","player_choice":"Ignored","floor":22.0,"gold_loss":0.0,"damage_taken":0.0},{"damage_healed":0.0,"max_hp_gain":0.0,"max_hp_loss":0.0,"gold_gain":50.0,"event_name":"Nest","player_choice":"Stole From Cult","floor":24.0,"gold_loss":0.0,"damage_taken":0.0},{"damage_healed":0.0,"max_hp_gain":0.0,"max_hp_loss":0.0,"gold_gain":0.0,"event_name":"SensoryStone","player_choice":"Memory 1","floor":36.0,"gold_loss":0.0,"damage_taken":0.0},{"damage_healed":0.0,"max_hp_gain":0.0,"max_hp_loss":0.0,"gold_gain":0.0,"event_name":"SecretPortal","player_choice":"Ignored","floor":38.0,"gold_loss":0.0,"damage_taken":0.0}],"is_beta":false,"boss_relics":[{"not_picked":["Runic Pyramid","Snecko Eye"],"picked":"Sozu"},{"not_picked":["Black Blood","Eternal Feather"],"picked":"Empty Cage"}],"items_purged_floors":[4,31,37],"is_endless":false,"potions_floor_spawned":[6,8,10,12,19,21,30,40,42,46],"ascension_level":19}