{"gold_per_floor":[113,93,108,33,44,74,74,34,115,132,148,148,198,232,232,327,327,346,346,346],"floor_reached":20,"playtime":1051,"items_purged":[],"score":319,"play_id":"c5cf0628-248d-4669-9afa-3b2cfe401bec","local_time":"20190831214355","is_ascension_mode":true,"campfire_choices":[{"data":"Sunder","floor":7.0,"key":"SMITH"},{"data":"Loop","floor":15.0,"key":"SMITH"}],"neow_cost":"NONE","seed_source_timestamp":1253670748093773,"circlet_count":0,"master_deck":["AscendersBane","Defend_B","Defend_B","Defend_B","Defend_B","Zap","Dualcast","Gash","Sunder+1","Cold Snap","Gash","Loop+1","Chill","Injury","Reinforced Body","Machine Learning","Undo+1","Hyperbeam+1","Coolheaded+1","Gash"],"special_seed":0,"relics":["Cracked Core","NeowsBlessing","DataDisk","Darkstone Periapt","Bloody Idol","Pantograph","Astrolabe"],"potions_floor_usage":[20],"damage_taken":[{"damage":0.0,"enemies":"2 Louse","floor":1.0,"turns":1.0},{"damage":0.0,"enemies":"Cultist","floor":3.0,"turns":1.0},{"damage":0.0,"enemies":"Small Slimes","floor":5.0,"turns":1.0},{"damage":13.0,"enemies":"Gremlin Nob","floor":6.0,"turns":4.0},{"damage":17.0,"enemies":"3 Louse","floor":10.0,"turns":3.0},{"damage":4.0,"enemies":"Exordium Thugs","floor":11.0,"turns":3.0},{"damage":14.0,"enemies":"3 Sentries","floor":14.0,"turns":4.0},{"damage":39.0,"enemies":"Hexaghost","floor":16.0,"turns":12.0},{"damage":25,"enemies":"Chosen","floor":18,"turns":7},{"damage":42,"enemies":"Masked Bandits","floor":20,"turns":3}],"seed_played":"-3983502373019833799","potions_obtained":[{"floor":2.0,"key":"EssenceOfSteel"},{"floor":10.0,"key":"Poison Potion"},{"floor":14.0,"key":"Dexterity Potion"},{"floor":18,"key":"Block Potion"}],"is_trial":false,"path_per_floor":["M","?","M","?","M","E","R","$","T","M","M","?","?","E","R","B",null,"M","?","?"],"character_chosen":"DEFECT","items_purchased":["Loop"],"campfire_rested":0,"item_purchase_floors":[8],"current_hp_per_floor":[64,64,64,64,64,51,51,51,51,34,30,36,36,22,22,8,60,35,35,0],"gold":346,"neow_bonus":"THREE_ENEMY_KILL","is_prod":false,"is_daily":false,"chose_seed":false,"campfire_upgraded":2,"win_rate":0,"timestamp":1567305835,"path_taken":["M","?","?","?","M","E","R","$","T","M","M","?","?","E","R","BOSS","M","?","?"],"build_version":"2019-07-17","purchased_purges":0,"victory":false,"max_hp_per_floor":[71,71,71,71,71,71,71,71,71,71,71,77,77,77,77,77,77,77,77,77],"card_choices":[{"not_picked":["Coolheaded","Stack"],"picked":"Gash","floor":1.0},{"not_picked":["Hello World","Ball Lightning"],"picked":"Sunder","floor":3.0},{"not_picked":["Biased Cognition","Recycle"],"picked":"Cold Snap","floor":5.0},{"not_picked":["Turbo","Barrage"],"picked":"Gash","floor":6.0},{"not_picked":["FTL","Hello World"],"picked":"Chill","floor":10.0},{"not_picked":["Rebound","Redo","Beam Cell"],"picked":"SKIP","floor":11.0},{"not_picked":["Sunder","Streamline"],"picked":"Reinforced Body","floor":14.0},{"not_picked":["Fission","Creative AI"],"picked":"Machine Learning","floor":16.0},{"not_picked":["Force Field","Cold Snap"],"picked":"Gash","floor":18}],"player_experience":1024258,"relics_obtained":[{"floor":6.0,"key":"DataDisk"},{"floor":9.0,"key":"Darkstone Periapt"},{"floor":14.0,"key":"Pantograph"}],"event_choices":[{"damage_healed":0.0,"max_hp_gain":0.0,"max_hp_loss":0.0,"gold_gain":0.0,"event_name":"The Woman in Blue","player_choice":"Bought 1 Potion","floor":2.0,"gold_loss":0.0,"damage_taken":0.0},{"cards_removed":["Strike_B"],"damage_healed":0.0,"max_hp_gain":0.0,"max_hp_loss":0.0,"gold_gain":0.0,"event_name":"The Cleric","player_choice":"Card Removal","floor":4.0,"gold_loss":75.0,"damage_taken":0.0},{"damage_healed":0.0,"max_hp_gain":0.0,"max_hp_loss":0.0,"gold_gain":0.0,"event_name":"Golden Idol","player_choice":"Take Wound","floor":12.0,"gold_loss":0.0,"damage_taken":0.0,"relics_obtained":["Golden Idol"],"cards_obtained":["Injury"]},{"damage_healed":0.0,"max_hp_gain":0.0,"max_hp_loss":0.0,"gold_gain":50.0,"event_name":"Golden Shrine","player_choice":"Pray","floor":13.0,"gold_loss":0.0,"damage_taken":0.0},{"damage_healed":0,"gold_gain":0,"player_choice":"Gave Idol","damage_taken":0,"relics_obtained":["Bloody Idol"],"max_hp_gain":0,"max_hp_loss":0,"event_name":"Forgotten Altar","floor":19,"relics_lost":["Golden Idol"],"gold_loss":0},{"damage_healed":0,"gold_gain":0,"player_choice":"Fought Bandits","damage_taken":0,"max_hp_gain":0,"max_hp_loss":0,"event_name":"Masked Bandits","floor":20,"gold_loss":0}],"is_beta":false,"boss_relics":[{"not_picked":["White Beast Statue","Coffee Dripper"],"picked":"Astrolabe"}],"items_purged_floors":[],"is_endless":false,"potions_floor_spawned":[10,14,18],"killed_by":"Masked Bandits","ascension_level":15}