{"gold_per_floor":[114,114,114,39,139,166,9,9,9,9,19,49,61,74,74,149,149,161,177,196,209,134,134],"floor_reached":23,"playtime":1914,"items_purged":["Defend_G"],"score":396,"play_id":"c8d8185a-a15a-48f9-959c-a6951a4d1a3e","local_time":"20190827163939","is_ascension_mode":true,"campfire_choices":[{"data":"Backflip","floor":8.0,"key":"SMITH"},{"data":"Leg Sweep","floor":10.0,"key":"SMITH"},{"data":"Blade Dance","floor":15.0,"key":"SMITH"}],"neow_cost":"NONE","seed_source_timestamp":1055106707465383,"circlet_count":0,"master_deck":["AscendersBane","Strike_G","Strike_G","Defend_G","Survivor","Neutralize","Quick Slash","Backflip+1","Leg Sweep+1","Blade Dance+1","Cloak And Dagger","Burst","Outmaneuver+1","Blur+1","Finisher+1","Backflip"],"special_seed":0,"relics":["Ring of the Snake","NeowsBlessing","Blue Candle","Shuriken","Boot","Astrolabe"],"potions_floor_usage":[],"damage_taken":[{"damage":0.0,"enemies":"Cultist","floor":1.0,"turns":1.0},{"damage":0.0,"enemies":"Lagavulin","floor":6.0,"turns":1.0},{"damage":0.0,"enemies":"Jaw Worm","floor":11.0,"turns":1.0},{"damage":24.0,"enemies":"Gremlin Nob","floor":12.0,"turns":4.0},{"damage":0.0,"enemies":"2 Louse","floor":13.0,"turns":2.0},{"damage":1.0,"enemies":"2 Fungi Beasts","floor":14.0,"turns":5.0},{"damage":6.0,"enemies":"The Guardian","floor":16.0,"turns":15.0},{"damage":0.0,"enemies":"Chosen","floor":18.0,"turns":2.0},{"damage":1.0,"enemies":"3 Byrds","floor":19.0,"turns":4.0},{"damage":11.0,"enemies":"Centurion and Healer","floor":20.0,"turns":6.0},{"damage":18.0,"enemies":"Chosen and Byrds","floor":21.0,"turns":8.0},{"damage":31,"enemies":"Gremlin Leader","floor":23,"turns":3}],"seed_played":"918294630406467120","potions_obtained":[{"floor":1.0,"key":"LiquidBronze"},{"floor":11.0,"key":"Swift Potion"},{"floor":16.0,"key":"Poison Potion"},{"floor":19.0,"key":"Fire Potion"},{"floor":20.0,"key":"AttackPotion"}],"is_trial":false,"path_per_floor":["M","?","?","?","?","E","$","R","T","R","M","E","M","M","R","B",null,"M","M","M","M","?","E"],"character_chosen":"THE_SILENT","items_purchased":["Leg Sweep"],"campfire_rested":0,"item_purchase_floors":[7],"current_hp_per_floor":[59,59,52,52,52,52,52,52,52,52,52,28,28,27,27,21,55,55,54,43,25,25,0],"gold":134,"neow_bonus":"THREE_ENEMY_KILL","is_prod":false,"is_daily":false,"chose_seed":false,"campfire_upgraded":3,"win_rate":0,"timestamp":1566941979,"path_taken":["M","?","?","?","?","E","$","R","T","R","M","E","M","M","R","BOSS","M","?","M","M","?","E"],"build_version":"2019-07-17","purchased_purges":1,"victory":false,"max_hp_per_floor":[66,66,66,66,66,66,66,66,66,66,66,66,66,66,66,66,66,66,66,66,66,66,66],"card_choices":[{"not_picked":["Dagger Throw","Terror"],"picked":"Quick Slash","floor":1.0},{"not_picked":["Reflex","Flying Knee"],"picked":"Backflip","floor":6.0},{"not_picked":["Eviscerate","Quick Slash","Outmaneuver"],"picked":"SKIP","floor":11.0},{"not_picked":["Bane","Prepared","Slice"],"picked":"SKIP","floor":12.0},{"not_picked":["Prepared","Venomology"],"picked":"Blade Dance","floor":13.0},{"not_picked":["Poisoned Stab","Quick Slash"],"picked":"Cloak And Dagger","floor":14.0},{"not_picked":["Glass Knife","Wraith Form v2"],"picked":"Burst","floor":16.0},{"not_picked":["Concentrate","Flying Knee"],"picked":"Backflip","floor":18.0},{"not_picked":["Leg Sweep","Outmaneuver","Tactician"],"picked":"SKIP","floor":19.0},{"not_picked":["Dash","Dagger Spray","Sucker Punch"],"picked":"SKIP","floor":20.0},{"not_picked":["Prepared","Quick Slash","Dagger Spray"],"picked":"SKIP","floor":21.0}],"player_experience":926642,"relics_obtained":[{"floor":6.0,"key":"Blue Candle"},{"floor":9.0,"key":"Shuriken"},{"floor":12.0,"key":"Boot"}],"event_choices":[{"damage_healed":0.0,"max_hp_gain":0.0,"max_hp_loss":0.0,"gold_gain":0.0,"event_name":"Liars Game","player_choice":"Ignored","floor":2.0,"gold_loss":0.0,"damage_taken":0.0},{"cards_removed":["Strike_G"],"damage_healed":0.0,"max_hp_gain":0.0,"max_hp_loss":0.0,"gold_gain":0.0,"event_name":"Golden Wing","player_choice":"Card Removal","floor":3.0,"gold_loss":0.0,"damage_taken":7.0},{"cards_removed":["Defend_G"],"damage_healed":0.0,"max_hp_gain":0.0,"max_hp_loss":0.0,"gold_gain":0.0,"event_name":"The Cleric","player_choice":"Card Removal","floor":4.0,"gold_loss":75.0,"damage_taken":0.0},{"damage_healed":0.0,"max_hp_gain":0.0,"max_hp_loss":0.0,"gold_gain":100.0,"event_name":"Wheel of Change","player_choice":"Gold","floor":5.0,"gold_loss":0.0,"damage_taken":0.0},{"cards_removed":["Defend_G"],"damage_healed":0.0,"max_hp_gain":0.0,"max_hp_loss":0.0,"gold_gain":0.0,"event_name":"Beggar","player_choice":"Gave Gold","floor":22.0,"gold_loss":75.0,"damage_taken":0.0}],"is_beta":false,"boss_relics":[{"not_picked":["Coffee Dripper","Black Star"],"picked":"Astrolabe"}],"items_purged_floors":[7],"is_endless":false,"potions_floor_spawned":[1,11,16,19,20],"killed_by":"Gremlin Leader","ascension_level":15}