{"gold_per_floor":[117,117,117,134,134,144,160,100,123,123,0,12,12,27,27,126,126,139,214,224,58,74,74,94,94,94,94,110,127,145,178,178,282,282,294,304,304,316,316,316,331,341,419,369,382,11,30,44,44,44],"floor_reached":51,"playtime":2694,"items_purged":["Strike_G","Strike_G","Defend_G"],"score":767,"play_id":"5d1a599b-14e6-43bd-a4f7-2cb6fdc06f1a","local_time":"20190902153958","is_ascension_mode":false,"campfire_choices":[{"floor":10,"key":"REST"},{"data":"Bouncing Flask","floor":13,"key":"SMITH"},{"floor":15,"key":"REST"},{"floor":23,"key":"REST"},{"floor":25,"key":"REST"},{"data":"Crippling Poison","floor":27,"key":"SMITH"},{"data":"Catalyst","floor":32,"key":"SMITH"},{"floor":40,"key":"REST"},{"floor":49,"key":"REST"}],"neow_cost":"NONE","seed_source_timestamp":1029245841545700,"circlet_count":0,"master_deck":["Defend_G+1","Defend_G","Defend_G","Defend_G","Survivor+1","Neutralize","Bouncing Flask+1","All Out Attack","Grand Finale","Crippling Poison+1","Bullet Time","Deadly Poison","Catalyst+1","Bullet Time","Bouncing Flask+1","Wraith Form v2"],"relics":["Runic Pyramid","Snake Skull","The Courier","Dream Catcher","Empty Cage","Bag of Preparation","Pear","Smiling Mask","Sozu","Mummified Hand","Bronze Scales","Bottled Lightning"],"potions_floor_usage":[12,28,33,33,38],"damage_taken":[{"damage":1,"enemies":"Cultist","floor":1,"turns":4},{"damage":0,"enemies":"Small Slimes","floor":4,"turns":4},{"damage":3,"enemies":"Jaw Worm","floor":6,"turns":4},{"damage":12,"enemies":"3 Louse","floor":7,"turns":3},{"damage":4,"enemies":"Gremlin Gang","floor":12,"turns":3},{"damage":2,"enemies":"Red Slaver","floor":14,"turns":3},{"damage":0,"enemies":"Slime Boss","floor":16,"turns":6},{"damage":2,"enemies":"Shell Parasite","floor":18,"turns":4},{"damage":17,"enemies":"2 Thieves","floor":20,"turns":4},{"damage":12,"enemies":"Shelled Parasite and Fungi","floor":22,"turns":5},{"damage":3,"enemies":"Snecko","floor":24,"turns":4},{"damage":18,"enemies":"Snake Plant","floor":28,"turns":4},{"damage":10,"enemies":"Centurion and Healer","floor":29,"turns":5},{"damage":2,"enemies":"3 Cultists","floor":30,"turns":4},{"damage":0,"enemies":"Gremlin Leader","floor":31,"turns":4},{"damage":7,"enemies":"Automaton","floor":33,"turns":6},{"damage":14,"enemies":"3 Darklings","floor":35,"turns":3},{"damage":5,"enemies":"3 Shapes","floor":36,"turns":3},{"damage":7,"enemies":"3 Darklings","floor":38,"turns":3},{"damage":7,"enemies":"Transient","floor":41,"turns":5},{"damage":0,"enemies":"Spire Growth","floor":42,"turns":3},{"damage":0,"enemies":"Maw","floor":45,"turns":3},{"damage":0,"enemies":"3 Darklings","floor":47,"turns":3},{"damage":13,"enemies":"Jaw Worm Horde","floor":48,"turns":4},{"damage":57,"enemies":"Donu and Deca","floor":50,"turns":8}],"seed_played":"7493697276591714794","potions_obtained":[{"floor":6,"key":"GamblersBrew"},{"floor":7,"key":"Explosive Potion"},{"floor":12,"key":"SneckoOil"},{"floor":18,"key":"Regen Potion"},{"floor":30,"key":"SkillPotion"},{"floor":33,"key":"Regen Potion"}],"is_trial":false,"path_per_floor":["M","?","?","M","T","M","M","$","T","R","$","M","R","M","R","B",null,"M","?","M","$","M","R","M","R","T","R","M","M","M","E","R","B",null,"M","M","?","M","?","R","M","M","T","$","M","$","M","M","R","B",null],"character_chosen":"THE_SILENT","items_purchased":["Grand Finale","Bag of Preparation","Poison Potion","Bronze Scales","Bottled Lightning"],"campfire_rested":6,"item_purchase_floors":[11,21,21,46,46],"current_hp_per_floor":[69,55,55,55,55,52,40,40,40,61,61,57,57,55,70,70,70,68,61,44,44,32,53,50,70,80,80,71,61,59,59,59,52,80,66,61,61,63,63,80,73,73,73,73,73,73,73,60,80,23],"gold":44,"neow_bonus":"BOSS_RELIC","is_prod":false,"is_daily":false,"chose_seed":false,"campfire_upgraded":3,"win_rate":0,"timestamp":1567409998,"path_taken":["M","?","?","?","?","M","M","$","T","R","$","M","R","M","R","BOSS","M","?","?","$","M","R","M","R","T","R","?","M","M","E","R","BOSS","M","M","?","?","?","R","M","M","T","?","?","$","M","M","R","BOSS"],"build_version":"2019-07-17","purchased_purges":3,"victory":true,"max_hp_per_floor":[70,70,70,70,70,70,70,70,70,70,70,70,70,70,70,70,70,70,70,70,70,70,70,70,70,80,80,80,80,80,80,80,80,80,80,80,80,80,80,80,80,80,80,80,80,80,80,80,80,80],"card_choices":[{"not_picked":["Bane","Skewer"],"picked":"Deadly Poison","floor":1},{"not_picked":["Masterful Stab","Blade Dance","Predator"],"picked":"SKIP","floor":4},{"not_picked":["Dagger Spray","Backflip"],"picked":"Bouncing Flask","floor":6},{"not_picked":["Poisoned Stab","Outmaneuver","Bane"],"picked":"SKIP","floor":7},{"not_picked":["Underhanded Strike","Backflip"],"picked":"All Out Attack","floor":10},{"not_picked":["Outmaneuver","Acrobatics","Footwork"],"picked":"SKIP","floor":12},{"not_picked":["PiercingWail","Bane","Well Laid Plans"],"picked":"SKIP","floor":14},{"not_picked":["Outmaneuver","Dagger Spray"],"picked":"Crippling Poison","floor":15},{"not_picked":["Flying Knee","Quick Slash","Infinite Blades"],"picked":"SKIP","floor":18},{"not_picked":["Underhanded Strike","Bane+1","Outmaneuver+1"],"picked":"SKIP","floor":20},{"not_picked":["Eviscerate","Cloak And Dagger","Prepared+1"],"picked":"SKIP","floor":22},{"not_picked":["Backflip","Flying Knee","Choke"],"picked":"SKIP","floor":24},{"not_picked":["Noxious Fumes","Slice"],"picked":"Bullet Time","floor":28},{"not_picked":["Flechettes","Reflex"],"picked":"Deadly Poison","floor":29},{"not_picked":["Deflect","PiercingWail"],"picked":"Catalyst","floor":30},{"not_picked":["Quick Slash","Noxious Fumes","Tools of the Trade"],"picked":"SKIP","floor":31},{"not_picked":["Glass Knife","After Image"],"picked":"Bullet Time","floor":33},{"not_picked":["Reflex+1","Outmaneuver+1","Slice"],"picked":"SKIP","floor":35},{"not_picked":["Backflip","Dodge and Roll","Distraction+1"],"picked":"SKIP","floor":36},{"not_picked":["Cloak And Dagger","Escape Plan","PiercingWail+1"],"picked":"SKIP","floor":38},{"not_picked":["PiercingWail","Finisher"],"picked":"Bouncing Flask+1","floor":40},{"not_picked":["Quick Slash","Sucker Punch","Dodge and Roll"],"picked":"SKIP","floor":41},{"not_picked":["Predator","Calculated Gamble","Backflip"],"picked":"SKIP","floor":42},{"not_picked":["Eviscerate","Deadly Poison","Well Laid Plans+1"],"picked":"SKIP","floor":45},{"not_picked":["All Out Attack","Outmaneuver+1","Acrobatics+1"],"picked":"SKIP","floor":47},{"not_picked":["Reflex","Dagger Throw+1"],"picked":"Wraith Form v2","floor":48}],"player_experience":127644,"relics_obtained":[{"floor":5,"key":"The Courier"},{"floor":9,"key":"Dream Catcher"},{"floor":26,"key":"Pear"},{"floor":31,"key":"Smiling Mask"},{"floor":43,"key":"Mummified Hand"}],"event_choices":[{"damage_healed":0,"gold_gain":0,"player_choice":"Entered Light","damage_taken":14,"max_hp_gain":0,"max_hp_loss":0,"event_name":"Shining Light","floor":2,"gold_loss":0,"cards_upgraded":["Survivor","Defend_G"]},{"cards_removed":["Deadly Poison"],"damage_healed":0,"gold_gain":0,"player_choice":"Gave Card","damage_taken":0,"relics_obtained":["Snake Skull"],"max_hp_gain":0,"max_hp_loss":0,"event_name":"WeMeetAgain","floor":3,"gold_loss":0},{"damage_healed":0,"gold_gain":75,"player_choice":"Touch","damage_taken":7,"max_hp_gain":0,"max_hp_loss":0,"event_name":"FaceTrader","floor":19,"gold_loss":0},{"damage_healed":0,"gold_gain":0,"player_choice":"Ignored","damage_taken":0,"max_hp_gain":0,"max_hp_loss":0,"event_name":"NoteForYourself","floor":37,"gold_loss":0},{"cards_removed":["Strike_G"],"damage_healed":0,"gold_gain":0,"player_choice":"Purged","damage_taken":0,"max_hp_gain":0,"max_hp_loss":0,"event_name":"Purifier","floor":39,"gold_loss":0}],"is_beta":false,"boss_relics":[{"not_picked":["Eternal Feather","Snecko Eye"],"picked":"Empty Cage"},{"not_picked":["Philosopher\u0027s Stone","Cursed Key"],"picked":"Sozu"}],"items_purged_floors":[8,44,46],"is_endless":false,"potions_floor_spawned":[6,7,12,18,22,30,33,35,38,41,47],"ascension_level":0}