{"gold_per_floor":[117,117,117,67,77,77,112,112,112,130,58,58,84,102,102,102],"floor_reached":16,"playtime":911,"items_purged":[],"score":173,"play_id":"16b48a32-cb58-470c-a754-85898afb1edf","local_time":"20190825001410","is_ascension_mode":true,"campfire_choices":[{"data":"Whirlwind","floor":6.0,"key":"SMITH"},{"floor":8.0,"key":"REST"},{"data":"Shrug It Off","floor":12.0,"key":"SMITH"},{"data":"Pommel Strike","floor":15.0,"key":"SMITH"}],"neow_cost":"NONE","seed_source_timestamp":941217719808377,"circlet_count":0,"master_deck":["AscendersBane","Strike_R","Strike_R+1","Strike_R","Strike_R","Defend_R","Defend_R","Defend_R+1","Bash+1","Whirlwind+1","Shrug It Off+1","Ghostly Armor","Pommel Strike+1"],"special_seed":0,"relics":["Burning Blood","Meat on the Bone","Unceasing Top","Ancient Tea Set"],"potions_floor_usage":[16],"damage_taken":[{"damage":5.0,"enemies":"Small Slimes","floor":1.0,"turns":4.0},{"damage":3.0,"enemies":"2 Louse","floor":5.0,"turns":3.0},{"damage":27.0,"enemies":"Lagavulin","floor":7.0,"turns":5.0},{"damage":4.0,"enemies":"Jaw Worm","floor":10.0,"turns":2.0},{"damage":20.0,"enemies":"3 Sentries","floor":13.0,"turns":3.0},{"damage":2.0,"enemies":"Blue Slaver","floor":14.0,"turns":3.0},{"damage":61,"enemies":"Hexaghost","floor":16,"turns":13}],"seed_played":"5352477167016997947","potions_obtained":[{"floor":1.0,"key":"FearPotion"},{"floor":13.0,"key":"PowerPotion"}],"is_trial":false,"path_per_floor":["M","?","?","?","M","R","E","R","T","M","$","R","E","M","R","B"],"character_chosen":"IRONCLAD","items_purchased":["Ghostly Armor"],"campfire_rested":1,"item_purchase_floors":[11],"current_hp_per_floor":[73,57,50,50,53,53,32,56,56,58,58,58,56,60,60,0],"gold":102,"neow_bonus":"UPGRADE_CARD","is_prod":false,"is_daily":false,"chose_seed":false,"campfire_upgraded":3,"win_rate":0,"timestamp":1566710050,"path_taken":["M","?","?","?","?","R","E","R","T","M","$","R","E","M","R","BOSS"],"build_version":"2019-07-17","purchased_purges":0,"victory":false,"max_hp_per_floor":[80,80,80,80,80,80,80,80,80,80,80,80,80,80,80,80],"card_choices":[{"not_picked":["Uppercut","Flex","Sword Boomerang"],"picked":"SKIP","floor":1.0},{"not_picked":["Blood for Blood","Shrug It Off"],"picked":"Whirlwind","floor":5.0},{"not_picked":["Immolate","Sword Boomerang","Corruption"],"picked":"SKIP","floor":7.0},{"not_picked":["Pommel Strike","Rampage"],"picked":"Shrug It Off","floor":10.0},{"not_picked":["Hemokinesis","Warcry","Blood for Blood"],"picked":"SKIP","floor":13.0},{"not_picked":["Flex","Cleave"],"picked":"Pommel Strike","floor":14.0}],"player_experience":866247,"relics_obtained":[{"floor":7.0,"key":"Meat on the Bone"},{"floor":9.0,"key":"Unceasing Top"},{"floor":13.0,"key":"Ancient Tea Set"}],"event_choices":[{"damage_healed":0.0,"max_hp_gain":0.0,"max_hp_loss":0.0,"gold_gain":0.0,"event_name":"Shining Light","player_choice":"Entered Light","floor":2.0,"gold_loss":0.0,"damage_taken":16.0,"cards_upgraded":["Strike_R","Defend_R"]},{"cards_removed":["Strike_R"],"damage_healed":0.0,"max_hp_gain":0.0,"max_hp_loss":0.0,"gold_gain":0.0,"event_name":"Golden Wing","player_choice":"Card Removal","floor":3.0,"gold_loss":0.0,"damage_taken":7.0},{"cards_removed":["Defend_R"],"damage_healed":0.0,"max_hp_gain":0.0,"max_hp_loss":0.0,"gold_gain":0.0,"event_name":"The Cleric","player_choice":"Card Removal","floor":4.0,"gold_loss":50.0,"damage_taken":0.0}],"is_beta":false,"boss_relics":[],"items_purged_floors":[],"is_endless":false,"potions_floor_spawned":[1,13],"killed_by":"Hexaghost","ascension_level":12}