{"gold_per_floor":[114,114,126,27,27,27,38,38,63,77,77,95,16,16,16,89,89,100,111,111,61,74,106,118,118,145,145,1,1,13,29,29,106,106,116,116,16,36,47,47],"floor_reached":40,"playtime":4837,"items_purged":["Strike_B","Defend_B"],"score":697,"play_id":"8dbf6fa8-2197-413a-a4fb-3661fde6912e","local_time":"20190831181358","is_ascension_mode":true,"campfire_choices":[{"data":"Sunder","floor":6.0,"key":"SMITH"},{"data":"Electrodynamics","floor":11.0,"key":"SMITH"},{"floor":15.0,"key":"REST"},{"floor":27.0,"key":"REST"},{"floor":32.0,"key":"REST"}],"neow_cost":"NONE","seed_source_timestamp":1241108418007116,"circlet_count":0,"master_deck":["AscendersBane","Strike_B+1","Strike_B+1","Defend_B+1","Defend_B+1","Zap","Dualcast","Ball Lightning","Go for the Eyes","Sunder+1","Electrodynamics+1","Genetic Algorithm","Capacitor","Echo Form+1","Self Repair","Coolheaded","Ghostly","Ghostly","Ghostly","Static Discharge","Leap","Defragment","Reinforced Body","Hologram","Amplify","Static Discharge+1","Trip"],"special_seed":0,"relics":["Cracked Core","Whetstone","Bag of Preparation","Fusion Hammer","Pantograph","Boot","Cursed Key"],"potions_floor_usage":[39],"damage_taken":[{"damage":4.0,"enemies":"Jaw Worm","floor":1.0,"turns":4.0},{"damage":0.0,"enemies":"Small Slimes","floor":3.0,"turns":2.0},{"damage":0.0,"enemies":"2 Louse","floor":7.0,"turns":1.0},{"damage":1.0,"enemies":"Blue Slaver","floor":10.0,"turns":2.0},{"damage":0.0,"enemies":"Looter","floor":12.0,"turns":2.0},{"damage":42.0,"enemies":"Hexaghost","floor":16.0,"turns":8.0},{"damage":6.0,"enemies":"Spheric Guardian","floor":18.0,"turns":4.0},{"damage":5.0,"enemies":"Chosen","floor":19.0,"turns":4.0},{"damage":10.0,"enemies":"3 Cultists","floor":22.0,"turns":4.0},{"damage":14.0,"enemies":"Slavers","floor":23.0,"turns":4.0},{"damage":4.0,"enemies":"Centurion and Healer","floor":24.0,"turns":6.0},{"damage":3.0,"enemies":"Snake Plant","floor":30.0,"turns":4.0},{"damage":0.0,"enemies":"3 Cultists","floor":31.0,"turns":2.0},{"damage":31.0,"enemies":"Collector","floor":33.0,"turns":10.0},{"damage":6.0,"enemies":"3 Shapes","floor":35.0,"turns":3.0},{"damage":2.0,"enemies":"3 Darklings","floor":38.0,"turns":4.0},{"damage":10,"enemies":"Maw","floor":39,"turns":7},{"damage":21,"enemies":"Giant Head","floor":40,"turns":6}],"seed_played":"5052378196211708732","potions_obtained":[{"floor":1.0,"key":"EntropicBrew"},{"floor":7.0,"key":"FearPotion"},{"floor":22.0,"key":"Explosive Potion"},{"floor":23.0,"key":"EssenceOfSteel"},{"floor":30.0,"key":"Explosive Potion"},{"floor":31.0,"key":"PowerPotion"},{"floor":38.0,"key":"PowerPotion"}],"is_trial":false,"path_per_floor":["M","?","M","$","?","R","M","?","T","M","R","M","$","$","R","B",null,"M","M","?","?","M","E","M","$","T","R","$","?","M","M","R","B",null,"M","?","$","M","M","E"],"character_chosen":"DEFECT","items_purchased":["Go for the Eyes","Capacitor","Defragment","Reinforced Body"],"campfire_rested":3,"item_purchase_floors":[4,13,28,28],"current_hp_per_floor":[60,65,65,65,65,65,65,42,42,41,41,41,41,41,63,21,62,56,51,38,38,28,14,17,17,17,28,28,28,32,32,38,14,32,26,26,26,24,21,0],"gold":47,"neow_bonus":"RANDOM_COMMON_RELIC","is_prod":false,"is_daily":false,"chose_seed":false,"campfire_upgraded":2,"win_rate":0,"timestamp":1567293238,"path_taken":["M","?","M","$","?","R","M","?","T","M","R","M","?","$","R","BOSS","M","M","?","?","?","E","M","$","T","R","$","?","M","M","R","BOSS","M","?","$","M","M","E"],"build_version":"2019-07-17","purchased_purges":2,"victory":false,"max_hp_per_floor":[71,76,76,76,76,76,76,76,76,76,76,76,76,76,76,76,76,76,76,38,38,38,38,38,38,38,38,38,38,38,38,38,38,38,38,38,38,38,38,38],"card_choices":[{"not_picked":["Lockon","Turbo"],"picked":"Ball Lightning","floor":1.0},{"not_picked":["Redo","Storm","Force Field"],"picked":"SKIP","floor":3.0},{"not_picked":["Redo","Loop"],"picked":"Electrodynamics","floor":7.0},{"not_picked":["Skim","Beam Cell","Aggregate"],"picked":"SKIP","floor":10.0},{"not_picked":["Conserve Battery","Cold Snap"],"picked":"Genetic Algorithm","floor":12.0},{"not_picked":["All For One","Meteor Strike"],"picked":"Echo Form","floor":16.0},{"not_picked":["Heatsinks","Steam Power"],"picked":"Self Repair","floor":18.0},{"not_picked":["Force Field","Streamline"],"picked":"Coolheaded","floor":19.0},{"not_picked":["Compile Driver","Hologram"],"picked":"Static Discharge","floor":22.0},{"not_picked":["Sweeping Beam","Aggregate"],"picked":"Leap","floor":23.0},{"not_picked":["Static Discharge","Conserve Battery","FTL"],"picked":"SKIP","floor":24.0},{"not_picked":["Conserve Battery","Steam Power"],"picked":"Hologram","floor":30.0},{"not_picked":["Recycle+1","Compile Driver","Hello World"],"picked":"SKIP","floor":31.0},{"not_picked":["Reboot","Echo Form"],"picked":"Amplify","floor":33.0},{"not_picked":["Double Energy","Cold Snap"],"picked":"Static Discharge+1","floor":35.0},{"not_picked":["Metamorphosis","Purity"],"picked":"Trip","floor":36.0},{"not_picked":["Compile Driver","Darkness+1","Barrage+1"],"picked":"SKIP","floor":38.0},{"not_picked":["Sweeping Beam","Ball Lightning","Conserve Battery"],"picked":"SKIP","floor":39}],"player_experience":1016283,"relics_obtained":[{"floor":9.0,"key":"Bag of Preparation"},{"floor":23.0,"key":"Pantograph"},{"floor":26.0,"key":"Boot"}],"event_choices":[{"damage_healed":0.0,"max_hp_gain":5.0,"max_hp_loss":0.0,"gold_gain":0.0,"event_name":"Big Fish","player_choice":"Donut","floor":2.0,"gold_loss":0.0,"damage_taken":0.0},{"damage_healed":0.0,"max_hp_gain":0.0,"max_hp_loss":0.0,"gold_gain":0.0,"cards_transformed":["Strike_B"],"event_name":"Living Wall","player_choice":"Change","floor":5.0,"gold_loss":0.0,"damage_taken":0.0,"cards_obtained":["Sunder"]},{"damage_healed":0.0,"max_hp_gain":0.0,"max_hp_loss":0.0,"gold_gain":0.0,"event_name":"Shining Light","player_choice":"Entered Light","floor":8.0,"gold_loss":0.0,"damage_taken":23.0,"cards_upgraded":["Defend_B","Defend_B"]},{"damage_healed":0.0,"max_hp_gain":0.0,"max_hp_loss":38.0,"gold_gain":0.0,"event_name":"Ghosts","player_choice":"Became a Ghost","floor":20.0,"gold_loss":0.0,"damage_taken":0.0,"cards_obtained":["Ghostly","Ghostly","Ghostly"]},{"damage_healed":0.0,"max_hp_gain":0.0,"max_hp_loss":0.0,"gold_gain":0.0,"event_name":"Designer","player_choice":"Upgrade","floor":21.0,"gold_loss":50.0,"damage_taken":0.0,"cards_upgraded":["Echo Form"]},{"cards_removed":["Defend_B"],"damage_healed":0.0,"max_hp_gain":0.0,"max_hp_loss":0.0,"gold_gain":0.0,"event_name":"Back to Basics","player_choice":"Elegance","floor":29.0,"gold_loss":0.0,"damage_taken":0.0},{"damage_healed":0.0,"max_hp_gain":0.0,"max_hp_loss":0.0,"gold_gain":0.0,"event_name":"SensoryStone","player_choice":"Memory 1","floor":36.0,"gold_loss":0.0,"damage_taken":0.0}],"is_beta":false,"boss_relics":[{"not_picked":["Tiny House","Velvet Choker"],"picked":"Fusion Hammer"},{"not_picked":["Sozu","Runic Dome"],"picked":"Cursed Key"}],"items_purged_floors":[4,37],"is_endless":false,"potions_floor_spawned":[1,7,22,23,30,31,38],"killed_by":"Giant Head","ascension_level":15}