{"gold_per_floor":[119,131,131,56,56,56,68,85,85,50,50,125,137,152,152,152],"floor_reached":16,"playtime":415,"items_purged":["Defend_G"],"score":234,"play_id":"0326f215-3afa-4573-b847-b0fd1f60ef26","local_time":"20190824000243","is_ascension_mode":true,"campfire_choices":[{"data":"Neutralize","floor":6.0,"key":"SMITH"},{"floor":15,"key":"REST"}],"neow_cost":"NONE","seed_source_timestamp":891194320980004,"circlet_count":0,"master_deck":["AscendersBane","Strike_G","Strike_G","Strike_G","Strike_G","Strike_G","Defend_G+1","Defend_G","Defend_G","Defend_G+1","Survivor","Neutralize+1","Escape Plan","Backflip","Dagger Spray","Dash+1","Slice+1"],"special_seed":0,"relics":["Eternal Feather","Molten Egg 2","Bottled Flame"],"potions_floor_usage":[13],"damage_taken":[{"damage":0.0,"enemies":"Cultist","floor":1.0,"turns":4.0},{"damage":14.0,"enemies":"2 Louse","floor":2.0,"turns":3.0},{"damage":6.0,"enemies":"Small Slimes","floor":7.0,"turns":4.0},{"damage":7.0,"enemies":"Blue Slaver","floor":8.0,"turns":4.0},{"damage":0,"enemies":"3 Louse","floor":13,"turns":2},{"damage":0,"enemies":"Looter","floor":14,"turns":3},{"damage":0,"enemies":"Slime Boss","floor":16,"turns":1}],"seed_played":"-430450044025165387","potions_obtained":[{"floor":1.0,"key":"GamblersBrew"},{"floor":8.0,"key":"Regen Potion"}],"is_trial":false,"path_per_floor":["M","M","?","$","?","R","M","M","T","$","T","?","M","M","R","B"],"character_chosen":"THE_SILENT","items_purchased":["Dash+1"],"campfire_rested":1,"item_purchase_floors":[10],"current_hp_per_floor":[63,49,35,35,35,41,35,28,28,28,28,17,22,22,52,52],"gold":152,"neow_bonus":"BOSS_RELIC","is_prod":false,"is_daily":false,"chose_seed":false,"campfire_upgraded":1,"win_rate":0,"timestamp":1566622963,"path_taken":["M","?","?","$","?","R","M","M","T","$","?","?","M","M","R","BOSS"],"build_version":"2019-07-17","purchased_purges":1,"victory":false,"max_hp_per_floor":[70,70,70,70,70,70,70,70,70,70,70,70,70,70,70,70],"card_choices":[{"not_picked":["Outmaneuver","Poisoned Stab"],"picked":"Escape Plan","floor":1.0},{"not_picked":["PiercingWail","Deadly Poison","Dodge and Roll"],"picked":"SKIP","floor":2.0},{"not_picked":["Outmaneuver","PiercingWail"],"picked":"Backflip","floor":7.0},{"not_picked":["Poisoned Stab","Caltrops"],"picked":"Dagger Spray","floor":8.0},{"not_picked":["Flying Knee+1","Night Terror"],"picked":"Slice+1","floor":13},{"not_picked":["Dodge and Roll","Leg Sweep","Blade Dance"],"picked":"SKIP","floor":14}],"player_experience":826247,"relics_obtained":[{"floor":9.0,"key":"Molten Egg 2"},{"floor":11,"key":"Bottled Flame"}],"event_choices":[{"damage_healed":0.0,"max_hp_gain":0.0,"max_hp_loss":0.0,"gold_gain":0.0,"event_name":"Shining Light","player_choice":"Entered Light","floor":3.0,"gold_loss":0.0,"damage_taken":14.0,"cards_upgraded":["Defend_G","Defend_G"]},{"damage_healed":0.0,"max_hp_gain":0.0,"max_hp_loss":0.0,"gold_gain":0.0,"event_name":"Liars Game","player_choice":"Ignored","floor":5.0,"gold_loss":0.0,"damage_taken":0.0},{"damage_healed":0,"gold_gain":75,"player_choice":"Gather Gold","damage_taken":11,"max_hp_gain":0,"max_hp_loss":0,"event_name":"World of Goop","floor":12,"gold_loss":0}],"is_beta":false,"boss_relics":[],"items_purged_floors":[4],"is_endless":false,"potions_floor_spawned":[1,8],"killed_by":"Slime Boss","ascension_level":13}