{"gold_per_floor":[119,119,139,158,158,158,158,158,158,158,173,189,205,205,205,205],"floor_reached":16,"playtime":738,"items_purged":[],"score":161,"play_id":"cd6f7f42-b058-4384-ba02-ec7fdfb4fc70","local_time":"20190827135641","is_ascension_mode":true,"campfire_choices":[{"data":"A Thousand Cuts","floor":6.0,"key":"SMITH"},{"data":"Neutralize","floor":8.0,"key":"SMITH"},{"data":"Strike_G","floor":10.0,"key":"SMITH"},{"floor":15,"key":"REST"}],"neow_cost":"NONE","seed_source_timestamp":1048032666503307,"circlet_count":0,"master_deck":["AscendersBane","Strike_G","Strike_G+1","Strike_G+1","Strike_G","Strike_G+1","Defend_G","Defend_G","Defend_G","Defend_G","Defend_G","Survivor","Neutralize+1","A Thousand Cuts+1","Blur","Neutralize","A Thousand Cuts"],"special_seed":0,"relics":["Ring of the Snake","Kunai"],"potions_floor_usage":[16,16],"damage_taken":[{"damage":7.0,"enemies":"2 Louse","floor":1.0,"turns":3.0},{"damage":0.0,"enemies":"Small Slimes","floor":3.0,"turns":3.0},{"damage":3.0,"enemies":"Cultist","floor":4.0,"turns":4.0},{"damage":10.0,"enemies":"Large Slime","floor":11.0,"turns":6.0},{"damage":6.0,"enemies":"3 Louse","floor":12.0,"turns":4.0},{"damage":10.0,"enemies":"Gremlin Gang","floor":13.0,"turns":4.0},{"damage":48,"enemies":"Hexaghost","floor":16,"turns":12}],"seed_played":"-5971757869271276745","potions_obtained":[{"floor":1.0,"key":"Poison Potion"},{"floor":13.0,"key":"Weak Potion"}],"is_trial":false,"path_per_floor":["M","?","M","M","?","R","?","R","T","R","M","M","M","?","R","B"],"character_chosen":"THE_SILENT","items_purchased":[],"campfire_rested":1,"item_purchase_floors":[],"current_hp_per_floor":[52,32,32,29,51,51,51,51,51,51,41,35,25,25,44,0],"gold":205,"neow_bonus":"ONE_RANDOM_RARE_CARD","is_prod":false,"is_daily":false,"chose_seed":false,"campfire_upgraded":3,"win_rate":0,"timestamp":1566932201,"path_taken":["M","?","M","M","?","R","?","R","T","R","M","M","M","?","R","BOSS"],"build_version":"2019-07-17","purchased_purges":0,"victory":false,"max_hp_per_floor":[66,66,66,66,66,66,66,66,66,66,66,66,66,66,66,66],"card_choices":[{"not_picked":["Eviscerate","Dagger Throw","Underhanded Strike"],"picked":"SKIP","floor":1.0},{"not_picked":["Deadly Poison","Accuracy","Sucker Punch"],"picked":"SKIP","floor":3.0},{"not_picked":["Poisoned Stab","Outmaneuver","Caltrops"],"picked":"SKIP","floor":4.0},{"not_picked":["Deadly Poison","All Out Attack","Bane"],"picked":"SKIP","floor":11.0},{"not_picked":["Bane","Underhanded Strike","Deadly Poison"],"picked":"SKIP","floor":12.0},{"not_picked":["Outmaneuver","Deadly Poison","Eviscerate"],"picked":"SKIP","floor":13.0}],"player_experience":920634,"relics_obtained":[{"floor":9.0,"key":"Kunai"}],"event_choices":[{"damage_healed":0.0,"max_hp_gain":0.0,"max_hp_loss":0.0,"gold_gain":0.0,"event_name":"Shining Light","player_choice":"Entered Light","floor":2.0,"gold_loss":0.0,"damage_taken":20.0,"cards_upgraded":["Strike_G","Strike_G"]},{"damage_healed":22.0,"max_hp_gain":0.0,"max_hp_loss":0.0,"gold_gain":0.0,"event_name":"Big Fish","player_choice":"Banana","floor":5.0,"gold_loss":0.0,"damage_taken":0.0},{"damage_healed":0.0,"max_hp_gain":0.0,"max_hp_loss":0.0,"gold_gain":0.0,"event_name":"Dead Adventurer","player_choice":"Searched \u00271\u0027 times","floor":7.0,"gold_loss":0.0,"damage_taken":0.0},{"damage_healed":0,"gold_gain":0,"player_choice":"3 cards matched","damage_taken":0,"max_hp_gain":0,"max_hp_loss":0,"event_name":"Match and Keep!","floor":14,"gold_loss":0,"cards_obtained":["Blur","Neutralize","A Thousand Cuts"]}],"is_beta":false,"boss_relics":[],"items_purged_floors":[],"is_endless":false,"potions_floor_spawned":[1,13],"killed_by":"Hexaghost","ascension_level":15}