{"gold_per_floor":[366,366,380,343,343,372,372,382,456,468,62,75,75,103,103,206,206,226,243,256,176,186,217,217,236,236,265,265,265,299,314,314,419,419,433,210,226,226,281,307,307,333,381,398,398,429,429,447,447,447],"floor_reached":51,"playtime":5680,"items_purged":["Strike_R","Strike_R"],"score":1320,"play_id":"fe57431d-9363-4b43-b3ce-02eb1590a972","local_time":"20190118133921","is_ascension_mode":true,"campfire_choices":[{"floor":7.0,"key":"REST"},{"data":"Inflame","floor":13.0,"key":"SMITH"},{"data":"Inflame","floor":15.0,"key":"SMITH"},{"data":"Uppercut","floor":24,"key":"SMITH"},{"data":"Flex","floor":29,"key":"SMITH"},{"data":"Ghostly","floor":32,"key":"SMITH"},{"floor":41,"key":"DIG"},{"floor":45,"key":"DIG"},{"data":"Ghostly","floor":47,"key":"SMITH"},{"data":"Ghostly","floor":49,"key":"SMITH"}],"neow_cost":"TEN_PERCENT_HP_LOSS","seed_source_timestamp":0,"circlet_count":0,"master_deck":["AscendersBane","Strike_R","Strike_R","Defend_R","Defend_R","Bash","Flex+1","Twin Strike","Uppercut+1","Inflame+1","Inflame+1","Pommel Strike+1","Uppercut+1","Iron Wave+1","Thunderclap+1","Reaper+1","Twin Strike+1","Clothesline+1","Whirlwind+1","Immolate+1","Iron Wave+1","Pommel Strike+1","Perfected Strike+1","Ghostly+1","Ghostly+1","Ghostly+1","Ghostly","Ghostly","Battle Trance","Impervious","Brutality+1","Reaper+1","Body Slam+1","True Grit+1","Headbutt+1","Shrug It Off+1","Shrug It Off+1","Rupture+1","Warcry+1","Carnage+1"],"special_seed":0,"relics":["Burning Blood","Happy Flower","Question Card","Molten Egg 2","FossilizedHelix","Sozu","Smiling Mask","Nunchaku","Dodecahedron","Bottled Lightning","Anchor","Astrolabe","Strawberry","Shovel","Bottled Flame","Ancient Tea Set","Mercury Hourglass","Dream Catcher","Red Skull","Pantograph"],"potions_floor_usage":[27],"damage_taken":[{"damage":3.0,"enemies":"Jaw Worm","floor":1.0,"turns":5.0},{"damage":5.0,"enemies":"Small Slimes","floor":3.0,"turns":4.0},{"damage":55.0,"enemies":"3 Sentries","floor":6.0,"turns":13.0},{"damage":0.0,"enemies":"Cultist","floor":8.0,"turns":2.0},{"damage":16.0,"enemies":"Blue Slaver","floor":10.0,"turns":3.0},{"damage":0.0,"enemies":"2 Fungi Beasts","floor":12.0,"turns":2.0},{"damage":10.0,"enemies":"Gremlin Nob","floor":14.0,"turns":3.0},{"damage":0.0,"enemies":"Slime Boss","floor":16.0,"turns":8.0},{"damage":0,"enemies":"Chosen","floor":18,"turns":3},{"damage":2,"enemies":"3 Byrds","floor":19,"turns":5},{"damage":2,"enemies":"Snecko","floor":20,"turns":4},{"damage":10,"enemies":"Cultist and Chosen","floor":22,"turns":4},{"damage":29,"enemies":"Slavers","floor":23,"turns":3},{"damage":0,"enemies":"Centurion and Healer","floor":25,"turns":2},{"damage":18,"enemies":"Book of Stabbing","floor":27,"turns":4},{"damage":34,"enemies":"Slavers","floor":30,"turns":5},{"damage":1,"enemies":"Shelled Parasite and Fungi","floor":31,"turns":4},{"damage":3,"enemies":"Champ","floor":33,"turns":9},{"damage":2,"enemies":"Orb Walker","floor":35,"turns":3},{"damage":14,"enemies":"3 Shapes","floor":37,"turns":5},{"damage":25,"enemies":"2 Orb Walkers","floor":39,"turns":5},{"damage":13,"enemies":"Reptomancer","floor":40,"turns":5},{"damage":3,"enemies":"Nemesis","floor":42,"turns":5},{"damage":3,"enemies":"Transient","floor":44,"turns":5},{"damage":39,"enemies":"Giant Head","floor":46,"turns":7},{"damage":4,"enemies":"4 Shapes","floor":48,"turns":4},{"damage":45,"enemies":"Time Eater","floor":50,"turns":8}],"seed_played":"-7231901479814658815","potions_obtained":[{"floor":3.0,"key":"Ancient Potion"},{"floor":10.0,"key":"Energy Potion"},{"floor":14.0,"key":"FairyPotion"},{"floor":16.0,"key":"Block Potion"}],"is_trial":false,"path_per_floor":["M","?","M","$","?","E","R","M","T","M","$","M","R","E","R","B",null,"M","M","M","?","M","E","R","M","T","E","?","R","E","M","R","B",null,"M","$","M","?","?","E","R","E","T","M","R","E","R","M","R","B",null],"character_chosen":"IRONCLAD","items_purchased":["Uppercut","Molten Egg 2","Pommel Strike+1","Uppercut+1","Strawberry","Headbutt+1"],"campfire_rested":1,"item_purchase_floors":[4,11,11,11,36,36],"current_hp_per_floor":[72,65,66,66,66,17,38,44,44,34,34,40,40,36,36,42,65,72,72,72,72,68,59,59,65,65,60,36,36,29,36,36,36,36,36,43,35,35,41,41,41,41,41,41,41,39,39,41,41,7],"gold":447,"neow_bonus":"TWO_FIFTY_GOLD","is_prod":false,"is_daily":false,"chose_seed":false,"campfire_upgraded":7,"win_rate":0,"timestamp":1547840361,"path_taken":["M","?","M","$","?","E","R","M","T","M","$","M","R","E","R","BOSS","M","M","M","?","?","E","R","M","T","E","?","R","E","M","R","BOSS","M","$","M","?","?","E","R","E","T","M","R","E","R","M","R","BOSS"],"build_version":"2019-01-17v2","purchased_purges":2,"victory":true,"max_hp_per_floor":[72,72,72,72,72,72,72,72,72,72,72,72,72,72,72,72,72,72,72,72,72,72,72,72,72,72,72,36,36,36,36,36,36,36,36,43,43,41,41,41,41,41,41,41,41,41,41,41,41,41],"card_choices":[{"not_picked":["Wild Strike","Cleave"],"picked":"Flex","floor":1.0},{"not_picked":["Wild Strike","Warcry"],"picked":"Twin Strike","floor":3.0},{"not_picked":["True Grit","Flex"],"picked":"Inflame","floor":6.0},{"not_picked":["Iron Wave","Intimidate"],"picked":"Inflame","floor":8.0},{"not_picked":["Dropkick","Hemokinesis","Flex"],"picked":"Headbutt","floor":10.0},{"not_picked":["Immolate+1","Warcry","Heavy Blade+1"],"picked":"Iron Wave+1","floor":12.0},{"not_picked":["Juggernaut","Twin Strike+1","Dropkick+1"],"picked":"Thunderclap+1","floor":14.0},{"not_picked":["Double Tap","Offering","Demon Form"],"picked":"Reaper+1","floor":16.0},{"not_picked":["Clash+1","Wild Strike+1","Anger+1"],"picked":"Twin Strike+1","floor":18},{"not_picked":["Disarm","Thunderclap+1","Spot Weakness"],"picked":"Clothesline+1","floor":19},{"not_picked":["Thunderclap+1","Rupture","Havoc+1"],"picked":"Whirlwind+1","floor":20},{"not_picked":["Sentinel+1","Twin Strike+1","Wild Strike+1"],"picked":"Immolate+1","floor":22},{"not_picked":["Rupture","Uppercut+1","Headbutt+1"],"picked":"Iron Wave+1","floor":23},{"not_picked":["Heavy Blade+1","Clothesline+1","Sword Boomerang+1"],"picked":"Pommel Strike+1","floor":25},{"not_picked":["Clash+1","Juggernaut","Hemokinesis+1"],"picked":"Perfected Strike+1","floor":27},{"not_picked":["Havoc","Disarm+1","Anger+1"],"picked":"Battle Trance","floor":30},{"not_picked":["Headbutt+1","Corruption","Warcry","Sword Boomerang+1"],"picked":"SKIP","floor":31},{"not_picked":["Feed+1","Barricade","Exhume"],"picked":"Impervious","floor":33},{"not_picked":["Iron Wave+1","Body Slam+1","Sentinel"],"picked":"True Grit+1","floor":35},{"not_picked":["Iron Wave+1","Warcry+1","Sever Soul+1"],"picked":"Shrug It Off+1","floor":37},{"not_picked":["Pummel+1","Disarm+1","Warcry+1"],"picked":"Shrug It Off+1","floor":39},{"not_picked":["True Grit+1","Warcry","Seeing Red","Metallicize+1"],"picked":"SKIP","floor":40},{"not_picked":["Headbutt+1","Barricade","Clothesline+1"],"picked":"Rupture+1","floor":42},{"not_picked":["Shrug It Off","Sword Boomerang+1","Pommel Strike+1"],"picked":"Warcry+1","floor":44},{"not_picked":["Body Slam+1","Havoc+1","Power Through+1","Searing Blow+1"],"picked":"SKIP","floor":46},{"not_picked":["Thunderclap+1","Feed+1","Disarm"],"picked":"Carnage+1","floor":48}],"player_experience":721974,"relics_obtained":[{"floor":6.0,"key":"Happy Flower"},{"floor":9.0,"key":"Question Card"},{"floor":14.0,"key":"FossilizedHelix"},{"floor":23,"key":"Nunchaku"},{"floor":26,"key":"Dodecahedron"},{"floor":27,"key":"Bottled Lightning"},{"floor":30,"key":"Anchor"},{"floor":39,"key":"Shovel"},{"floor":40,"key":"Bottled Flame"},{"floor":41,"key":"Ancient Tea Set"},{"floor":42,"key":"Mercury Hourglass"},{"floor":43,"key":"Dream Catcher"},{"floor":45,"key":"Red Skull"},{"floor":46,"key":"Pantograph"}],"event_choices":[{"cards_removed":["Strike_R"],"damage_healed":0.0,"max_hp_gain":0.0,"max_hp_loss":0.0,"gold_gain":0.0,"event_name":"Golden Wing","player_choice":"Card Removal","floor":2.0,"gold_loss":0.0,"damage_taken":7.0},{"damage_healed":0.0,"max_hp_gain":0.0,"max_hp_loss":0.0,"gold_gain":0.0,"event_name":"Liars Game","player_choice":"Ignored","floor":5.0,"gold_loss":0.0,"damage_taken":0.0},{"damage_healed":0,"gold_gain":0,"player_choice":"Paid Gold","damage_taken":0,"relics_obtained":["Smiling Mask"],"max_hp_gain":0,"max_hp_loss":0,"event_name":"WeMeetAgain","floor":21,"gold_loss":80},{"damage_healed":0,"gold_gain":0,"player_choice":"Became a Ghost","damage_taken":0,"max_hp_gain":0,"max_hp_loss":36,"event_name":"Ghosts","floor":28,"gold_loss":0,"cards_obtained":["Ghostly","Ghostly","Ghostly","Ghostly","Ghostly"]},{"damage_healed":0,"gold_gain":0,"player_choice":"Max HP","damage_taken":0,"max_hp_gain":0,"max_hp_loss":2,"event_name":"Winding Halls","floor":38,"gold_loss":0},{"damage_healed":0,"gold_gain":0,"player_choice":"Fight","damage_taken":0,"max_hp_gain":0,"max_hp_loss":0,"event_name":"Mysterious Sphere","floor":39,"gold_loss":0}],"is_beta":false,"boss_relics":[{"not_picked":["Runic Pyramid","Ectoplasm"],"picked":"Sozu"},{"not_picked":["Mark of Pain","Black Star"],"picked":"Astrolabe"}],"items_purged_floors":[11,36],"is_endless":false,"potions_floor_spawned":[3,10,14,16,20,22,23,30,35,39,42,46,48],"ascension_level":10}