{"gold_per_floor":[213,29,29,47,64,64,94,106,106,120,120,120,148,178,178,274,274,286,286,26,45,55,85,0,11,11,11,11,45,45,64,64,162,162,173,81,81,99,152,152,177,24,24,24,59,22,37,55,55,55],"floor_reached":51,"playtime":8817,"items_purged":["Defend_G","Bite"],"score":1230,"play_id":"23bd6f41-3969-4dda-9c87-765fc662aafe","local_time":"20190823210607","is_ascension_mode":true,"campfire_choices":[{"data":"Neutralize","floor":6.0,"key":"SMITH"},{"data":"Cloak And Dagger","floor":11.0,"key":"SMITH"},{"data":"Cloak And Dagger","floor":15.0,"key":"SMITH"},{"data":"Accuracy","floor":27.0,"key":"SMITH"},{"data":"Adrenaline","floor":32.0,"key":"SMITH"},{"data":"Backflip","floor":40.0,"key":"SMITH"},{"data":"Infinite Blades","floor":44.0,"key":"SMITH"},{"data":"Accuracy","floor":49,"key":"SMITH"}],"neow_cost":"NONE","seed_source_timestamp":874771870120568,"circlet_count":0,"master_deck":["AscendersBane","Defend_G","Defend_G","Survivor","Neutralize+1","Slice","Backflip+1","Cloak And Dagger+1","Backflip","After Image","Endless Agony","Cloak And Dagger+1","Adrenaline+1","Deflect","Bite","Bite","Bite","Bite","Accuracy+1","Quick Slash+1","Escape Plan","Well Laid Plans+1","Cloak And Dagger+1","Acrobatics+1","Phantasmal Killer+1","Infinite Blades+1","Slice","Leg Sweep+1","Blade Dance+1","Backflip+1","Concentrate+1","Accuracy+1"],"special_seed":0,"relics":["Ring of the Snake","Vajra","Turnip","Gremlin Horn","Bottled Tornado","Tiny Chest","White Beast Statue","Bag of Preparation","Toxic Egg 2","Strawberry","Du-Vu Doll","Anchor","WristBlade","Tough Bandages","The Specimen","Ninja Scroll","Regal Pillow"],"potions_floor_usage":[47,48,50,50],"damage_taken":[{"damage":0.0,"enemies":"Small Slimes","floor":1.0,"turns":4.0},{"damage":1.0,"enemies":"2 Louse","floor":4.0,"turns":3.0},{"damage":0.0,"enemies":"Jaw Worm","floor":5.0,"turns":4.0},{"damage":13.0,"enemies":"Gremlin Nob","floor":7.0,"turns":5.0},{"damage":0.0,"enemies":"Exordium Wildlife","floor":8.0,"turns":3.0},{"damage":0.0,"enemies":"2 Fungi Beasts","floor":10.0,"turns":3.0},{"damage":2.0,"enemies":"Lagavulin","floor":13.0,"turns":10.0},{"damage":25.0,"enemies":"The Guardian","floor":16.0,"turns":16.0},{"damage":0.0,"enemies":"Shell Parasite","floor":18.0,"turns":7.0},{"damage":0.0,"enemies":"Chosen","floor":21.0,"turns":4.0},{"damage":1.0,"enemies":"3 Cultists","floor":22.0,"turns":6.0},{"damage":11.0,"enemies":"Book of Stabbing","floor":23.0,"turns":6.0},{"damage":7.0,"enemies":"Snake Plant","floor":25.0,"turns":4.0},{"damage":0.0,"enemies":"Gremlin Leader","floor":29.0,"turns":4.0},{"damage":0.0,"enemies":"Sentry and Sphere","floor":31.0,"turns":3.0},{"damage":57.0,"enemies":"Automaton","floor":33.0,"turns":11.0},{"damage":3.0,"enemies":"Orb Walker","floor":35.0,"turns":2.0},{"damage":0.0,"enemies":"3 Shapes","floor":38.0,"turns":2.0},{"damage":2.0,"enemies":"2 Orb Walkers","floor":39.0,"turns":4.0},{"damage":0.0,"enemies":"Nemesis","floor":41.0,"turns":8.0},{"damage":13.0,"enemies":"Giant Head","floor":45.0,"turns":6.0},{"damage":0,"enemies":"Maw","floor":47,"turns":5},{"damage":0,"enemies":"4 Shapes","floor":48,"turns":3},{"damage":50,"enemies":"Awakened One","floor":50,"turns":13}],"seed_played":"9214844027633193395","potions_obtained":[{"floor":5.0,"key":"GamblersBrew"},{"floor":8.0,"key":"Regen Potion"},{"floor":13.0,"key":"PowerPotion"},{"floor":18.0,"key":"Weak Potion"},{"floor":21.0,"key":"Energy Potion"},{"floor":22.0,"key":"Poison Potion"},{"floor":23.0,"key":"Strength Potion"},{"floor":25.0,"key":"SteroidPotion"},{"floor":29.0,"key":"Fire Potion"},{"floor":31.0,"key":"SneckoOil"},{"floor":33.0,"key":"Poison Potion"},{"floor":35.0,"key":"Poison Potion"},{"floor":38.0,"key":"Weak Potion"},{"floor":39.0,"key":"SteroidPotion"},{"floor":41.0,"key":"Ancient Potion"},{"floor":45,"key":"Poison Potion"},{"floor":47,"key":"Strength Potion"},{"floor":48,"key":"Fruit Juice"}],"is_trial":false,"path_per_floor":["M","$","?","M","M","R","E","M","T","M","R","?","E","?","R","B",null,"M","?","$","M","M","E","?","M","T","R","?","E","?","M","R","B",null,"M","$","?","M","?","R","E","$","T","R","E","$","M","M","R","B",null],"character_chosen":"THE_SILENT","items_purchased":["Vajra","Backflip","Accuracy","Bag of Preparation","Infinite Blades","Slice","Backflip+1","Accuracy"],"campfire_rested":0,"item_purchase_floors":[2,2,20,20,36,36,42,46],"current_hp_per_floor":[63,63,56,55,55,55,42,42,42,42,42,47,60,57,57,32,64,64,52,52,52,52,44,51,50,50,50,50,58,48,56,56,19,53,54,54,54,54,54,54,64,64,64,64,51,51,59,63,63,27],"gold":55,"neow_bonus":"HUNDRED_GOLD","is_prod":false,"is_daily":false,"chose_seed":false,"campfire_upgraded":8,"win_rate":0,"timestamp":1566612367,"path_taken":["M","$","?","M","M","R","E","M","T","M","R","?","E","?","R","BOSS","M","?","$","M","M","E","?","M","T","R","?","E","?","M","R","BOSS","M","$","?","M","?","R","E","?","T","R","E","?","M","M","R","BOSS"],"build_version":"2019-07-17","purchased_purges":2,"victory":true,"max_hp_per_floor":[70,70,70,70,70,70,70,70,70,70,70,75,75,75,75,75,75,75,52,52,52,52,52,59,59,59,59,59,59,64,64,64,64,64,64,64,64,64,64,64,64,64,64,64,64,64,64,64,64,69],"card_choices":[{"not_picked":["Deadly Poison","Sucker Punch"],"picked":"Slice","floor":1.0},{"not_picked":["Acrobatics","Prepared"],"picked":"Cloak And Dagger","floor":4.0},{"not_picked":["Poisoned Stab","Catalyst"],"picked":"Backflip","floor":5.0},{"not_picked":["Grand Finale","Heel Hook"],"picked":"After Image","floor":7.0},{"not_picked":["Sucker Punch","Deadly Poison"],"picked":"Endless Agony","floor":8.0},{"not_picked":["Bane","PiercingWail"],"picked":"Cloak And Dagger","floor":10.0},{"not_picked":["Sucker Punch","Flying Knee","Leg Sweep"],"picked":"SKIP","floor":13.0},{"not_picked":["Sucker Punch","Flying Knee","Leg Sweep"],"picked":"SKIP","floor":13.0},{"not_picked":["Tools of the Trade","Bullet Time"],"picked":"Adrenaline","floor":16.0},{"not_picked":["Dagger Throw","Concentrate"],"picked":"Deflect","floor":18.0},{"not_picked":["Bouncing Flask","All Out Attack+1"],"picked":"Quick Slash+1","floor":21.0},{"not_picked":["Reflex","Sucker Punch+1"],"picked":"Escape Plan","floor":22.0},{"not_picked":["Poisoned Stab","Quick Slash"],"picked":"Well Laid Plans+1","floor":23.0},{"not_picked":["Heel Hook+1","Reflex+1"],"picked":"Cloak And Dagger+1","floor":25.0},{"not_picked":["Deflect+1","Setup+1"],"picked":"Acrobatics+1","floor":29.0},{"not_picked":["Tactician+1","Leg Sweep+1","Bane"],"picked":"SKIP","floor":31.0},{"not_picked":["Doppelganger+1","Bullet Time+1"],"picked":"Phantasmal Killer+1","floor":33.0},{"not_picked":["Expertise+1","Underhanded Strike+1","Heel Hook"],"picked":"SKIP","floor":35.0},{"not_picked":["Dagger Spray","Dagger Throw"],"picked":"Leg Sweep+1","floor":38.0},{"not_picked":["Acrobatics+1","Setup+1"],"picked":"Blade Dance+1","floor":41.0},{"not_picked":["Tactician+1","Accuracy"],"picked":"Concentrate+1","floor":45},{"not_picked":["Poisoned Stab+1","Underhanded Strike+1","Bane+1"],"picked":"SKIP","floor":47},{"not_picked":["Flechettes","Dagger Spray+1","Bane+1"],"picked":"SKIP","floor":48}],"player_experience":813373,"relics_obtained":[{"floor":7.0,"key":"Turnip"},{"floor":9.0,"key":"Gremlin Horn"},{"floor":13.0,"key":"Bottled Tornado"},{"floor":23.0,"key":"Toxic Egg 2"},{"floor":26.0,"key":"Du-Vu Doll"},{"floor":29.0,"key":"Anchor"},{"floor":39.0,"key":"Tough Bandages"},{"floor":41.0,"key":"The Specimen"},{"floor":43.0,"key":"Ninja Scroll"},{"floor":45,"key":"Regal Pillow"}],"event_choices":[{"cards_removed":["Defend_G"],"damage_healed":0.0,"max_hp_gain":0.0,"max_hp_loss":0.0,"gold_gain":0.0,"event_name":"Golden Wing","player_choice":"Card Removal","floor":3.0,"gold_loss":0.0,"damage_taken":7.0},{"damage_healed":0.0,"max_hp_gain":5.0,"max_hp_loss":0.0,"gold_gain":0.0,"event_name":"Big Fish","player_choice":"Donut","floor":12.0,"gold_loss":0.0,"damage_taken":0.0},{"damage_healed":0.0,"max_hp_gain":0.0,"max_hp_loss":0.0,"gold_gain":0.0,"event_name":"Scrap Ooze","player_choice":"Success","floor":14.0,"gold_loss":0.0,"damage_taken":3.0,"relics_obtained":["Tiny Chest"]},{"damage_healed":0.0,"max_hp_gain":0.0,"max_hp_loss":23.0,"gold_gain":0.0,"event_name":"Vampires","player_choice":"Became a vampire","floor":19.0,"gold_loss":0.0,"damage_taken":0.0,"cards_obtained":["Bite","Bite","Bite","Bite","Bite"]},{"damage_healed":0.0,"max_hp_gain":0.0,"max_hp_loss":0.0,"gold_gain":0.0,"event_name":"Addict","player_choice":"Obtained Relic","floor":24.0,"gold_loss":85.0,"damage_taken":0.0,"relics_obtained":["Strawberry"]},{"damage_healed":0.0,"max_hp_gain":0.0,"max_hp_loss":0.0,"gold_gain":0.0,"event_name":"Cursed Tome","player_choice":"Ignored","floor":28.0,"gold_loss":0.0,"damage_taken":0.0},{"damage_healed":0.0,"max_hp_gain":5.0,"max_hp_loss":0.0,"gold_gain":0.0,"event_name":"Forgotten Altar","player_choice":"Shed Blood","floor":30.0,"gold_loss":0.0,"damage_taken":15.0},{"cards_removed":["Defend_G"],"damage_healed":0.0,"max_hp_gain":0.0,"max_hp_loss":0.0,"gold_gain":0.0,"event_name":"Falling","player_choice":"Removed Skill","floor":37.0,"gold_loss":0.0,"damage_taken":0.0},{"damage_healed":0.0,"max_hp_gain":0.0,"max_hp_loss":0.0,"gold_gain":0.0,"event_name":"Mysterious Sphere","player_choice":"Fight","floor":39.0,"gold_loss":0.0,"damage_taken":0.0}],"is_beta":false,"boss_relics":[{"not_picked":["Runic Dome","Calling Bell"],"picked":"White Beast Statue"},{"not_picked":["Black Star","Runic Pyramid"],"picked":"WristBlade"}],"items_purged_floors":[20,42],"is_endless":false,"potions_floor_spawned":[5,8,13,18,21,22,23,25,29,31,33,35,38,39,41,45,47,48],"ascension_level":12}