{"gold_per_floor":[13,24,24,35,53,53,79,79,106,31,31,31,31,31,31,31],"floor_reached":16,"playtime":1281,"items_purged":[],"score":191,"play_id":"3f7b82ca-2a04-4d83-af3c-aff06999a7fb","local_time":"20190908202431","is_ascension_mode":true,"campfire_choices":[{"data":"Inflame","floor":6.0,"key":"SMITH"},{"data":"Corruption","floor":8.0,"key":"SMITH"},{"data":"Body Slam","floor":11.0,"key":"SMITH"},{"data":"Ghostly Armor","floor":13.0,"key":"SMITH"},{"floor":15.0,"key":"REST"}],"neow_cost":"NO_GOLD","seed_source_timestamp":183715605689818,"circlet_count":0,"master_deck":["AscendersBane","Strike_R","Strike_R","Strike_R+1","Strike_R","Defend_R+1","Defend_R","Defend_R+1","Bash+1","Inflame+1","Ghostly Armor+1","Corruption+1","Body Slam+1"],"special_seed":0,"relics":["Burning Blood","Gambling Chip","Vajra","War Paint"],"potions_floor_usage":[16],"damage_taken":[{"damage":14.0,"enemies":"Jaw Worm","floor":1.0,"turns":3.0},{"damage":9.0,"enemies":"2 Louse","floor":2.0,"turns":3.0},{"damage":0.0,"enemies":"Small Slimes","floor":4.0,"turns":2.0},{"damage":25.0,"enemies":"Exordium Wildlife","floor":5.0,"turns":7.0},{"damage":15.0,"enemies":"Lagavulin","floor":7.0,"turns":6.0},{"damage":29,"enemies":"The Guardian","floor":16,"turns":8}],"seed_played":"-5722802908713945545","potions_obtained":[{"floor":1.0,"key":"Energy Potion"},{"floor":5.0,"key":"Ancient Potion"},{"floor":7.0,"key":"LiquidBronze"}],"is_trial":false,"path_per_floor":["M","M","?","M","M","R","E","R","T","?","R","$","R","?","R","B"],"character_chosen":"IRONCLAD","items_purchased":[],"campfire_rested":1,"item_purchase_floors":[],"current_hp_per_floor":[60,57,57,63,44,44,35,35,35,35,35,35,35,12,34,5],"gold":31,"neow_bonus":"ONE_RARE_RELIC","is_prod":false,"is_daily":false,"chose_seed":false,"campfire_upgraded":4,"win_rate":0,"timestamp":1567992271,"path_taken":["M","M","?","M","M","R","E","R","T","?","R","$","R","?","R","BOSS"],"build_version":"2019-07-17","purchased_purges":0,"victory":false,"max_hp_per_floor":[75,75,75,75,75,75,75,75,75,75,75,75,75,75,75,75],"card_choices":[{"not_picked":["Second Wind","Ghostly Armor"],"picked":"Inflame","floor":1.0},{"not_picked":["Cleave","Spot Weakness","Rupture"],"picked":"SKIP","floor":2.0},{"not_picked":["Flex","Feel No Pain"],"picked":"Corruption","floor":4.0},{"not_picked":["Twin Strike","Heavy Blade"],"picked":"Body Slam","floor":5.0},{"not_picked":["Wild Strike","Evolve","Pommel Strike"],"picked":"SKIP","floor":7.0}],"player_experience":1150612,"relics_obtained":[{"floor":7.0,"key":"Vajra"},{"floor":9.0,"key":"War Paint"}],"event_choices":[{"damage_healed":0.0,"max_hp_gain":0.0,"max_hp_loss":0.0,"gold_gain":0.0,"cards_transformed":["Defend_R"],"event_name":"Living Wall","player_choice":"Change","floor":3.0,"gold_loss":0.0,"damage_taken":0.0,"cards_obtained":["Ghostly Armor"]},{"cards_removed":["Strike_R"],"damage_healed":0.0,"max_hp_gain":0.0,"max_hp_loss":0.0,"gold_gain":0.0,"event_name":"The Cleric","player_choice":"Card Removal","floor":10.0,"gold_loss":75.0,"damage_taken":0.0},{"damage_healed":0.0,"max_hp_gain":0.0,"max_hp_loss":0.0,"gold_gain":0.0,"event_name":"Shining Light","player_choice":"Entered Light","floor":14.0,"gold_loss":0.0,"damage_taken":23.0,"cards_upgraded":["Strike_R","Bash"]}],"is_beta":false,"boss_relics":[],"items_purged_floors":[],"is_endless":false,"potions_floor_spawned":[1,5,7],"killed_by":"The Guardian","ascension_level":19}