{"gold_per_floor":[112,112,37,49,65,92,92,92,92,102,102,118,118,18,18,18],"floor_reached":16,"playtime":938,"items_purged":["Defend_R","Strike_R"],"score":150,"play_id":"2b94dd37-96c9-48d6-afc3-379ea8c71d7e","local_time":"20190118103642","is_ascension_mode":true,"campfire_choices":[{"data":"Bash","floor":8,"key":"SMITH"},{"data":"Shrug It Off","floor":11,"key":"SMITH"},{"data":"Flex","floor":13,"key":"SMITH"},{"data":"Rampage","floor":15,"key":"SMITH"}],"neow_cost":"NONE","seed_source_timestamp":472269709759946,"circlet_count":0,"master_deck":["AscendersBane","Strike_R","Strike_R","Strike_R","Strike_R","Defend_R","Defend_R","Defend_R","Bash+1","Reaper","Shockwave","Rampage+1","Shrug It Off+1","Sentinel","Regret","Flex+1","Cleave"],"relics":["Burning Blood","Blue Candle","Matryoshka","Bronze Scales","Darkstone Periapt"],"potions_floor_usage":[6,6,6,16],"damage_taken":[{"damage":2,"enemies":"Small Slimes","floor":1,"turns":4},{"damage":7,"enemies":"Jaw Worm","floor":4,"turns":4},{"damage":6,"enemies":"Cultist","floor":5,"turns":4},{"damage":38,"enemies":"Gremlin Nob","floor":6,"turns":5},{"damage":17,"enemies":"3 Louse","floor":10,"turns":3},{"damage":17,"enemies":"2 Fungi Beasts","floor":12,"turns":3},{"damage":65,"enemies":"The Guardian","floor":16,"turns":9}],"seed_played":"5181411486347636043","potions_obtained":[{"floor":1,"key":"BloodPotion"},{"floor":4,"key":"Regen Potion"},{"floor":5,"key":"SkillPotion"},{"floor":10,"key":"SpeedPotion"}],"is_trial":false,"path_per_floor":["M","?","$","M","M","E","?","R","T","M","R","M","R","$","R","B"],"character_chosen":"IRONCLAD","items_purchased":[],"campfire_rested":0,"item_purchase_floors":[],"current_hp_per_floor":[76,76,76,75,80,65,65,65,65,66,66,55,55,55,55,0],"gold":18,"neow_bonus":"ONE_RANDOM_RARE_CARD","is_prod":false,"is_daily":false,"chose_seed":false,"campfire_upgraded":4,"win_rate":0,"timestamp":1547829402,"path_taken":["M","?","$","M","M","E","?","R","T","M","R","M","R","$","R","BOSS"],"build_version":"2019-01-17v2","purchased_purges":2,"victory":false,"max_hp_per_floor":[80,80,80,80,80,80,80,80,80,80,80,80,80,80,80,80],"card_choices":[{"not_picked":["Anger","Headbutt"],"picked":"Shockwave","floor":1},{"not_picked":["Uppercut","Searing Blow"],"picked":"Rampage","floor":4},{"not_picked":["Clothesline","Intimidate"],"picked":"Shrug It Off","floor":5},{"not_picked":["Twin Strike","Anger"],"picked":"Sentinel","floor":6},{"not_picked":["Dual Wield","Rampage"],"picked":"Flex","floor":10},{"not_picked":["Rage","Anger"],"picked":"Cleave","floor":12}],"player_experience":721036,"relics_obtained":[{"floor":6,"key":"Blue Candle"},{"floor":9,"key":"Bronze Scales"},{"floor":9,"key":"Darkstone Periapt"}],"event_choices":[{"damage_healed":0,"gold_gain":0,"player_choice":"Ignored","damage_taken":0,"max_hp_gain":0,"max_hp_loss":0,"event_name":"Liars Game","floor":2,"gold_loss":0},{"damage_healed":0,"gold_gain":0,"player_choice":"Box","damage_taken":0,"relics_obtained":["Matryoshka"],"max_hp_gain":0,"max_hp_loss":0,"event_name":"Big Fish","floor":7,"gold_loss":0,"cards_obtained":["Regret"]}],"is_beta":false,"boss_relics":[],"items_purged_floors":[3,14],"is_endless":false,"potions_floor_spawned":[1,4,5,10],"killed_by":"The Guardian","ascension_level":10}