{"gold_per_floor":[113,113,125,125,36,36,76,126,126,51,69,107,107,120,120,120],"floor_reached":16,"playtime":667,"items_purged":["Defend_B"],"score":233,"play_id":"84f8ccb4-5126-4b8f-bfa7-cc8b3cf9e397","local_time":"20190831002128","is_ascension_mode":true,"campfire_choices":[{"data":"Good Instincts","floor":6,"key":"SMITH"},{"data":"1","floor":13,"key":"LIFT"},{"data":"2","floor":15,"key":"LIFT"}],"neow_cost":"NONE","seed_source_timestamp":1228439386174877,"circlet_count":0,"master_deck":["AscendersBane","Strike_B","Strike_B","Strike_B","Strike_B","Defend_B","Defend_B","Defend_B","Zap","Dualcast","Scrape","Steam+1","Good Instincts+1","BootSequence+1","Beam Cell"],"relics":["Cracked Core","NeowsBlessing","Golden Idol","Girya","Regal Pillow","War Paint"],"potions_floor_usage":[7,12,16],"damage_taken":[{"damage":0,"enemies":"Small Slimes","floor":1,"turns":1},{"damage":0,"enemies":"Cultist","floor":3,"turns":1},{"damage":0,"enemies":"3 Sentries","floor":7,"turns":2},{"damage":0,"enemies":"2 Louse","floor":11,"turns":2},{"damage":14,"enemies":"Lagavulin","floor":12,"turns":8},{"damage":0,"enemies":"Blue Slaver","floor":14,"turns":3},{"damage":55,"enemies":"Slime Boss","floor":16,"turns":13}],"seed_played":"-3701238882376636","potions_obtained":[{"floor":3,"key":"PowerPotion"},{"floor":7,"key":"Fire Potion"},{"floor":11,"key":"Swift Potion"}],"is_trial":false,"path_per_floor":["M","?","M","?","$","R","E","?","T","$","M","E","R","M","R","B"],"character_chosen":"DEFECT","items_purchased":["Good Instincts"],"campfire_rested":0,"item_purchase_floors":[5],"current_hp_per_floor":[64,69,69,69,69,69,69,69,69,69,69,55,55,55,55,0],"gold":120,"neow_bonus":"THREE_ENEMY_KILL","is_prod":false,"is_daily":false,"chose_seed":false,"campfire_upgraded":1,"win_rate":0,"timestamp":1567228888,"path_taken":["M","?","M","?","$","R","E","?","T","$","M","E","R","M","R","BOSS"],"build_version":"2019-07-17","purchased_purges":1,"victory":false,"max_hp_per_floor":[71,76,76,69,69,69,69,69,69,69,69,69,69,69,69,69],"card_choices":[{"not_picked":["Rebound","Streamline"],"picked":"Scrape","floor":1},{"not_picked":["Chaos","Coolheaded"],"picked":"Steam","floor":3},{"not_picked":["Hyperbeam","Streamline","Lockon"],"picked":"SKIP","floor":7},{"not_picked":["Heatsinks","Undo"],"picked":"BootSequence","floor":11},{"not_picked":["Coolheaded","Undo"],"picked":"Beam Cell","floor":12},{"not_picked":["Streamline","Redo","Leap"],"picked":"SKIP","floor":14}],"player_experience":1013031,"relics_obtained":[{"floor":7,"key":"Girya"},{"floor":9,"key":"Regal Pillow"},{"floor":12,"key":"War Paint"}],"event_choices":[{"damage_healed":0,"gold_gain":0,"player_choice":"Donut","damage_taken":0,"max_hp_gain":5,"max_hp_loss":0,"event_name":"Big Fish","floor":2,"gold_loss":0},{"damage_healed":0,"gold_gain":0,"player_choice":"Lose Max HP","damage_taken":0,"relics_obtained":["Golden Idol"],"max_hp_gain":0,"max_hp_loss":7,"event_name":"Golden Idol","floor":4,"gold_loss":0},{"damage_healed":0,"gold_gain":50,"player_choice":"Pray","damage_taken":0,"max_hp_gain":0,"max_hp_loss":0,"event_name":"Golden Shrine","floor":8,"gold_loss":0}],"is_beta":false,"boss_relics":[],"items_purged_floors":[10],"is_endless":false,"potions_floor_spawned":[3,7,11],"killed_by":"Slime Boss","ascension_level":15}