{"gold_per_floor":[119,119,15,15,15,45,45,74,97,109,126,40,115,115,115,193,193,204,214,49,68,48,48,81,6,6,20,37,37,37],"floor_reached":30,"playtime":1883,"items_purged":["Strike_G"],"score":597,"play_id":"cbc93da6-450c-417b-9b9b-51fec66a2629","local_time":"20190830134140","is_ascension_mode":true,"campfire_choices":[{"data":"Noxious Fumes","floor":7.0,"key":"SMITH"},{"floor":15.0,"key":"REST"},{"floor":23.0,"key":"REST"},{"floor":29.0,"key":"REST"}],"neow_cost":"NONE","seed_source_timestamp":1196582082489936,"circlet_count":0,"master_deck":["AscendersBane","Strike_G","Strike_G+1","Defend_G","Defend_G+1","Defend_G","Survivor+1","Neutralize","Noxious Fumes+1","Poisoned Stab","PiercingWail","Predator+1","Blur","Crippling Poison","Adrenaline","Corpse Explosion+1","PiercingWail+1","Noxious Fumes","Escape Plan","Well Laid Plans"],"special_seed":0,"relics":["Ring of the Snake","NeowsBlessing","Juzu Bracelet","StoneCalendar","Whetstone","Astrolabe","Snake Skull","Art of War","PreservedInsect"],"potions_floor_usage":[],"damage_taken":[{"damage":0.0,"enemies":"Small Slimes","floor":1.0,"turns":1.0},{"damage":0.0,"enemies":"Lagavulin","floor":6.0,"turns":1.0},{"damage":0.0,"enemies":"Gremlin Nob","floor":8.0,"turns":1.0},{"damage":0.0,"enemies":"Jaw Worm","floor":10.0,"turns":3.0},{"damage":0.0,"enemies":"Cultist","floor":11.0,"turns":3.0},{"damage":20.0,"enemies":"The Guardian","floor":16.0,"turns":9.0},{"damage":9.0,"enemies":"Spheric Guardian","floor":18.0,"turns":4.0},{"damage":1.0,"enemies":"Chosen","floor":19.0,"turns":5.0},{"damage":26.0,"enemies":"Snecko","floor":21.0,"turns":5.0},{"damage":6.0,"enemies":"Slavers","floor":24.0,"turns":2.0},{"damage":13.0,"enemies":"Snake Plant","floor":27.0,"turns":5.0},{"damage":12.0,"enemies":"Centurion and Healer","floor":28.0,"turns":4.0},{"damage":17,"enemies":"Colosseum Slavers","floor":30,"turns":3}],"seed_played":"-4421692524514724954","potions_obtained":[{"floor":1.0,"key":"LiquidBronze"},{"floor":16.0,"key":"SkillPotion"},{"floor":21.0,"key":"Fire Potion"},{"floor":22.0,"key":"PowerPotion"},{"floor":27.0,"key":"SkillPotion"},{"floor":28.0,"key":"EssenceOfSteel"}],"is_trial":false,"path_per_floor":["M","?","$","?","$","E","R","E","T","M","M","$","?","?","R","B",null,"M","M","$","M","?","R","E","?","T","M","M","R","?"],"character_chosen":"THE_SILENT","items_purchased":["Poisoned Stab","Crippling Poison","Snake Skull"],"campfire_rested":3,"item_purchase_floors":[3,12,20],"current_hp_per_floor":[59,64,64,64,64,64,64,64,64,64,64,64,53,32,53,33,62,53,52,52,26,26,47,41,41,41,28,16,37,20],"gold":37,"neow_bonus":"THREE_ENEMY_KILL","is_prod":false,"is_daily":false,"chose_seed":false,"campfire_upgraded":1,"win_rate":0,"timestamp":1567190500,"path_taken":["M","?","$","?","$","E","R","E","T","M","M","$","?","?","R","BOSS","M","M","$","M","?","R","E","?","T","M","M","R","?"],"build_version":"2019-07-17","purchased_purges":1,"victory":false,"max_hp_per_floor":[66,71,71,71,71,71,71,71,71,71,71,71,71,71,71,71,71,71,71,71,71,71,71,71,71,71,71,71,71,71],"card_choices":[{"not_picked":["Masterful Stab","Heel Hook"],"picked":"Noxious Fumes","floor":1.0},{"not_picked":["Flechettes","Wraith Form v2"],"picked":"PiercingWail","floor":6.0},{"not_picked":["Sucker Punch","Quick Slash"],"picked":"Predator","floor":8.0},{"not_picked":["Masterful Stab","Underhanded Strike","Expertise"],"picked":"SKIP","floor":10.0},{"not_picked":["Outmaneuver","PiercingWail"],"picked":"Blur","floor":11.0},{"not_picked":["Glass Knife","A Thousand Cuts"],"picked":"Adrenaline","floor":16.0},{"not_picked":["Deflect","Eviscerate"],"picked":"Noxious Fumes","floor":18.0},{"not_picked":["Outmaneuver+1","Dagger Spray","Underhanded Strike"],"picked":"SKIP","floor":19.0},{"not_picked":["Unload","Quick Slash","Underhanded Strike"],"picked":"SKIP","floor":21.0},{"not_picked":["Infinite Blades","A Thousand Cuts"],"picked":"Escape Plan","floor":24.0},{"not_picked":["Bane","Dodge and Roll"],"picked":"Well Laid Plans","floor":27.0},{"not_picked":["Sucker Punch","Reflex","Riddle With Holes"],"picked":"SKIP","floor":28.0}],"player_experience":997351,"relics_obtained":[{"floor":6.0,"key":"Juzu Bracelet"},{"floor":8.0,"key":"StoneCalendar"},{"floor":9.0,"key":"Whetstone"},{"floor":24.0,"key":"Art of War"},{"floor":26.0,"key":"PreservedInsect"}],"event_choices":[{"damage_healed":0.0,"max_hp_gain":5.0,"max_hp_loss":0.0,"gold_gain":0.0,"event_name":"Big Fish","player_choice":"Donut","floor":2.0,"gold_loss":0.0,"damage_taken":0.0},{"cards_removed":["Defend_G"],"damage_healed":0.0,"max_hp_gain":0.0,"max_hp_loss":0.0,"gold_gain":0.0,"event_name":"Bonfire Elementals","player_choice":"Offered Basic","floor":4.0,"gold_loss":0.0,"damage_taken":0.0},{"damage_healed":0.0,"max_hp_gain":0.0,"max_hp_loss":0.0,"gold_gain":75.0,"event_name":"World of Goop","player_choice":"Gather Gold","floor":13.0,"gold_loss":0.0,"damage_taken":11.0},{"damage_healed":0.0,"max_hp_gain":0.0,"max_hp_loss":0.0,"gold_gain":0.0,"event_name":"Shining Light","player_choice":"Entered Light","floor":14.0,"gold_loss":0.0,"damage_taken":21.0,"cards_upgraded":["Survivor","Defend_G"]},{"damage_healed":0.0,"max_hp_gain":0.0,"max_hp_loss":0.0,"gold_gain":0.0,"event_name":"The Woman in Blue","player_choice":"Bought 1 Potion","floor":22.0,"gold_loss":0.0,"damage_taken":0.0},{"cards_removed":["Concentrate"],"damage_healed":0.0,"max_hp_gain":0.0,"max_hp_loss":0.0,"gold_gain":0.0,"event_name":"Beggar","player_choice":"Gave Gold","floor":25.0,"gold_loss":75.0,"damage_taken":0.0},{"damage_healed":0,"gold_gain":0,"player_choice":"Fight","damage_taken":0,"max_hp_gain":0,"max_hp_loss":0,"event_name":"Colosseum","floor":30,"gold_loss":0}],"is_beta":false,"boss_relics":[{"not_picked":["Sozu","Tiny House"],"picked":"Astrolabe"}],"items_purged_floors":[3],"is_endless":false,"potions_floor_spawned":[1,16,21,27,28],"killed_by":"Colosseum Slavers","ascension_level":19}