{"gold_per_floor":[115,135,135,135,185,185,211,235,270,314,326,350,362,374,386,398],"floor_reached":16,"playtime":893,"items_purged":[],"score":189,"play_id":"5ffe5197-f793-4959-a934-ec6bba5739c3","local_time":"20190831100520","is_ascension_mode":true,"campfire_choices":[{"data":"Dualcast","floor":6.0,"key":"SMITH"},{"floor":11.0,"key":"REST"},{"floor":13.0,"key":"REST"},{"data":"Defragment","floor":15,"key":"SMITH"}],"neow_cost":"NONE","seed_source_timestamp":1239523509653157,"circlet_count":0,"master_deck":["AscendersBane","Strike_B","Strike_B","Strike_B+1","Strike_B+1","Defend_B","Defend_B","Defend_B","Defend_B","Zap","Dualcast+1","Gash","Gash","Defragment+1","BootSequence","Electrodynamics","Coolheaded"],"special_seed":0,"relics":["Cracked Core","Whetstone","Lantern","MawBank","Potion Belt","Ginger"],"potions_floor_usage":[],"damage_taken":[{"damage":0.0,"enemies":"2 Louse","floor":1.0,"turns":2.0},{"damage":0.0,"enemies":"Small Slimes","floor":2.0,"turns":2.0},{"damage":25.0,"enemies":"3 Sentries","floor":7.0,"turns":6.0},{"damage":1.0,"enemies":"Cultist","floor":8.0,"turns":3.0},{"damage":23.0,"enemies":"Lagavulin","floor":10.0,"turns":6.0},{"damage":18.0,"enemies":"Large Slime","floor":12.0,"turns":4.0},{"damage":42,"enemies":"The Guardian","floor":16,"turns":6}],"seed_played":"1830999713536678918","potions_obtained":[{"floor":2.0,"key":"FearPotion"},{"floor":7.0,"key":"Swift Potion"}],"is_trial":false,"path_per_floor":["M","M","?","?","?","R","E","M","T","E","R","M","R","?","R","B"],"character_chosen":"DEFECT","items_purchased":[],"campfire_rested":2,"item_purchase_floors":[],"current_hp_per_floor":[64,64,59,64,64,64,39,38,38,15,37,19,41,41,41,0],"gold":398,"neow_bonus":"RANDOM_COMMON_RELIC","is_prod":false,"is_daily":false,"chose_seed":false,"campfire_upgraded":2,"win_rate":0,"timestamp":1567263920,"path_taken":["M","M","?","?","?","R","E","?","T","E","R","M","R","?","R","BOSS"],"build_version":"2019-07-17","purchased_purges":0,"victory":false,"max_hp_per_floor":[71,71,71,76,76,76,76,76,76,76,76,76,76,76,76,76],"card_choices":[{"not_picked":["Sweeping Beam","Recycle"],"picked":"Gash","floor":1.0},{"not_picked":["Coolheaded","Go for the Eyes"],"picked":"Gash","floor":2.0},{"not_picked":["Hyperbeam","Steam Power"],"picked":"Defragment","floor":7.0},{"not_picked":["Redo","Chaos"],"picked":"BootSequence","floor":8.0},{"not_picked":["BootSequence","Compile Driver"],"picked":"Electrodynamics","floor":10.0},{"not_picked":["Melter","Turbo"],"picked":"Coolheaded","floor":12.0}],"player_experience":1014815,"relics_obtained":[{"floor":7.0,"key":"MawBank"},{"floor":9.0,"key":"Potion Belt"},{"floor":10.0,"key":"Ginger"}],"event_choices":[{"damage_healed":0.0,"max_hp_gain":0.0,"max_hp_loss":0.0,"gold_gain":0.0,"event_name":"Scrap Ooze","player_choice":"Success","floor":3.0,"gold_loss":0.0,"damage_taken":5.0,"relics_obtained":["Lantern"]},{"damage_healed":0.0,"max_hp_gain":5.0,"max_hp_loss":0.0,"gold_gain":0.0,"event_name":"Big Fish","player_choice":"Donut","floor":4.0,"gold_loss":0.0,"damage_taken":0.0},{"damage_healed":0.0,"max_hp_gain":0.0,"max_hp_loss":0.0,"gold_gain":50.0,"event_name":"Golden Shrine","player_choice":"Pray","floor":5.0,"gold_loss":0.0,"damage_taken":0.0},{"damage_healed":0,"gold_gain":0,"player_choice":"Searched \u00270\u0027 times","damage_taken":0,"max_hp_gain":0,"max_hp_loss":0,"event_name":"Dead Adventurer","floor":14,"gold_loss":0}],"is_beta":false,"boss_relics":[],"items_purged_floors":[],"is_endless":false,"potions_floor_spawned":[2,7],"killed_by":"The Guardian","ascension_level":15}