{"gold_per_floor":[111,111,122,138,151,151,163,163,163,163,179,189,71,71],"floor_reached":14,"playtime":1874,"items_purged":["Strike_B"],"score":160,"play_id":"3d20d3af-9fc5-4b93-bf1e-e1271ea4e164","local_time":"20190903134743","is_ascension_mode":true,"campfire_choices":[{"data":"Hologram","floor":6.0,"key":"SMITH"},{"data":"Dualcast","floor":8,"key":"SMITH"},{"data":"Zap","floor":10,"key":"SMITH"}],"neow_cost":"NONE","seed_source_timestamp":1352756561082230,"circlet_count":0,"master_deck":["AscendersBane","Strike_B","Strike_B","Strike_B","Defend_B","Defend_B","Defend_B","Zap+1","Dualcast+1","Heatsinks","Hologram+1","Cold Snap","Storm","Ball Lightning","Self Repair","Genetic Algorithm"],"special_seed":0,"relics":["Inserter","Matryoshka"],"potions_floor_usage":[7,7,14],"damage_taken":[{"damage":4.0,"enemies":"Jaw Worm","floor":1.0,"turns":5.0},{"damage":1.0,"enemies":"Cultist","floor":3.0,"turns":3.0},{"damage":11.0,"enemies":"2 Louse","floor":4.0,"turns":4.0},{"damage":8.0,"enemies":"2 Fungi Beasts","floor":5.0,"turns":5.0},{"damage":3,"enemies":"Blue Slaver","floor":7,"turns":5},{"damage":12,"enemies":"3 Louse","floor":11,"turns":3},{"damage":11,"enemies":"2 Fungi Beasts","floor":12,"turns":4},{"damage":16,"enemies":"Large Slime","floor":14,"turns":4}],"seed_played":"-4194428854108633841","potions_obtained":[{"floor":1.0,"key":"SkillPotion"},{"floor":3.0,"key":"Weak Potion"},{"floor":12,"key":"Weak Potion"}],"is_trial":false,"path_per_floor":["M","?","M","M","M","R","M","R","T","R","M","M","$","M"],"character_chosen":"DEFECT","items_purchased":["Genetic Algorithm"],"campfire_rested":0,"item_purchase_floors":[13],"current_hp_per_floor":[60,60,59,48,40,40,37,37,37,37,25,14,14,0],"gold":71,"neow_bonus":"BOSS_RELIC","is_prod":false,"is_daily":false,"chose_seed":false,"campfire_upgraded":3,"win_rate":0,"timestamp":1567536463,"path_taken":["M","?","M","M","M","R","?","R","T","R","?","M","$","M"],"build_version":"2019-07-17","purchased_purges":1,"victory":false,"max_hp_per_floor":[71,71,71,71,71,71,71,71,71,71,71,71,71,71],"card_choices":[{"not_picked":["Compile Driver","Stack"],"picked":"Heatsinks","floor":1.0},{"not_picked":["Compile Driver","Fusion"],"picked":"Hologram","floor":3.0},{"not_picked":["Barrage","Redo"],"picked":"Cold Snap","floor":4.0},{"not_picked":["Scrape","Hologram"],"picked":"Storm","floor":5.0},{"not_picked":["Meteor Strike","Stack","Streamline"],"picked":"SKIP","floor":7},{"not_picked":["Doom and Gloom","Streamline"],"picked":"Ball Lightning","floor":11},{"not_picked":["Streamline","Conserve Battery"],"picked":"Self Repair","floor":12}],"player_experience":1066063,"relics_obtained":[{"floor":9,"key":"Matryoshka"}],"event_choices":[{"cards_removed":["Defend_B"],"damage_healed":0.0,"max_hp_gain":0.0,"max_hp_loss":0.0,"gold_gain":0.0,"event_name":"Purifier","player_choice":"Purged","floor":2.0,"gold_loss":0.0,"damage_taken":0.0}],"is_beta":false,"boss_relics":[],"items_purged_floors":[13],"is_endless":false,"potions_floor_spawned":[1,3,12],"killed_by":"Large Slime","ascension_level":18}