{"gold_per_floor":[115,23,23,38,55,55,89,89,89,89,106,119,148,148,148,148],"floor_reached":16,"playtime":698,"items_purged":[],"score":176,"play_id":"98964317-0f0e-4517-bd0e-41e3e2959620","local_time":"20190823174548","is_ascension_mode":true,"campfire_choices":[{"data":"Neutralize","floor":6.0,"key":"SMITH"},{"floor":8.0,"key":"REST"},{"data":"Skewer","floor":10.0,"key":"SMITH"},{"floor":15.0,"key":"REST"}],"neow_cost":"NONE","seed_source_timestamp":873970089121345,"circlet_count":0,"master_deck":["AscendersBane","Strike_G","Strike_G","Strike_G","Strike_G","Strike_G","Defend_G","Defend_G","Defend_G","Defend_G","Defend_G","Survivor","Neutralize+1","Slice+1","Accuracy+1","Quick Slash","Skewer+1","Backflip","Predator","Deflect"],"special_seed":0,"relics":["Ring of the Snake","NeowsBlessing","Dodecahedron","Smiling Mask","Blue Candle","Molten Egg 2"],"potions_floor_usage":[],"damage_taken":[{"damage":0.0,"enemies":"Cultist","floor":1.0,"turns":1.0},{"damage":0.0,"enemies":"Small Slimes","floor":4.0,"turns":1.0},{"damage":0.0,"enemies":"Jaw Worm","floor":5.0,"turns":1.0},{"damage":24.0,"enemies":"3 Sentries","floor":7.0,"turns":11.0},{"damage":8.0,"enemies":"Large Slime","floor":11.0,"turns":6.0},{"damage":6.0,"enemies":"Lots of Slimes","floor":12.0,"turns":3.0},{"damage":6.0,"enemies":"Gremlin Nob","floor":13.0,"turns":3.0},{"damage":0,"enemies":"Slime Boss","floor":16,"turns":3}],"seed_played":"7390596145476515843","potions_obtained":[{"floor":5.0,"key":"Poison Potion"},{"floor":7.0,"key":"SteroidPotion"},{"floor":11.0,"key":"SteroidPotion"},{"floor":13.0,"key":"AttackPotion"}],"is_trial":false,"path_per_floor":["M","$","?","M","M","R","E","R","T","R","M","M","E","?","R","B"],"character_chosen":"THE_SILENT","items_purchased":["Accuracy","Quick Slash"],"campfire_rested":2,"item_purchase_floors":[2,2],"current_hp_per_floor":[63,63,38,38,38,38,14,35,35,35,27,21,15,1,22,22],"gold":148,"neow_bonus":"THREE_ENEMY_KILL","is_prod":false,"is_daily":false,"chose_seed":false,"campfire_upgraded":2,"win_rate":0,"timestamp":1566600348,"path_taken":["M","$","?","M","M","R","E","R","T","R","M","M","E","?","R","BOSS"],"build_version":"2019-07-17","purchased_purges":0,"victory":false,"max_hp_per_floor":[70,70,70,70,70,70,70,70,70,70,70,70,70,70,70,70],"card_choices":[{"not_picked":["Sucker Punch","Deadly Poison"],"picked":"Slice","floor":1.0},{"not_picked":["Caltrops","Underhanded Strike","Flechettes"],"picked":"SKIP","floor":4.0},{"not_picked":["Endless Agony","PiercingWail"],"picked":"Skewer","floor":5.0},{"not_picked":["Caltrops","Flying Knee","Expertise"],"picked":"SKIP","floor":7.0},{"not_picked":["Dagger Throw","Sucker Punch"],"picked":"Backflip","floor":11.0},{"not_picked":["Corpse Explosion","Heel Hook"],"picked":"Predator","floor":12.0},{"not_picked":["Riddle With Holes","Crippling Poison"],"picked":"Deflect","floor":13.0}],"player_experience":812675,"relics_obtained":[{"floor":7.0,"key":"Smiling Mask"},{"floor":9.0,"key":"Blue Candle"},{"floor":13.0,"key":"Molten Egg 2"}],"event_choices":[{"damage_healed":0.0,"max_hp_gain":0.0,"max_hp_loss":0.0,"gold_gain":0.0,"event_name":"Scrap Ooze","player_choice":"Success","floor":3.0,"gold_loss":0.0,"damage_taken":25.0,"relics_obtained":["Dodecahedron"]},{"damage_healed":0.0,"max_hp_gain":0.0,"max_hp_loss":0.0,"gold_gain":0.0,"event_name":"Shining Light","player_choice":"Entered Light","floor":14.0,"gold_loss":0.0,"damage_taken":14.0,"cards_upgraded":["Accuracy","Slice"]}],"is_beta":false,"boss_relics":[],"items_purged_floors":[],"is_endless":false,"potions_floor_spawned":[5,7,11,13],"killed_by":"Slime Boss","ascension_level":12}