{"gold_per_floor":[111,129,149,163,163,163,91,91,91,112,112,128,128,147,147,246,246,257,188,728,427,427,427,440,440,440,459,459,475,507,520,520,625,625,638,651,427,442,456,456,456,43,43,43,0,0,0,17,17,17],"floor_reached":51,"playtime":2267,"items_purged":["Cloak And Dagger+1","Defend_G","Defend_G"],"score":857,"play_id":"3219f97b-481b-4a4b-b661-08850befecf1","local_time":"20190907174408","is_ascension_mode":false,"campfire_choices":[{"floor":6,"key":"REST"},{"data":"Catalyst","floor":8,"key":"SMITH"},{"floor":11,"key":"REST"},{"data":"Deadly Poison","floor":15,"key":"SMITH"},{"floor":23,"key":"REST"},{"data":"Bouncing Flask","floor":32,"key":"SMITH"},{"data":"Ghostly","floor":40,"key":"SMITH"},{"data":"Ghostly","floor":47,"key":"SMITH"},{"data":"Deadly Poison","floor":49,"key":"SMITH"}],"neow_cost":"NONE","seed_source_timestamp":1469132163000000,"circlet_count":0,"master_deck":["Defend_G","Defend_G","Defend_G","Survivor","Deadly Poison+1","Catalyst+1","Deadly Poison+1","Night Terror","Endless Agony+1","Bullet Time+1","Bouncing Flask+1","Caltrops","Ghostly+1","Ghostly","Ghostly","Ghostly","Ghostly+1","Noxious Fumes+1","Catalyst+1","Parasite"],"relics":["Lizard Tail","Thread and Needle","Odd Mushroom","Astrolabe","Dream Catcher","Ornamental Fan","Gremlin Horn","Toxic Egg 2","FossilizedHelix","Runic Pyramid","Tiny Chest","Torii","Unceasing Top","Red Mask"],"potions_floor_usage":[10,24,33,38,50,50],"damage_taken":[{"damage":2,"enemies":"Small Slimes","floor":1,"turns":4},{"damage":7,"enemies":"Jaw Worm","floor":2,"turns":4},{"damage":0,"enemies":"Cultist","floor":3,"turns":3},{"damage":9,"enemies":"Gremlin Gang","floor":4,"turns":6},{"damage":23,"enemies":"The Mushroom Lair","floor":10,"turns":7},{"damage":0,"enemies":"Exordium Wildlife","floor":12,"turns":3},{"damage":0,"enemies":"Blue Slaver","floor":14,"turns":3},{"damage":2,"enemies":"The Guardian","floor":16,"turns":7},{"damage":0,"enemies":"Chosen","floor":18,"turns":3},{"damage":1,"enemies":"Shell Parasite","floor":24,"turns":3},{"damage":0,"enemies":"Snake Plant","floor":27,"turns":6},{"damage":0,"enemies":"Shelled Parasite and Fungi","floor":29,"turns":5},{"damage":0,"enemies":"Gremlin Leader","floor":30,"turns":6},{"damage":7,"enemies":"3 Cultists","floor":31,"turns":7},{"damage":0,"enemies":"Champ","floor":33,"turns":7},{"damage":0,"enemies":"3 Darklings","floor":35,"turns":5},{"damage":0,"enemies":"Orb Walker","floor":36,"turns":4},{"damage":0,"enemies":"Transient","floor":38,"turns":5},{"damage":0,"enemies":"Writhing Mass","floor":39,"turns":3},{"damage":0,"enemies":"Sphere and 2 Shapes","floor":48,"turns":5},{"damage":0,"enemies":"Donu and Deca","floor":50,"turns":7}],"seed_played":"5393364662438887189","potions_obtained":[{"floor":1,"key":"SmokeBomb"},{"floor":2,"key":"Strength Potion"},{"floor":4,"key":"Weak Potion"},{"floor":16,"key":"SkillPotion"},{"floor":18,"key":"Swift Potion"},{"floor":24,"key":"FearPotion"},{"floor":33,"key":"Energy Potion"},{"floor":38,"key":"Strength Potion"},{"floor":48,"key":"Block Potion"}],"is_trial":false,"path_per_floor":["M","M","M","M","?","R","$","R","T","?","R","M","?","M","R","B",null,"M","$","?","$","T","R","M","?","T","M","T","M","E","M","R","B",null,"M","M","$","M","M","R","?","$","T","?","?","?","R","M","R","B",null],"character_chosen":"THE_SILENT","items_purchased":["Catalyst","Bouncing Flask","Dream Catcher","Caltrops","Tiny Chest","Torii"],"campfire_rested":3,"item_purchase_floors":[7,19,21,21,37,42],"current_hp_per_floor":[68,61,61,52,45,66,66,66,66,43,64,64,64,64,64,62,70,70,70,21,21,21,42,41,35,35,35,35,35,35,28,28,28,35,35,35,35,35,35,35,33,33,33,33,33,33,33,33,33,33],"gold":17,"neow_bonus":"BOSS_RELIC","is_prod":false,"is_daily":false,"chose_seed":false,"campfire_upgraded":6,"win_rate":0,"timestamp":1567849448,"path_taken":["M","M","M","M","?","R","$","R","T","?","R","M","?","M","R","BOSS","M","$","?","$","?","R","?","?","T","M","?","M","E","M","R","BOSS","M","M","$","M","M","R","?","$","T","?","?","?","R","M","R","BOSS"],"build_version":"2019-07-17","purchased_purges":3,"victory":true,"max_hp_per_floor":[70,70,70,70,70,70,70,70,70,70,70,70,70,70,70,70,70,70,70,70,70,70,70,70,35,35,35,35,35,35,35,35,35,35,35,35,35,35,35,35,33,33,33,33,33,33,33,33,33,33],"card_choices":[{"not_picked":["Setup","Sucker Punch"],"picked":"Deadly Poison","floor":1},{"not_picked":["Flechettes","Cloak And Dagger","Outmaneuver"],"picked":"SKIP","floor":2},{"not_picked":["Concentrate","Tactician","Cloak And Dagger"],"picked":"SKIP","floor":3},{"not_picked":["Deflect","Riddle With Holes","Dodge and Roll"],"picked":"SKIP","floor":4},{"not_picked":["Masterful Stab","Dodge and Roll"],"picked":"Deadly Poison","floor":10},{"not_picked":["Underhanded Strike","Poisoned Stab","Flechettes"],"picked":"SKIP","floor":12},{"not_picked":["Dagger Spray","Deadly Poison","PiercingWail"],"picked":"SKIP","floor":14},{"not_picked":["Storm of Steel","Corpse Explosion"],"picked":"Night Terror","floor":16},{"not_picked":["Sucker Punch","PiercingWail+1","Infinite Blades"],"picked":"SKIP","floor":18},{"not_picked":["Slice+1","Poisoned Stab+1","Bane"],"picked":"SKIP","floor":24},{"not_picked":["Night Terror","Dodge and Roll"],"picked":"Noxious Fumes+1","floor":27},{"not_picked":["Deadly Poison+1","Outmaneuver+1","Dash"],"picked":"SKIP","floor":29},{"not_picked":["Prepared+1","Dodge and Roll+1","Riddle With Holes"],"picked":"SKIP","floor":30},{"not_picked":["Deadly Poison+1","Noxious Fumes"],"picked":"Catalyst+1","floor":31},{"not_picked":["Choke","Outmaneuver+1","Tactician+1"],"picked":"SKIP","floor":35},{"not_picked":["Dagger Throw","Calculated Gamble+1","Blade Dance+1"],"picked":"SKIP","floor":36},{"not_picked":["Acrobatics+1","Poisoned Stab+1","Deadly Poison+1"],"picked":"SKIP","floor":38},{"not_picked":["Flying Knee","Deadly Poison+1","Slice+1"],"picked":"SKIP","floor":39},{"not_picked":["Underhanded Strike","Riddle With Holes","Heel Hook+1"],"picked":"SKIP","floor":48}],"player_experience":145755,"relics_obtained":[{"floor":9,"key":"Thread and Needle"},{"floor":10,"key":"Odd Mushroom"},{"floor":22,"key":"Ornamental Fan"},{"floor":26,"key":"Gremlin Horn"},{"floor":28,"key":"Toxic Egg 2"},{"floor":30,"key":"FossilizedHelix"},{"floor":43,"key":"Unceasing Top"}],"event_choices":[{"cards_removed":["Strike_G"],"damage_healed":0,"gold_gain":0,"player_choice":"Card Removal","damage_taken":7,"max_hp_gain":0,"max_hp_loss":0,"event_name":"Golden Wing","floor":5,"gold_loss":0},{"damage_healed":0,"gold_gain":0,"player_choice":"Fought Mushrooms","damage_taken":0,"max_hp_gain":0,"max_hp_loss":0,"event_name":"Mushrooms","floor":10,"gold_loss":0},{"cards_removed":["Strike_G"],"damage_healed":0,"gold_gain":0,"player_choice":"Forget","damage_taken":0,"max_hp_gain":0,"max_hp_loss":0,"event_name":"Living Wall","floor":13,"gold_loss":0},{"damage_healed":0,"gold_gain":540,"player_choice":"GOLD GOLD GOLD GOLD GOLD GOLD ","damage_taken":49,"max_hp_gain":0,"max_hp_loss":0,"event_name":"Knowing Skull","floor":20,"potions_obtained":[],"gold_loss":0,"cards_obtained":[]},{"damage_healed":0,"gold_gain":0,"player_choice":"Became a Ghost","damage_taken":0,"max_hp_gain":0,"max_hp_loss":35,"event_name":"Ghosts","floor":25,"gold_loss":0,"cards_obtained":["Ghostly","Ghostly","Ghostly","Ghostly","Ghostly"]},{"damage_healed":0,"gold_gain":0,"player_choice":"Max HP","damage_taken":0,"max_hp_gain":0,"max_hp_loss":2,"event_name":"Winding Halls","floor":41,"gold_loss":0},{"cards_removed":["Neutralize"],"damage_healed":0,"gold_gain":0,"player_choice":"Removed Attack","damage_taken":0,"max_hp_gain":0,"max_hp_loss":0,"event_name":"Falling","floor":44,"gold_loss":0},{"damage_healed":0,"gold_gain":0,"player_choice":"Paid","damage_taken":0,"relics_obtained":["Red Mask"],"max_hp_gain":0,"max_hp_loss":0,"event_name":"Tomb of Lord Red Mask","floor":45,"gold_loss":43},{"damage_healed":0,"gold_gain":0,"player_choice":"0 cards matched","damage_taken":0,"max_hp_gain":0,"max_hp_loss":0,"event_name":"Match and Keep!","floor":46,"gold_loss":0,"cards_obtained":[]}],"is_beta":false,"boss_relics":[{"not_picked":["Sozu","Tiny House"],"picked":"Astrolabe"},{"not_picked":["Snecko Eye","Velvet Choker"],"picked":"Runic Pyramid"}],"items_purged_floors":[21,37,42],"is_endless":false,"potions_floor_spawned":[1,2,4,16,18,24,33,38,48],"ascension_level":0}