{"gold_per_floor":[118,118,43,43,118,118,129,143,166,166,166,166,196,208,208,208],"floor_reached":16,"playtime":738,"items_purged":["Strike_G"],"score":186,"play_id":"aef26409-46f0-4c07-984c-93d507c0390f","local_time":"20190829142737","is_ascension_mode":true,"campfire_choices":[{"floor":6.0,"key":"DIG"},{"floor":10.0,"key":"DIG"},{"floor":12.0,"key":"REST"},{"floor":15.0,"key":"REST"}],"neow_cost":"PERCENT_DAMAGE","seed_source_timestamp":1145322564393097,"circlet_count":0,"master_deck":["AscendersBane","Strike_G","Strike_G","Strike_G","Strike_G","Defend_G","Defend_G+1","Defend_G+1","Defend_G","Defend_G","Survivor","Neutralize","Poisoned Stab+1","PiercingWail","Crippling Poison","Quick Slash"],"special_seed":0,"relics":["Ring of the Snake","Shovel","Ninja Scroll","Smiling Mask","Bag of Marbles","Art of War","Vajra","Oddly Smooth Stone"],"potions_floor_usage":[16,16],"damage_taken":[{"damage":3.0,"enemies":"2 Louse","floor":1.0,"turns":4.0},{"damage":0.0,"enemies":"Jaw Worm","floor":7.0,"turns":4.0},{"damage":1.0,"enemies":"Small Slimes","floor":8.0,"turns":3.0},{"damage":11.0,"enemies":"3 Sentries","floor":13.0,"turns":9.0},{"damage":0.0,"enemies":"3 Louse","floor":14.0,"turns":2.0},{"damage":44,"enemies":"Slime Boss","floor":16,"turns":8}],"seed_played":"-3546869393625387458","potions_obtained":[{"floor":13.0,"key":"SkillPotion"},{"floor":14.0,"key":"FearPotion"}],"is_trial":false,"path_per_floor":["M","?","$","?","T","R","M","M","T","R","?","R","E","M","R","B"],"character_chosen":"THE_SILENT","items_purchased":[],"campfire_rested":2,"item_purchase_floors":[],"current_hp_per_floor":[41,21,21,21,21,21,21,20,20,20,15,34,23,23,42,0],"gold":208,"neow_bonus":"ONE_RARE_RELIC","is_prod":false,"is_daily":false,"chose_seed":false,"campfire_upgraded":0,"win_rate":0,"timestamp":1567106857,"path_taken":["M","?","?","?","?","R","?","M","T","R","?","R","E","M","R","BOSS"],"build_version":"2019-07-17","purchased_purges":1,"victory":false,"max_hp_per_floor":[66,66,66,66,66,66,66,66,66,66,66,66,66,66,66,66],"card_choices":[{"not_picked":["Deadly Poison","Expertise"],"picked":"Poisoned Stab","floor":1.0},{"not_picked":["Outmaneuver","Poisoned Stab"],"picked":"PiercingWail","floor":7.0},{"not_picked":["Blade Dance","Dagger Throw"],"picked":"Crippling Poison","floor":8.0},{"not_picked":["Calculated Gamble","Deadly Poison","Acrobatics"],"picked":"SKIP","floor":13.0},{"not_picked":["Terror","Calculated Gamble"],"picked":"Quick Slash","floor":14.0}],"player_experience":968171,"relics_obtained":[{"floor":5.0,"key":"Ninja Scroll"},{"floor":6.0,"key":"Smiling Mask"},{"floor":9.0,"key":"Bag of Marbles"},{"floor":10.0,"key":"Art of War"},{"floor":13.0,"key":"Oddly Smooth Stone"}],"event_choices":[{"damage_healed":0.0,"max_hp_gain":0.0,"max_hp_loss":0.0,"gold_gain":0.0,"event_name":"Shining Light","player_choice":"Entered Light","floor":2.0,"gold_loss":0.0,"damage_taken":20.0,"cards_upgraded":["Defend_G","Defend_G"]},{"damage_healed":0.0,"max_hp_gain":0.0,"max_hp_loss":0.0,"gold_gain":0.0,"event_name":"Living Wall","player_choice":"Grow","floor":4.0,"gold_loss":0.0,"damage_taken":0.0,"cards_upgraded":["Poisoned Stab"]},{"damage_healed":0.0,"max_hp_gain":0.0,"max_hp_loss":0.0,"gold_gain":0.0,"event_name":"Scrap Ooze","player_choice":"Success","floor":11.0,"gold_loss":0.0,"damage_taken":5.0,"relics_obtained":["Vajra"]}],"is_beta":false,"boss_relics":[],"items_purged_floors":[3],"is_endless":false,"potions_floor_spawned":[13,14],"killed_by":"Slime Boss","ascension_level":18}