{"gold_per_floor":[17,17,30,30,50,50,77,90,171,198,211,176,201,217,217,312,362,378,378,85,96,47,47,63,82,82,100,100],"floor_reached":28,"playtime":2423,"items_purged":["Strike_G"],"score":280,"play_id":"85e1ae68-0118-4ada-b314-c2ad6eddf7d5","local_time":"20190907111353","is_ascension_mode":true,"campfire_choices":[{"data":"Mind Blast","floor":6,"key":"SMITH"},{"floor":15,"key":"REST"},{"data":"Prepared","floor":23,"key":"SMITH"}],"neow_cost":"NO_GOLD","seed_source_timestamp":49828010931035,"circlet_count":0,"master_deck":["Strike_G","Strike_G","Strike_G","Strike_G","Defend_G","Defend_G","Defend_G+1","Defend_G","Survivor","Neutralize","Mind Blast+1","Madness","Quick Slash","Masterful Stab","Distraction","Sucker Punch","Predator","Skewer","Poisoned Stab","Dagger Spray","Dodge and Roll","Heel Hook","Burst","Acrobatics","Underhanded Strike","Well Laid Plans","Prepared+1","Prepared+1","Backflip"],"relics":["Ring of the Snake","Tough Bandages","Question Card","Bag of Marbles","Smiling Mask","Tiny House","MealTicket","Mummified Hand"],"potions_floor_usage":[7,7,8,13,16,16,16,25,27,27,27],"damage_taken":[{"damage":3,"enemies":"Jaw Worm","floor":1,"turns":4},{"damage":2,"enemies":"Small Slimes","floor":3,"turns":3},{"damage":0,"enemies":"2 Louse","floor":5,"turns":2},{"damage":27,"enemies":"3 Sentries","floor":7,"turns":7},{"damage":0,"enemies":"Gremlin Gang","floor":8,"turns":4},{"damage":17,"enemies":"Gremlin Nob","floor":10,"turns":4},{"damage":0,"enemies":"Blue Slaver","floor":11,"turns":1},{"damage":0,"enemies":"3 Sentries","floor":13,"turns":7},{"damage":7,"enemies":"Red Slaver","floor":14,"turns":2},{"damage":17,"enemies":"The Guardian","floor":16,"turns":10},{"damage":20,"enemies":"Shell Parasite","floor":18,"turns":5},{"damage":26,"enemies":"3 Byrds","floor":21,"turns":8},{"damage":19,"enemies":"Sentry and Sphere","floor":24,"turns":7},{"damage":15,"enemies":"Cultist and Chosen","floor":25,"turns":7},{"damage":8,"enemies":"Snecko","floor":27,"turns":4},{"damage":4,"enemies":"Chosen and Byrds","floor":28,"turns":1}],"seed_played":"-7296197010974640986","potions_obtained":[{"floor":3,"key":"EntropicBrew"},{"floor":8,"key":"GhostInAJar"},{"floor":11,"key":"GamblersBrew"},{"floor":13,"key":"SteroidPotion"},{"floor":14,"key":"GhostInAJar"},{"floor":17,"key":"Explosive Potion"},{"floor":19,"key":"Strength Potion"},{"floor":19,"key":"SteroidPotion"},{"floor":21,"key":"Ancient Potion"},{"floor":25,"key":"Poison Potion"}],"is_trial":false,"path_per_floor":["M","?","M","?","M","R","E","M","T","E","M","?","E","M","R","B",null,"M","?","$","M","$","R","M","M","T","M","M"],"character_chosen":"THE_SILENT","items_purchased":["Well Laid Plans","MealTicket","Prepared"],"campfire_rested":1,"item_purchase_floors":[20,20,22],"current_hp_per_floor":[67,67,65,65,65,65,38,38,38,21,21,38,38,31,52,35,75,55,55,55,29,44,44,25,10,10,2,0],"gold":100,"neow_bonus":"RANDOM_COLORLESS_2","is_prod":false,"is_daily":false,"chose_seed":false,"campfire_upgraded":2,"win_rate":0,"timestamp":1567869233,"path_taken":["M","?","M","?","M","R","E","M","T","E","M","?","E","M","R","BOSS","M","?","$","?","$","R","M","M","T","M","M"],"build_version":"2019-07-17","purchased_purges":1,"victory":false,"max_hp_per_floor":[70,70,70,70,70,70,70,70,70,70,70,70,70,70,70,70,75,75,75,75,75,75,75,75,75,75,75,75],"card_choices":[{"not_picked":["Crippling Poison","Dagger Spray"],"picked":"Quick Slash","floor":1},{"not_picked":["Deadly Poison","Outmaneuver"],"picked":"Masterful Stab","floor":3},{"not_picked":["Acrobatics","Quick Slash"],"picked":"Sucker Punch","floor":5},{"not_picked":["Blade Dance","Underhanded Strike"],"picked":"Predator","floor":7},{"not_picked":["Endless Agony","Deadly Poison"],"picked":"Skewer","floor":8},{"not_picked":["Bullet Time","Slice","Distraction"],"picked":"Poisoned Stab","floor":10},{"not_picked":["Sucker Punch","Outmaneuver","Flying Knee"],"picked":"Dagger Spray","floor":11},{"not_picked":["Flechettes","Expertise","Bane"],"picked":"Dodge and Roll","floor":13},{"not_picked":["Blade Dance","Sucker Punch","PiercingWail"],"picked":"Heel Hook","floor":14},{"not_picked":["Doppelganger","Bullet Time","Malaise"],"picked":"Burst","floor":16},{"not_picked":["Dodge and Roll","Heel Hook","Poisoned Stab"],"picked":"Acrobatics","floor":17},{"not_picked":["Finisher","Slice","Predator"],"picked":"Underhanded Strike","floor":18},{"not_picked":["Flying Knee","Backstab","Deflect"],"picked":"Prepared+1","floor":21},{"not_picked":["Terror","Heel Hook","Outmaneuver","Flying Knee"],"picked":"SKIP","floor":24},{"not_picked":["Outmaneuver+1","Flechettes","Poisoned Stab","Underhanded Strike"],"picked":"SKIP","floor":25},{"not_picked":["Skewer+1","Crippling Poison","Dodge and Roll"],"picked":"Backflip","floor":27}],"player_experience":17091,"relics_obtained":[{"floor":7,"key":"Tough Bandages"},{"floor":9,"key":"Question Card"},{"floor":10,"key":"Bag of Marbles"},{"floor":13,"key":"Smiling Mask"},{"floor":26,"key":"Mummified Hand"}],"event_choices":[{"damage_healed":0,"gold_gain":0,"player_choice":"Ignored","damage_taken":0,"max_hp_gain":0,"max_hp_loss":0,"event_name":"Golden Idol","floor":2,"gold_loss":0},{"damage_healed":0,"gold_gain":0,"cards_transformed":["Defend_G"],"player_choice":"Change","damage_taken":0,"max_hp_gain":0,"max_hp_loss":0,"event_name":"Living Wall","floor":4,"gold_loss":0,"cards_obtained":["Distraction"]},{"damage_healed":17,"gold_gain":0,"player_choice":"Healed","damage_taken":0,"max_hp_gain":0,"max_hp_loss":0,"event_name":"The Cleric","floor":12,"gold_loss":35},{"damage_healed":0,"gold_gain":0,"player_choice":"Got Potions","damage_taken":0,"max_hp_gain":0,"max_hp_loss":0,"event_name":"Lab","floor":19,"gold_loss":0}],"is_beta":false,"boss_relics":[{"not_picked":["Calling Bell","Busted Crown"],"picked":"Tiny House"}],"items_purged_floors":[20],"is_endless":false,"potions_floor_spawned":[3,8,11,13,14,21,25],"killed_by":"Chosen and Byrds","ascension_level":1}