{"gold_per_floor":[116,127,127,17,41,41,71,71,151,151,168,183,183,216,216,293,293,293,41,0,0,0,0,0,0,0,0,0,0,0,0,0,0,0,0,0,0,0,0,0],"floor_reached":40,"playtime":3051,"items_purged":[],"score":653,"play_id":"5ef22085-494f-4082-ae73-11ed59569d15","local_time":"20190821225529","is_ascension_mode":true,"campfire_choices":[{"data":"Capacitor","floor":6.0,"key":"SMITH"},{"floor":8.0,"key":"REST"},{"data":"Loop","floor":10.0,"key":"SMITH"},{"data":"Hologram","floor":13.0,"key":"SMITH"},{"floor":15.0,"key":"REST"},{"data":"Defragment","floor":23,"key":"SMITH"},{"data":"Rainbow","floor":25,"key":"SMITH"},{"data":"Machine Learning","floor":28,"key":"SMITH"},{"data":"Capacitor","floor":30,"key":"SMITH"},{"floor":32,"key":"REST"}],"neow_cost":"TEN_PERCENT_HP_LOSS","seed_source_timestamp":776050825218802,"circlet_count":0,"master_deck":["AscendersBane","Strike_B","Strike_B","Strike_B","Strike_B","Defend_B","Defend_B","Defend_B","Defend_B","Zap","Dualcast","Loop+1","Cold Snap","Self Repair","Blind","Genetic Algorithm","Capacitor+1","Leap","Hologram+1","Rainbow+1","Machine Learning+1","Go for the Eyes+1","Ball Lightning+1","Capacitor+1","Defragment+1","Ball Lightning+1","Reboot","Ball Lightning+1","Multi-Cast","Lockon+1","Beam Cell+1","Undo+1"],"special_seed":0,"relics":["Cracked Core","Emotion Chip","Oddly Smooth Stone","Molten Egg 2","Letter Opener","Thread and Needle","Ectoplasm","Question Card","Torii","Sozu","StoneCalendar"],"potions_floor_usage":[24,31,31,31,39,39],"damage_taken":[{"damage":3.0,"enemies":"2 Louse","floor":1.0,"turns":3.0},{"damage":1.0,"enemies":"Cultist","floor":2.0,"turns":3.0},{"damage":42.0,"enemies":"3 Sentries","floor":7.0,"turns":11.0},{"damage":6.0,"enemies":"Jaw Worm","floor":11.0,"turns":4.0},{"damage":5.0,"enemies":"Blue Slaver","floor":12.0,"turns":4.0},{"damage":21.0,"enemies":"Lagavulin","floor":14.0,"turns":5.0},{"damage":2.0,"enemies":"Hexaghost","floor":16.0,"turns":11.0},{"damage":10,"enemies":"Shell Parasite","floor":18,"turns":5},{"damage":10,"enemies":"2 Thieves","floor":20,"turns":5},{"damage":11,"enemies":"Snecko","floor":21,"turns":7},{"damage":1,"enemies":"Shelled Parasite and Fungi","floor":24,"turns":5},{"damage":11,"enemies":"Centurion and Healer","floor":29,"turns":6},{"damage":6,"enemies":"Snake Plant","floor":31,"turns":3},{"damage":10,"enemies":"Champ","floor":33,"turns":9},{"damage":27,"enemies":"3 Darklings","floor":35,"turns":5},{"damage":6,"enemies":"Orb Walker","floor":36,"turns":4},{"damage":8,"enemies":"Spire Growth","floor":38,"turns":5},{"damage":42,"enemies":"2 Orb Walkers","floor":39,"turns":6},{"damage":23,"enemies":"Reptomancer","floor":40,"turns":2}],"seed_played":"4285174589323081033","potions_obtained":[{"floor":2.0,"key":"SpeedPotion"},{"floor":12.0,"key":"PowerPotion"},{"floor":20,"key":"FearPotion"},{"floor":29,"key":"EntropicBrew"},{"floor":33,"key":"Poison Potion"}],"is_trial":false,"path_per_floor":["M","M","?","$","T","R","E","R","T","R","M","M","R","E","R","B",null,"M","$","M","M","?","R","M","R","T","?","R","M","R","M","R","B",null,"M","M","?","M","?","E"],"character_chosen":"DEFECT","items_purchased":["Genetic Algorithm","Capacitor","Question Card"],"campfire_rested":3,"item_purchase_floors":[4,4,19],"current_hp_per_floor":[65,64,64,64,64,64,29,49,49,49,43,45,45,24,44,49,63,60,60,57,53,53,53,59,59,59,47,47,43,43,37,58,55,69,49,50,50,49,14,0],"gold":0,"neow_bonus":"ONE_RARE_RELIC","is_prod":false,"is_daily":false,"chose_seed":false,"campfire_upgraded":7,"win_rate":0,"timestamp":1566446129,"path_taken":["M","M","?","$","?","R","E","R","T","R","M","M","R","E","R","BOSS","M","$","M","M","?","R","M","R","T","?","R","M","R","M","R","BOSS","M","M","?","M","?","E"],"build_version":"2019-07-17","purchased_purges":0,"victory":false,"max_hp_per_floor":[68,68,68,68,68,68,68,68,68,68,68,68,68,68,68,68,68,68,68,68,68,68,68,68,68,68,73,73,73,73,73,73,73,73,73,73,69,69,69,69],"card_choices":[{"not_picked":["Gash","Beam Cell"],"picked":"Loop","floor":1.0},{"not_picked":["Barrage","Coolheaded"],"picked":"Cold Snap","floor":2.0},{"not_picked":["Sunder","Compile Driver","Beam Cell"],"picked":"SKIP","floor":7.0},{"not_picked":["Turbo","Gash+1"],"picked":"Leap","floor":11.0},{"not_picked":["Streamline+1","BootSequence"],"picked":"Hologram","floor":12.0},{"not_picked":["Turbo","Rainbow","Stack"],"picked":"SKIP","floor":14.0},{"not_picked":["Turbo","Stack"],"picked":"Rainbow","floor":14.0},{"not_picked":["Hyperbeam+1","Core Surge+1"],"picked":"Machine Learning","floor":16.0},{"not_picked":["Rebound+1","Compile Driver+1"],"picked":"Go for the Eyes+1","floor":18},{"not_picked":["Beam Cell+1","Chill","Force Field"],"picked":"Ball Lightning+1","floor":20},{"not_picked":["Go for the Eyes+1","Turbo","Compile Driver+1"],"picked":"Capacitor","floor":21},{"not_picked":["Beam Cell+1","Steam","Rebound+1"],"picked":"Ball Lightning+1","floor":24},{"not_picked":["Hello World","Stack+1","Force Field"],"picked":"Reboot","floor":29},{"not_picked":["Auto Shields","Rebound+1","Streamline+1"],"picked":"Ball Lightning+1","floor":31},{"not_picked":["Amplify","Meteor Strike+1","Reboot"],"picked":"Multi-Cast","floor":33},{"not_picked":["Sweeping Beam+1","Steam","Barrage+1"],"picked":"Lockon+1","floor":35},{"not_picked":["Ball Lightning+1","Lockon+1","Creative AI"],"picked":"Beam Cell+1","floor":36},{"not_picked":["Reprogram","Undo","Compile Driver+1","Turbo+1"],"picked":"SKIP","floor":38},{"not_picked":["Hologram","Barrage+1","Double Energy+1"],"picked":"Undo+1","floor":39}],"player_experience":746611,"relics_obtained":[{"floor":5.0,"key":"Oddly Smooth Stone"},{"floor":7.0,"key":"Molten Egg 2"},{"floor":9.0,"key":"Letter Opener"},{"floor":14.0,"key":"Thread and Needle"},{"floor":26,"key":"Torii"},{"floor":39,"key":"StoneCalendar"}],"event_choices":[{"damage_healed":0.0,"max_hp_gain":0.0,"max_hp_loss":0.0,"gold_gain":0.0,"event_name":"Match and Keep!","player_choice":"2 cards matched","floor":3.0,"gold_loss":0.0,"damage_taken":0.0,"cards_obtained":["Self Repair","Blind"]},{"damage_healed":0,"gold_gain":0,"player_choice":"Read","damage_taken":0,"max_hp_gain":0,"max_hp_loss":0,"event_name":"The Library","floor":22,"gold_loss":0,"cards_obtained":["Defragment"]},{"damage_healed":0,"gold_gain":0,"player_choice":"Shed Blood","damage_taken":17,"max_hp_gain":5,"max_hp_loss":0,"event_name":"Forgotten Altar","floor":27,"gold_loss":0},{"damage_healed":0,"gold_gain":0,"player_choice":"Max HP","damage_taken":0,"max_hp_gain":0,"max_hp_loss":4,"event_name":"Winding Halls","floor":37,"gold_loss":0},{"damage_healed":0,"gold_gain":0,"player_choice":"Fight","damage_taken":0,"max_hp_gain":0,"max_hp_loss":0,"event_name":"Mysterious Sphere","floor":39,"gold_loss":0}],"is_beta":false,"boss_relics":[{"not_picked":["Pandora\u0027s Box","Fusion Hammer"],"picked":"Ectoplasm"},{"not_picked":["Nuclear Battery","Lizard Tail"],"picked":"Sozu"}],"items_purged_floors":[],"is_endless":false,"potions_floor_spawned":[2,12,20,29,33,35],"killed_by":"Reptomancer","ascension_level":13}