{"gold_per_floor":[116,132,1,18,93,93,123,123,123,143,48,60,60,71,71,146,146,164,164,177,177,177,177,504,504,530,558,75,75,89,14,14,92,92,109,124,124,124],"floor_reached":38,"playtime":3010,"items_purged":["Defend_R"],"score":793,"play_id":"628f4559-b8a1-47c4-bdf8-cf4da0521cf6","local_time":"20190908223655","is_ascension_mode":true,"campfire_choices":[{"data":"Pommel Strike","floor":6.0,"key":"SMITH"},{"data":"Clothesline","floor":8.0,"key":"SMITH"},{"data":"Inflame","floor":15.0,"key":"SMITH"},{"data":"Heavy Blade","floor":23.0,"key":"SMITH"},{"data":"Demon Form","floor":25.0,"key":"SMITH"},{"data":"Heavy Blade","floor":29.0,"key":"SMITH"},{"data":"Shrug It Off","floor":32.0,"key":"SMITH"}],"neow_cost":"TEN_PERCENT_HP_LOSS","seed_source_timestamp":186975549319392,"circlet_count":0,"master_deck":["AscendersBane","Defend_R","Bash","Demon Form+1","Pommel Strike+1","Heavy Blade+1","Clothesline+1","Inflame+1","Shrug It Off+1","Heavy Blade+1","Reaper","Bite","Bite","Bite","Bite","Bite","Feed","Armaments+1"],"special_seed":0,"relics":["Burning Blood","Charon\u0027s Ashes","Unceasing Top","Snecko Eye","Nilry\u0027s Codex","Old Coin","MawBank","Ice Cream","Orichalcum","Sozu"],"potions_floor_usage":[],"damage_taken":[{"damage":6.0,"enemies":"Cultist","floor":1.0,"turns":3.0},{"damage":14.0,"enemies":"2 Louse","floor":2.0,"turns":3.0},{"damage":10.0,"enemies":"Small Slimes","floor":4.0,"turns":3.0},{"damage":35.0,"enemies":"Lagavulin","floor":7.0,"turns":7.0},{"damage":0.0,"enemies":"Red Slaver","floor":10.0,"turns":1.0},{"damage":6.0,"enemies":"2 Fungi Beasts","floor":12.0,"turns":4.0},{"damage":11.0,"enemies":"Looter","floor":14.0,"turns":3.0},{"damage":28.0,"enemies":"Slime Boss","floor":16.0,"turns":8.0},{"damage":9.0,"enemies":"Chosen","floor":18.0,"turns":3.0},{"damage":9.0,"enemies":"Shell Parasite","floor":20.0,"turns":3.0},{"damage":39.0,"enemies":"Book of Stabbing","floor":24.0,"turns":4.0},{"damage":12.0,"enemies":"Snake Plant","floor":27.0,"turns":3.0},{"damage":8.0,"enemies":"Centurion and Healer","floor":30.0,"turns":2.0},{"damage":54.0,"enemies":"Collector","floor":33.0,"turns":6.0},{"damage":41.0,"enemies":"3 Darklings","floor":35.0,"turns":3.0},{"damage":5.0,"enemies":"Orb Walker","floor":36.0,"turns":2.0},{"damage":58,"enemies":"Awakened One","floor":38,"turns":3}],"seed_played":"5569915927848977539","potions_obtained":[{"floor":4.0,"key":"Fire Potion"},{"floor":7.0,"key":"Poison Potion"},{"floor":10.0,"key":"EssenceOfSteel"},{"floor":14.0,"key":"BloodPotion"},{"floor":16.0,"key":"SkillPotion"},{"floor":24.0,"key":"GamblersBrew"},{"floor":27.0,"key":"Strength Potion"},{"floor":30.0,"key":"AttackPotion"},{"floor":33.0,"key":"Regen Potion"}],"is_trial":false,"path_per_floor":["M","M","$","M","?","R","E","R","T","M","$","M","?","M","R","B",null,"M","?","M","?","?","R","E","R","T","M","$","R","M","?","R","B",null,"M","M","?","B"],"character_chosen":"IRONCLAD","items_purchased":["Pommel Strike","Inflame","Shrug It Off","Ice Cream","Orichalcum"],"campfire_rested":0,"item_purchase_floors":[3,11,11,28,28],"current_hp_per_floor":[68,60,60,56,45,45,16,16,16,22,22,22,27,22,22,17,55,61,40,50,47,36,36,22,22,22,22,22,22,42,42,42,12,42,28,39,39,0],"gold":124,"neow_bonus":"TRANSFORM_TWO_CARDS","is_prod":false,"is_daily":false,"chose_seed":false,"campfire_upgraded":7,"win_rate":0,"timestamp":1568000215,"path_taken":["M","M","$","?","?","R","E","R","T","M","$","M","?","M","R","BOSS","M","?","M","?","?","R","E","R","T","M","$","R","M","?","R","BOSS","M","M","?","BOSS"],"build_version":"2019-07-17","purchased_purges":1,"victory":false,"max_hp_per_floor":[68,68,68,68,68,68,68,68,68,68,68,68,68,68,68,68,68,68,68,68,47,52,52,52,52,52,52,52,52,52,52,52,52,52,52,52,52,52],"card_choices":[{"not_picked":["Anger","Twin Strike","Sword Boomerang"],"picked":"SKIP","floor":1.0},{"not_picked":["Reckless Charge","Headbutt","Dual Wield"],"picked":"SKIP","floor":2.0},{"not_picked":["Headbutt","Wild Strike"],"picked":"Heavy Blade","floor":4.0},{"not_picked":["Berserk","Hemokinesis"],"picked":"Clothesline","floor":7.0},{"not_picked":["Reckless Charge","Wild Strike","Cleave"],"picked":"SKIP","floor":10.0},{"not_picked":["Rage","Havoc","Twin Strike"],"picked":"SKIP","floor":12.0},{"not_picked":["Sentinel","Sword Boomerang"],"picked":"Heavy Blade","floor":14.0},{"not_picked":["Impervious","Offering"],"picked":"Reaper","floor":16.0},{"not_picked":["Armaments","Heavy Blade","Whirlwind"],"picked":"SKIP","floor":18.0},{"not_picked":["Pommel Strike","Disarm","Fire Breathing+1"],"picked":"SKIP","floor":20.0},{"not_picked":["Exhume","Sword Boomerang","Shrug It Off"],"picked":"SKIP","floor":24.0},{"not_picked":["Rupture","Anger","Body Slam"],"picked":"SKIP","floor":27.0},{"not_picked":["Feel No Pain","Perfected Strike","Iron Wave"],"picked":"SKIP","floor":30.0},{"not_picked":["Fiend Fire","Exhume"],"picked":"Feed","floor":33.0},{"not_picked":["Clothesline","Metallicize+1","Blood for Blood"],"picked":"SKIP","floor":35.0},{"not_picked":["True Grit","Headbutt+1"],"picked":"Armaments+1","floor":36.0}],"player_experience":1152974,"relics_obtained":[{"floor":7.0,"key":"Charon\u0027s Ashes"},{"floor":9.0,"key":"Unceasing Top"},{"floor":19.0,"key":"Nilry\u0027s Codex"},{"floor":24.0,"key":"Old Coin"},{"floor":26.0,"key":"MawBank"}],"event_choices":[{"damage_healed":0.0,"max_hp_gain":0.0,"max_hp_loss":0.0,"gold_gain":75.0,"event_name":"World of Goop","player_choice":"Gather Gold","floor":5.0,"gold_loss":0.0,"damage_taken":11.0},{"cards_removed":["Flex"],"damage_healed":5.0,"max_hp_gain":0.0,"max_hp_loss":0.0,"gold_gain":0.0,"event_name":"Bonfire Elementals","player_choice":"Offered Common","floor":13.0,"gold_loss":0.0,"damage_taken":0.0},{"cards_removed":["Flex"],"damage_healed":5.0,"max_hp_gain":0.0,"max_hp_loss":0.0,"gold_gain":0.0,"event_name":"Bonfire Elementals","player_choice":"Offered Special","floor":13.0,"gold_loss":0.0,"damage_taken":0.0},{"damage_healed":0.0,"max_hp_gain":0.0,"max_hp_loss":0.0,"gold_gain":0.0,"event_name":"Cursed Tome","player_choice":"Obtained Book","floor":19.0,"gold_loss":0.0,"damage_taken":21.0},{"damage_healed":0.0,"max_hp_gain":0.0,"max_hp_loss":21.0,"gold_gain":0.0,"event_name":"Vampires","player_choice":"Became a vampire","floor":21.0,"gold_loss":0.0,"damage_taken":0.0,"cards_obtained":["Bite","Bite","Bite","Bite","Bite"]},{"damage_healed":0.0,"max_hp_gain":5.0,"max_hp_loss":0.0,"gold_gain":0.0,"event_name":"Forgotten Altar","player_choice":"Shed Blood","floor":22.0,"gold_loss":0.0,"damage_taken":16.0},{"cards_removed":["Defend_R"],"damage_healed":0.0,"max_hp_gain":0.0,"max_hp_loss":0.0,"gold_gain":0.0,"event_name":"Beggar","player_choice":"Gave Gold","floor":31.0,"gold_loss":75.0,"damage_taken":0.0},{"damage_healed":0.0,"max_hp_gain":0.0,"max_hp_loss":0.0,"gold_gain":0.0,"event_name":"SecretPortal","player_choice":"Took Portal","floor":37.0,"gold_loss":0.0,"damage_taken":0.0}],"is_beta":false,"boss_relics":[{"not_picked":["Tiny House","Astrolabe"],"picked":"Snecko Eye"},{"not_picked":["Fusion Hammer","Velvet Choker"],"picked":"Sozu"}],"items_purged_floors":[3],"is_endless":false,"potions_floor_spawned":[4,7,10,14,16,24,27,30,33,36],"killed_by":"Awakened One","ascension_level":19}