{"gold_per_floor":[112,124,124,124,9,9,42,42,67,67,87,103,142,156,156,156],"floor_reached":16,"playtime":592,"items_purged":["Defend_G"],"score":263,"play_id":"15355b62-dcf7-4018-835e-779bc35f27e5","local_time":"20190830122823","is_ascension_mode":true,"campfire_choices":[{"data":"Backflip","floor":6,"key":"SMITH"},{"data":"Terror","floor":8,"key":"SMITH"},{"floor":10,"key":"REST"},{"floor":15,"key":"REST"}],"neow_cost":"NONE","seed_source_timestamp":1193797039468435,"circlet_count":0,"master_deck":["AscendersBane","Strike_G+1","Strike_G","Strike_G","Strike_G","Strike_G","Defend_G","Defend_G","Defend_G","Defend_G","Survivor","Neutralize+1","Deadly Poison","Backflip+1","Terror+1","Bane","Escape Plan","Burst","Dash"],"relics":["Ring of the Snake","NeowsBlessing","Golden Idol","Nunchaku","Whetstone","Regal Pillow"],"potions_floor_usage":[13,16],"damage_taken":[{"damage":0,"enemies":"Cultist","floor":1,"turns":1},{"damage":0,"enemies":"Jaw Worm","floor":2,"turns":1},{"damage":0,"enemies":"Gremlin Nob","floor":7,"turns":1},{"damage":1,"enemies":"2 Louse","floor":11,"turns":3},{"damage":5,"enemies":"Exordium Wildlife","floor":12,"turns":4},{"damage":11,"enemies":"Lagavulin","floor":13,"turns":5},{"damage":10,"enemies":"Exordium Thugs","floor":14,"turns":4},{"damage":73,"enemies":"Slime Boss","floor":16,"turns":11}],"seed_played":"-4409721452432937376","potions_obtained":[{"floor":7,"key":"GhostInAJar"},{"floor":11,"key":"SkillPotion"},{"floor":12,"key":"GhostInAJar"}],"is_trial":false,"path_per_floor":["M","M","?","?","$","R","E","R","T","R","M","M","E","M","R","B"],"character_chosen":"THE_SILENT","items_purchased":["Terror"],"campfire_rested":2,"item_purchase_floors":[5],"current_hp_per_floor":[59,59,64,40,40,40,40,40,40,61,60,55,44,34,70,0],"gold":156,"neow_bonus":"THREE_ENEMY_KILL","is_prod":false,"is_daily":false,"chose_seed":false,"campfire_upgraded":2,"win_rate":0,"timestamp":1567186103,"path_taken":["M","?","?","?","?","R","E","R","T","R","?","M","E","M","R","BOSS"],"build_version":"2019-07-17","purchased_purges":1,"victory":false,"max_hp_per_floor":[66,66,71,71,71,71,71,71,71,71,71,71,71,71,71,71],"card_choices":[{"not_picked":["Prepared","Riddle With Holes"],"picked":"Deadly Poison","floor":1},{"not_picked":["Deadly Poison","Deflect"],"picked":"Backflip","floor":2},{"not_picked":["Concentrate","Terror","Dagger Throw"],"picked":"SKIP","floor":7},{"not_picked":["Quick Slash","Bouncing Flask"],"picked":"Bane","floor":11},{"not_picked":["Underhanded Strike","Sucker Punch"],"picked":"Escape Plan","floor":12},{"not_picked":["Masterful Stab","Reflex"],"picked":"Burst","floor":13},{"not_picked":["Acrobatics","Predator"],"picked":"Dash","floor":14}],"player_experience":995429,"relics_obtained":[{"floor":7,"key":"Nunchaku"},{"floor":9,"key":"Whetstone"},{"floor":13,"key":"Regal Pillow"}],"event_choices":[{"damage_healed":0,"gold_gain":0,"player_choice":"Donut","damage_taken":0,"max_hp_gain":5,"max_hp_loss":0,"event_name":"Big Fish","floor":3,"gold_loss":0},{"damage_healed":0,"gold_gain":0,"player_choice":"Take Damage","damage_taken":24,"relics_obtained":["Golden Idol"],"max_hp_gain":0,"max_hp_loss":0,"event_name":"Golden Idol","floor":4,"gold_loss":0}],"is_beta":false,"boss_relics":[],"items_purged_floors":[5],"is_endless":false,"potions_floor_spawned":[7,11,12],"killed_by":"Slime Boss","ascension_level":19}