{"gold_per_floor":[117,135,135,153,153,153,164,164,245,272,272,287,118,146,146,219,219,229,229,229,59,59,59,77,77,104,118,128,161,161,177,177,254,254,266,266,286,13,29,57,57,0,0,0,0,0,0,13,13,13],"floor_reached":51,"playtime":3184,"items_purged":["Defend_R","Good Instincts"],"score":1233,"play_id":"1c0f488d-c74d-4e66-8782-72b6bcfa44dd","local_time":"20190907165555","is_ascension_mode":true,"campfire_choices":[{"data":"Body Slam","floor":6.0,"key":"SMITH"},{"data":"Inflame","floor":8.0,"key":"SMITH"},{"data":"True Grit","floor":11.0,"key":"SMITH"},{"floor":15.0,"key":"REST"},{"data":"Shrug It Off","floor":23.0,"key":"SMITH"},{"data":"Seeing Red","floor":25.0,"key":"SMITH"},{"floor":30.0,"key":"REST"},{"floor":32.0,"key":"REST"},{"data":"Shrug It Off","floor":41,"key":"SMITH"},{"data":"Double Tap","floor":44,"key":"SMITH"},{"data":"Demon Form","floor":46,"key":"SMITH"},{"floor":49,"key":"REST"}],"neow_cost":"PERCENT_DAMAGE","seed_source_timestamp":134128940854452,"circlet_count":0,"master_deck":["AscendersBane","Strike_R+1","Strike_R+1","Strike_R+1","Defend_R+1","Defend_R+1","Defend_R+1","Bash","Bandage Up","True Grit+1","Carnage","Body Slam+1","Inflame+1","Seeing Red+1","Juggernaut","Shrug It Off+1","Whirlwind","Spot Weakness","Demon Form+1","Seeing Red+1","Necronomicurse","Carnage","Feel No Pain","Inflame+1","Clothesline+1","Shockwave","Double Tap+1","Feed","Battle Trance","Shrug It Off+1","Clothesline+1","Heavy Blade+1"],"special_seed":0,"relics":["Burning Blood","Shuriken","Blood Vial","Centennial Puzzle","Sozu","Necronomicon","Regal Pillow","Smiling Mask","Runic Dome","Happy Flower","Singing Bowl","Red Mask","Strawberry"],"potions_floor_usage":[],"damage_taken":[{"damage":4.0,"enemies":"Small Slimes","floor":1.0,"turns":4.0},{"damage":7.0,"enemies":"Cultist","floor":2.0,"turns":4.0},{"damage":7.0,"enemies":"Jaw Worm","floor":4.0,"turns":3.0},{"damage":10.0,"enemies":"Lots of Slimes","floor":7.0,"turns":6.0},{"damage":30.0,"enemies":"3 Sentries","floor":10.0,"turns":8.0},{"damage":9.0,"enemies":"Large Slime","floor":12.0,"turns":6.0},{"damage":16.0,"enemies":"Gremlin Nob","floor":14.0,"turns":3.0},{"damage":41.0,"enemies":"The Guardian","floor":16.0,"turns":11.0},{"damage":21.0,"enemies":"Chosen","floor":18.0,"turns":5.0},{"damage":0.0,"enemies":"Spheric Guardian","floor":24.0,"turns":3.0},{"damage":13.0,"enemies":"Snake Plant","floor":27.0,"turns":3.0},{"damage":19.0,"enemies":"Shelled Parasite and Fungi","floor":28.0,"turns":3.0},{"damage":18.0,"enemies":"Slavers","floor":29.0,"turns":4.0},{"damage":24.0,"enemies":"Cultist and Chosen","floor":31.0,"turns":4.0},{"damage":46.0,"enemies":"Champ","floor":33.0,"turns":7.0},{"damage":3.0,"enemies":"Orb Walker","floor":35.0,"turns":3.0},{"damage":0,"enemies":"3 Darklings","floor":37,"turns":1},{"damage":25,"enemies":"4 Shapes","floor":39,"turns":6},{"damage":9,"enemies":"Reptomancer","floor":40,"turns":3},{"damage":37,"enemies":"Sphere and 2 Shapes","floor":48,"turns":4},{"damage":94,"enemies":"Time Eater","floor":50,"turns":8}],"seed_played":"3508269666867820236","potions_obtained":[{"floor":7.0,"key":"FairyPotion"},{"floor":10.0,"key":"EssenceOfSteel"},{"floor":14.0,"key":"Swift Potion"}],"is_trial":false,"path_per_floor":["M","M","?","M","?","R","M","R","T","E","R","M","$","E","R","B",null,"M","?","?","$","?","R","M","R","T","M","M","E","R","M","R","B",null,"M","?","M","$","M","E","R","?","T","R","?","R","$","M","R","B",null],"character_chosen":"IRONCLAD","items_purchased":["Shrug It Off","Whirlwind","Carnage","Feel No Pain","Happy Flower","Shrug It Off"],"campfire_rested":4,"item_purchase_floors":[13,13,21,21,38,38],"current_hp_per_floor":[56,59,55,58,58,58,58,58,58,38,38,41,41,33,55,26,63,50,50,29,29,29,29,41,41,41,36,25,19,56,44,75,39,66,75,75,75,75,60,59,59,59,66,66,66,66,66,40,80,9],"gold":13,"neow_bonus":"RANDOM_COLORLESS_2","is_prod":false,"is_daily":false,"chose_seed":false,"campfire_upgraded":8,"win_rate":0,"timestamp":1567893355,"path_taken":["M","M","?","?","?","R","M","R","T","E","R","?","$","E","R","BOSS","M","?","?","$","?","R","M","R","T","M","M","E","R","?","R","BOSS","M","?","M","$","?","E","R","?","T","R","?","R","$","M","R","BOSS"],"build_version":"2019-07-17","purchased_purges":2,"victory":true,"max_hp_per_floor":[75,75,75,75,75,75,75,75,75,75,75,75,75,75,75,75,75,75,75,75,75,75,75,75,75,75,75,75,75,75,75,75,75,75,75,75,75,75,75,75,75,75,82,82,82,82,82,85,85,85],"card_choices":[{"not_picked":["Sword Boomerang","Headbutt"],"picked":"True Grit","floor":1.0},{"not_picked":["Headbutt","Wild Strike"],"picked":"Carnage","floor":2.0},{"not_picked":["Flame Barrier","Hemokinesis"],"picked":"Body Slam","floor":4.0},{"not_picked":["Cleave","Armaments"],"picked":"Inflame","floor":7.0},{"not_picked":["Disarm","True Grit"],"picked":"Seeing Red","floor":10.0},{"not_picked":["Iron Wave","Body Slam"],"picked":"Juggernaut","floor":12.0},{"not_picked":["Fire Breathing","Uppercut"],"picked":"Spot Weakness","floor":14.0},{"not_picked":["Offering","Bludgeon"],"picked":"Demon Form","floor":16.0},{"not_picked":["Havoc","Rampage"],"picked":"Seeing Red+1","floor":18.0},{"not_picked":["Flex","Pommel Strike"],"picked":"Clothesline+1","floor":24.0},{"not_picked":["Flex","Clash","Rupture"],"picked":"SKIP","floor":27.0},{"not_picked":["Armaments","Metallicize"],"picked":"Shockwave","floor":28.0},{"not_picked":["Blood for Blood","Entrench","Evolve"],"picked":"SKIP","floor":29.0},{"not_picked":["Clothesline","Twin Strike","Sword Boomerang"],"picked":"SKIP","floor":31.0},{"not_picked":["Juggernaut","Exhume"],"picked":"Double Tap","floor":33.0},{"not_picked":["Whirlwind","Pommel Strike","Perfected Strike+1"],"picked":"SKIP","floor":35.0},{"not_picked":["Carnage","Intimidate"],"picked":"Battle Trance","floor":37},{"not_picked":["Twin Strike","Sentinel","Headbutt+1"],"picked":"SKIP","floor":39},{"not_picked":["Anger+1","Carnage+1"],"picked":"Clothesline+1","floor":40},{"not_picked":["Shrug It Off","Pummel"],"picked":"Heavy Blade+1","floor":48}],"player_experience":1124095,"relics_obtained":[{"floor":9.0,"key":"Shuriken"},{"floor":10.0,"key":"Blood Vial"},{"floor":14.0,"key":"Centennial Puzzle"},{"floor":20.0,"key":"Necronomicon"},{"floor":26.0,"key":"Regal Pillow"},{"floor":29.0,"key":"Smiling Mask"},{"floor":40,"key":"Singing Bowl"},{"floor":43,"key":"Strawberry"}],"event_choices":[{"damage_healed":0.0,"max_hp_gain":0.0,"max_hp_loss":0.0,"gold_gain":0.0,"event_name":"The Woman in Blue","player_choice":"Bought 0 Potions","floor":3.0,"gold_loss":0.0,"damage_taken":0.0},{"cards_removed":["Strike_R"],"damage_healed":0.0,"max_hp_gain":0.0,"max_hp_loss":0.0,"gold_gain":0.0,"event_name":"Purifier","player_choice":"Purged","floor":5.0,"gold_loss":0.0,"damage_taken":0.0},{"damage_healed":0.0,"max_hp_gain":0.0,"max_hp_loss":0.0,"gold_gain":0.0,"event_name":"Back to Basics","player_choice":"Simplicity","floor":19.0,"gold_loss":0.0,"damage_taken":0.0,"cards_upgraded":["Strike_R","Strike_R","Strike_R","Strike_R","Defend_R","Defend_R","Defend_R"]},{"damage_healed":0.0,"max_hp_gain":0.0,"max_hp_loss":0.0,"gold_gain":0.0,"event_name":"Cursed Tome","player_choice":"Obtained Book","floor":20.0,"gold_loss":0.0,"damage_taken":21.0},{"damage_healed":0.0,"max_hp_gain":0.0,"max_hp_loss":0.0,"gold_gain":0.0,"event_name":"Duplicator","player_choice":"Copied","floor":22.0,"gold_loss":0.0,"damage_taken":0.0,"cards_obtained":["Inflame"]},{"damage_healed":0,"gold_gain":0,"player_choice":"1 cards matched","damage_taken":0,"max_hp_gain":0,"max_hp_loss":0,"event_name":"Match and Keep!","floor":36,"gold_loss":0,"cards_obtained":["Feed"]},{"damage_healed":0,"gold_gain":0,"player_choice":"Paid","damage_taken":0,"relics_obtained":["Red Mask"],"max_hp_gain":0,"max_hp_loss":0,"event_name":"Tomb of Lord Red Mask","floor":42,"gold_loss":57},{"cards_removed":["Strike_R"],"damage_healed":0,"gold_gain":0,"player_choice":"Card Removal","damage_taken":0,"max_hp_gain":0,"max_hp_loss":0,"event_name":"Wheel of Change","floor":45,"gold_loss":0}],"is_beta":false,"boss_relics":[{"not_picked":["White Beast Statue","Runic Cube"],"picked":"Sozu"},{"not_picked":["Empty Cage","Tiny House"],"picked":"Runic Dome"}],"items_purged_floors":[13,38],"is_endless":false,"potions_floor_spawned":[7,10,14,27,28,35,39,40],"ascension_level":17}