{"gold_per_floor":[415,426,443,491,0,0,16,46,46,59,59,59,59,75,75,172,172,183,194,206,131,143,176,176,23,23,23,123,149,166,180,180,278,278,296,314,314,330,38,38,64,64,119,18,50,50,75,86,86,86],"floor_reached":51,"playtime":4466,"items_purged":["Defend_P","Defend_P","Defend_P"],"score":877,"play_id":"18519c47-5939-4ee9-b9c6-7360537bebd9","local_time":"20190910003914","is_ascension_mode":false,"campfire_choices":[{"data":"Protect","floor":6.0,"key":"SMITH"},{"data":"FollowUp","floor":13.0,"key":"SMITH"},{"data":"Protect","floor":15.0,"key":"SMITH"},{"data":"Conclude","floor":27.0,"key":"SMITH"},{"data":"CrushJoints","floor":32,"key":"SMITH"},{"data":"Collect","floor":40,"key":"SMITH"},{"data":"StepAndStrike","floor":42,"key":"SMITH"},{"data":"Strike_P","floor":49,"key":"SMITH"}],"neow_cost":"TEN_PERCENT_HP_LOSS","seed_source_timestamp":268324092934475,"circlet_count":0,"master_deck":["Strike_P+1","Strike_P+1","Strike_P","Strike_P+1","Defend_P","Eruption+1","Vigilance","Protect+1","CrushJoints+1","FollowUp+1","StepAndStrike+1","Conclude+1","Protect+1","Unraveling","EmptyBody","EmptyMind","Wallop+1","FearNoEvil+1","Collect+1","Swivel+1","LessonLearned+1","Devotion+1","EmptyMind+1","EmptyMind"],"special_seed":0,"relics":["PureWater","Old Coin","Oddly Smooth Stone","Matryoshka","Frozen Egg 2","MealTicket","Question Card","Bottled Flame","Bag of Preparation","Ancient Tea Set","Pantograph","Snecko Eye","Pear","Whetstone","Molten Egg 2","Gambling Chip","Gremlin Horn","Potion Belt","Coffee Dripper","Frozen Eye","Bag of Marbles","Smiling Mask","Prayer Wheel","Shuriken"],"potions_floor_usage":[28,33,45,50,50,50],"damage_taken":[{"damage":0.0,"enemies":"Cultist","floor":1.0,"turns":2.0},{"damage":1.0,"enemies":"2 Louse","floor":2.0,"turns":4.0},{"damage":6.0,"enemies":"Jaw Worm","floor":3.0,"turns":4.0},{"damage":5.0,"enemies":"Lots of Slimes","floor":7.0,"turns":4.0},{"damage":0.0,"enemies":"Lagavulin","floor":8.0,"turns":7.0},{"damage":0.0,"enemies":"Exordium Wildlife","floor":10.0,"turns":4.0},{"damage":0.0,"enemies":"Exordium Thugs","floor":14.0,"turns":2.0},{"damage":33.0,"enemies":"Hexaghost","floor":16.0,"turns":10.0},{"damage":0.0,"enemies":"3 Byrds","floor":18.0,"turns":5.0},{"damage":0.0,"enemies":"2 Thieves","floor":19.0,"turns":2.0},{"damage":0.0,"enemies":"Cultist and Chosen","floor":20.0,"turns":4.0},{"damage":0.0,"enemies":"Shelled Parasite and Fungi","floor":22.0,"turns":2.0},{"damage":0.0,"enemies":"Gremlin Leader","floor":23.0,"turns":3.0},{"damage":0,"enemies":"Colosseum Slavers","floor":28,"turns":1},{"damage":0,"enemies":"Colosseum Nobs","floor":28,"turns":2},{"damage":0,"enemies":"Book of Stabbing","floor":29,"turns":5},{"damage":0,"enemies":"Sentry and Sphere","floor":30,"turns":2},{"damage":0,"enemies":"Snake Plant","floor":31,"turns":1},{"damage":24,"enemies":"Collector","floor":33,"turns":4},{"damage":0,"enemies":"Orb Walker","floor":35,"turns":2},{"damage":0,"enemies":"3 Shapes","floor":36,"turns":3},{"damage":0,"enemies":"Jaw Worm Horde","floor":38,"turns":2},{"damage":14,"enemies":"Nemesis","floor":41,"turns":5},{"damage":0,"enemies":"Giant Head","floor":45,"turns":3},{"damage":0,"enemies":"Reptomancer","floor":47,"turns":2},{"damage":0,"enemies":"Writhing Mass","floor":48,"turns":2},{"damage":25,"enemies":"Donu and Deca","floor":50,"turns":7}],"seed_played":"-4046229691796934709","potions_obtained":[{"floor":2.0,"key":"AttackPotion"},{"floor":10.0,"key":"AttackPotion"},{"floor":14.0,"key":"Swift Potion"},{"floor":18.0,"key":"PowerPotion"},{"floor":19.0,"key":"Dexterity Potion"},{"floor":23.0,"key":"GamblersBrew"},{"floor":29,"key":"Dexterity Potion"},{"floor":41,"key":"EssenceOfSteel"},{"floor":45,"key":"SkillPotion"}],"is_trial":false,"path_per_floor":["M","M","M","T","$","R","M","E","T","M","?","T","R","M","R","B",null,"M","M","M","$","M","E","?","$","T","R","?","E","M","M","R","B",null,"M","M","?","M","$","R","E","R","T","$","E","?","E","M","R","B",null],"character_chosen":"WATCHER","items_purchased":["Matryoshka","Frozen Egg 2","Whetstone","Frozen Eye","Devotion+1","Swift Potion"],"campfire_rested":0,"item_purchase_floors":[5,5,25,39,39,44],"current_hp_per_floor":[59,58,52,52,52,52,47,47,47,47,35,35,35,35,35,26,59,59,59,59,59,59,69,57,72,72,72,72,72,72,72,72,50,74,74,74,74,74,74,74,60,60,60,74,74,70,70,70,70,45],"gold":86,"neow_bonus":"ONE_RARE_RELIC","is_prod":false,"is_daily":false,"chose_seed":false,"campfire_upgraded":8,"win_rate":0.0,"timestamp":1568090354,"path_taken":["M","M","M","?","$","R","M","E","T","M","?","?","R","M","R","BOSS","M","M","M","$","?","E","?","?","T","R","?","E","M","M","R","BOSS","M","M","?","M","$","R","E","R","T","$","E","?","E","?","R","BOSS"],"build_version":"2019-09-09","purchased_purges":3,"victory":true,"max_hp_per_floor":[59,59,59,59,59,59,59,59,59,59,59,59,59,59,59,59,59,59,59,59,59,59,69,74,74,74,74,74,74,74,74,74,74,74,74,74,74,74,74,74,74,74,74,74,74,70,70,70,70,70],"card_choices":[{"not_picked":["Perseverance","SpiritShield"],"picked":"Protect","floor":1.0},{"not_picked":["ThirdEye","FlurryOfBlows"],"picked":"CrushJoints","floor":2.0},{"not_picked":["EmptyBody","JustLucky"],"picked":"FollowUp","floor":3.0},{"not_picked":["CrushJoints","FlyingSleeves","Protect"],"picked":"SKIP","floor":7.0},{"not_picked":["Pray","CutThroughFate"],"picked":"StepAndStrike","floor":8.0},{"not_picked":["JustLucky","Crescendo","FlyingSleeves"],"picked":"Conclude","floor":10.0},{"not_picked":["FollowUp","CrushJoints","Sanctity"],"picked":"Protect","floor":14.0},{"not_picked":["Alpha","Omniscience","Metaphysics"],"picked":"Unraveling","floor":16.0},{"not_picked":["Weave+1","CutThroughFate","Crescendo"],"picked":"EmptyBody","floor":18.0},{"not_picked":["EmptyMind","Consecrate","EmptyFist","Sanctity"],"picked":"SKIP","floor":19.0},{"not_picked":["ForeignInfluence+1","Halt","JustLucky","Evaluate"],"picked":"SKIP","floor":20.0},{"not_picked":["InnerPeace+1","Swivel","EmptyBody+1"],"picked":"EmptyMind","floor":22.0},{"not_picked":["EmptyMind","Weave","JustLucky"],"picked":"Wallop","floor":23.0},{"not_picked":["CrushJoints+1","ThirdEye","Consecrate+1"],"picked":"FearNoEvil+1","floor":28},{"not_picked":["ThirdEye","Conclude+1","Tantrum+1"],"picked":"Collect","floor":29},{"not_picked":["Conclude+1","ThirdEye+1","Evaluate"],"picked":"Swivel+1","floor":30},{"not_picked":["FollowUp+1","CutThroughFate+1","Scrawl","Crescendo+1"],"picked":"SKIP","floor":31},{"not_picked":["FlowState","Judgement","Pray"],"picked":"LessonLearned+1","floor":33},{"not_picked":["ClearTheMind+1","FollowUp+1","Prostrate+1","Weave+1"],"picked":"SKIP","floor":35},{"not_picked":["ThirdEye","WaveOfTheHand+1","FollowUp+1","JustLucky+1"],"picked":"SKIP","floor":36},{"not_picked":["CrushJoints+1","Worship+1","JustLucky+1","Evaluate"],"picked":"SKIP","floor":38},{"not_picked":["DeceiveReality","BowlingBash+1","Conclude+1","CutThroughFate+1"],"picked":"SKIP","floor":41},{"not_picked":["ThirdEye","Weave+1","StepAndStrike+1"],"picked":"EmptyMind+1","floor":45},{"not_picked":["ForeignInfluence+1","TalkToTheHand+1","Meditate","JustLucky+1"],"picked":"SKIP","floor":47},{"not_picked":["SpiritShield","Crescendo+1","Perseverance"],"picked":"EmptyMind","floor":48},{"not_picked":["CleanseEvil+1","ClearTheMind+1","FollowUp+1","WreathOfFlame+1"],"picked":"SKIP","floor":48}],"player_experience":48037,"relics_obtained":[{"floor":4.0,"key":"Oddly Smooth Stone"},{"floor":8.0,"key":"MealTicket"},{"floor":9.0,"key":"Question Card"},{"floor":9.0,"key":"Bottled Flame"},{"floor":12.0,"key":"Ancient Tea Set"},{"floor":12.0,"key":"Pantograph"},{"floor":23.0,"key":"Pear"},{"floor":26.0,"key":"Molten Egg 2"},{"floor":28,"key":"Gambling Chip"},{"floor":28,"key":"Gremlin Horn"},{"floor":29,"key":"Potion Belt"},{"floor":41,"key":"Bag of Marbles"},{"floor":43,"key":"Smiling Mask"},{"floor":45,"key":"Prayer Wheel"},{"floor":47,"key":"Shuriken"}],"event_choices":[{"damage_healed":0.0,"max_hp_gain":0.0,"max_hp_loss":0.0,"gold_gain":0.0,"event_name":"Scrap Ooze","player_choice":"Success","floor":11.0,"gold_loss":0.0,"damage_taken":12.0,"relics_obtained":["Bag of Preparation"]},{"damage_healed":0.0,"max_hp_gain":5.0,"max_hp_loss":0.0,"gold_gain":0.0,"event_name":"Forgotten Altar","player_choice":"Shed Blood","floor":24.0,"gold_loss":0.0,"damage_taken":17.0},{"damage_healed":0,"gold_gain":0,"player_choice":"Fight","damage_taken":0,"max_hp_gain":0,"max_hp_loss":0,"event_name":"Colosseum","floor":28,"gold_loss":0},{"damage_healed":0,"gold_gain":0,"player_choice":"Fought Nobs","damage_taken":0,"max_hp_gain":0,"max_hp_loss":0,"event_name":"Colosseum","floor":28,"gold_loss":0},{"damage_healed":0,"gold_gain":0,"player_choice":"Ignored","damage_taken":0,"max_hp_gain":0,"max_hp_loss":0,"event_name":"Tomb of Lord Red Mask","floor":37,"gold_loss":0},{"damage_healed":0,"gold_gain":0,"player_choice":"Max HP","damage_taken":0,"max_hp_gain":0,"max_hp_loss":4,"event_name":"Winding Halls","floor":46,"gold_loss":0}],"is_beta":true,"boss_relics":[{"not_picked":["Empty Cage","Tiny House"],"picked":"Snecko Eye"},{"not_picked":["Calling Bell","Fusion Hammer"],"picked":"Coffee Dripper"}],"items_purged_floors":[21,39,44],"is_endless":false,"potions_floor_spawned":[2,10,14,18,19,23,29,41,45],"ascension_level":0}