{"gold_per_floor":[111,111,131,206,57,90,53,53,53,82,82,110,128,28,28,105,105,124,141,191,206,219,219,237,237,262,277,303,303,318,4,4,80,80,99,99,99,111,125,125],"floor_reached":40,"playtime":4779,"items_purged":["Strike_G","Defend_G","Defend_G"],"score":772,"play_id":"70d8ce32-c9c0-4412-8497-84f08dbe52fe","local_time":"20190827124131","is_ascension_mode":true,"campfire_choices":[{"data":"Neutralize","floor":8.0,"key":"SMITH"},{"data":"Backflip","floor":11.0,"key":"SMITH"},{"data":"Noxious Fumes","floor":15.0,"key":"SMITH"},{"data":"Backflip","floor":23.0,"key":"SMITH"},{"floor":25.0,"key":"REST"},{"data":"Tools of the Trade","floor":29.0,"key":"SMITH"},{"data":"Noxious Fumes","floor":32.0,"key":"SMITH"}],"neow_cost":"NONE","seed_source_timestamp":1041176809348697,"circlet_count":0,"master_deck":["AscendersBane","Strike_G","Strike_G","Strike_G","Strike_G","Defend_G","Defend_G","Defend_G","Survivor","Neutralize+1","Predator","Accuracy","Footwork","Well Laid Plans","Backflip+1","Noxious Fumes+1","Backflip+1","Tools of the Trade+1","Acrobatics+1","Poisoned Stab","PiercingWail","Backstab","Bane","Noxious Fumes+1","Adrenaline","After Image"],"special_seed":0,"relics":["Ring of the Snake","NeowsBlessing","Anchor","Meat on the Bone","Odd Mushroom","Bag of Preparation","Sozu","Bag of Marbles","Question Card","Black Star"],"potions_floor_usage":[],"damage_taken":[{"damage":0.0,"enemies":"Small Slimes","floor":1.0,"turns":1.0},{"damage":0.0,"enemies":"Cultist","floor":3.0,"turns":1.0},{"damage":0.0,"enemies":"Lagavulin","floor":6.0,"turns":1.0},{"damage":11.0,"enemies":"The Mushroom Lair","floor":10.0,"turns":5.0},{"damage":18.0,"enemies":"3 Sentries","floor":12.0,"turns":10.0},{"damage":0.0,"enemies":"Jaw Worm","floor":13.0,"turns":5.0},{"damage":6.0,"enemies":"Hexaghost","floor":16.0,"turns":11.0},{"damage":0.0,"enemies":"Chosen","floor":18.0,"turns":6.0},{"damage":10.0,"enemies":"Shell Parasite","floor":19.0,"turns":7.0},{"damage":24.0,"enemies":"Sentry and Sphere","floor":21.0,"turns":8.0},{"damage":24.0,"enemies":"3 Cultists","floor":22.0,"turns":6.0},{"damage":10.0,"enemies":"Snake Plant","floor":24.0,"turns":6.0},{"damage":0.0,"enemies":"Shelled Parasite and Fungi","floor":27.0,"turns":7.0},{"damage":22.0,"enemies":"Slavers","floor":28.0,"turns":7.0},{"damage":5.0,"enemies":"Centurion and Healer","floor":30.0,"turns":7.0},{"damage":26.0,"enemies":"Automaton","floor":33.0,"turns":11.0},{"damage":1.0,"enemies":"Orb Walker","floor":35.0,"turns":4.0},{"damage":3.0,"enemies":"3 Shapes","floor":38.0,"turns":6.0},{"damage":3.0,"enemies":"3 Darklings","floor":39.0,"turns":5.0},{"damage":78,"enemies":"Giant Head","floor":40,"turns":11}],"seed_played":"-6848869603128685672","potions_obtained":[{"floor":1.0,"key":"PowerPotion"},{"floor":2.0,"key":"FairyPotion"},{"floor":2.0,"key":"Regen Potion"},{"floor":12.0,"key":"FairyPotion"},{"floor":13.0,"key":"EssenceOfSteel"},{"floor":16.0,"key":"Swift Potion"}],"is_trial":false,"path_per_floor":["M","?","M","?","$","E","$","R","T","?","R","E","M","$","R","B",null,"M","M","?","M","M","R","M","R","T","M","E","R","M","$","R","B",null,"M","?","?","M","M","E"],"character_chosen":"THE_SILENT","items_purchased":["Footwork","Well Laid Plans","Noxious Fumes","Adrenaline"],"campfire_rested":1,"item_purchase_floors":[5,7,31,31],"current_hp_per_floor":[59,59,59,48,48,48,48,48,48,51,51,45,45,45,45,39,59,59,49,49,37,25,25,27,46,46,46,36,36,43,43,43,29,57,56,56,56,53,50,0],"gold":125,"neow_bonus":"THREE_ENEMY_KILL","is_prod":false,"is_daily":false,"chose_seed":false,"campfire_upgraded":6,"win_rate":0,"timestamp":1566927691,"path_taken":["M","?","?","?","$","E","?","R","T","?","R","E","M","$","R","BOSS","M","M","?","M","M","R","M","R","T","M","E","R","M","$","R","BOSS","M","?","?","M","M","E"],"build_version":"2019-07-17","purchased_purges":3,"victory":false,"max_hp_per_floor":[66,66,66,66,66,66,66,66,66,66,66,66,66,66,66,66,66,66,66,66,66,66,66,66,66,66,66,66,66,66,66,66,66,66,66,66,63,63,63,63],"card_choices":[{"not_picked":["Quick Slash","Acrobatics"],"picked":"Predator","floor":1.0},{"not_picked":["Concentrate","Slice"],"picked":"Accuracy","floor":3.0},{"not_picked":["Slice","Bouncing Flask","Eviscerate"],"picked":"SKIP","floor":6.0},{"not_picked":["Quick Slash","Dash"],"picked":"Backflip","floor":10.0},{"not_picked":["Slice","Prepared"],"picked":"Noxious Fumes","floor":12.0},{"not_picked":["Quick Slash","Concentrate"],"picked":"Backflip","floor":13.0},{"not_picked":["Malaise","Burst"],"picked":"Tools of the Trade","floor":16.0},{"not_picked":["Accuracy","Distraction","Heel Hook+1"],"picked":"SKIP","floor":18.0},{"not_picked":["Blade Dance","Caltrops"],"picked":"Acrobatics+1","floor":19.0},{"not_picked":["Dodge and Roll","Underhanded Strike+1"],"picked":"Poisoned Stab","floor":21.0},{"not_picked":["Accuracy","PiercingWail","Eviscerate"],"picked":"SKIP","floor":22.0},{"not_picked":["Accuracy","Eviscerate"],"picked":"PiercingWail","floor":22.0},{"not_picked":["Grand Finale","Skewer","Flying Knee"],"picked":"SKIP","floor":24.0},{"not_picked":["Dagger Spray","Quick Slash","Flechettes+1"],"picked":"SKIP","floor":27.0},{"not_picked":["Tactician","Slice"],"picked":"Backstab","floor":28.0},{"not_picked":["Flying Knee","Sucker Punch","Eviscerate"],"picked":"Bane","floor":30.0},{"not_picked":["Night Terror","A Thousand Cuts","Burst"],"picked":"After Image","floor":33.0},{"not_picked":["All Out Attack+1","Outmaneuver","Prepared+1","Tactician"],"picked":"SKIP","floor":35.0},{"not_picked":["Underhanded Strike+1","Infinite Blades","Deadly Poison","Flying Knee+1"],"picked":"SKIP","floor":38.0},{"not_picked":["Backflip","Setup","Deflect+1","Reflex"],"picked":"SKIP","floor":39.0}],"player_experience":915855,"relics_obtained":[{"floor":6.0,"key":"Anchor"},{"floor":9.0,"key":"Meat on the Bone"},{"floor":10.0,"key":"Odd Mushroom"},{"floor":12.0,"key":"Bag of Preparation"},{"floor":26.0,"key":"Bag of Marbles"},{"floor":28.0,"key":"Question Card"}],"event_choices":[{"damage_healed":0.0,"max_hp_gain":0.0,"max_hp_loss":0.0,"gold_gain":0.0,"event_name":"Lab","player_choice":"Got Potions","floor":2.0,"gold_loss":0.0,"damage_taken":0.0},{"damage_healed":0.0,"max_hp_gain":0.0,"max_hp_loss":0.0,"gold_gain":75.0,"event_name":"World of Goop","player_choice":"Gather Gold","floor":4.0,"gold_loss":0.0,"damage_taken":11.0},{"damage_healed":0.0,"max_hp_gain":0.0,"max_hp_loss":0.0,"gold_gain":0.0,"event_name":"Mushrooms","player_choice":"Fought Mushrooms","floor":10.0,"gold_loss":0.0,"damage_taken":0.0},{"damage_healed":0.0,"max_hp_gain":0.0,"max_hp_loss":0.0,"gold_gain":50.0,"event_name":"Nest","player_choice":"Stole From Cult","floor":20.0,"gold_loss":0.0,"damage_taken":0.0},{"damage_healed":0.0,"max_hp_gain":0.0,"max_hp_loss":0.0,"gold_gain":0.0,"event_name":"Mysterious Sphere","player_choice":"Ignored","floor":36.0,"gold_loss":0.0,"damage_taken":0.0},{"damage_healed":0.0,"max_hp_gain":0.0,"max_hp_loss":3.0,"gold_gain":0.0,"event_name":"Winding Halls","player_choice":"Max HP","floor":37.0,"gold_loss":0.0,"damage_taken":0.0}],"is_beta":false,"boss_relics":[{"not_picked":["WristBlade","Snecko Eye"],"picked":"Sozu"},{"not_picked":["Tiny House","Lizard Tail"],"picked":"Black Star"}],"items_purged_floors":[5,14,31],"is_endless":false,"potions_floor_spawned":[1,3,12,13,16,18,19,28,30,38],"killed_by":"Giant Head","ascension_level":15}