{"gold_per_floor":[119,119,135,135,155,155,185,185,209,209,222,66,76,86,86,161,161,171,86,86],"floor_reached":20,"playtime":741,"items_purged":["Defend_R"],"score":339,"play_id":"50374ce3-4bd1-4110-ab64-f95740d5c1a9","local_time":"20190908184140","is_ascension_mode":true,"campfire_choices":[{"data":"Inflame","floor":6.0,"key":"SMITH"},{"data":"Inflame","floor":8.0,"key":"SMITH"},{"data":"Heavy Blade","floor":15.0,"key":"SMITH"}],"neow_cost":"NONE","seed_source_timestamp":180533735976978,"circlet_count":0,"master_deck":["AscendersBane","Strike_R","Strike_R","Strike_R","Strike_R","Defend_R","Defend_R","Bash","Inflame+1","Shrug It Off","Inflame+1","Pummel","Heavy Blade+1","Feed","Decay","Clumsy","Writhe","Shrug It Off"],"special_seed":0,"relics":["Burning Blood","NeowsBlessing","Regal Pillow","Strawberry","Calling Bell","Dream Catcher","Letter Opener","Ice Cream","Paper Frog"],"potions_floor_usage":[],"damage_taken":[{"damage":0.0,"enemies":"Jaw Worm","floor":1.0,"turns":1.0},{"damage":0.0,"enemies":"Cultist","floor":3.0,"turns":1.0},{"damage":0.0,"enemies":"Small Slimes","floor":5.0,"turns":1.0},{"damage":27.0,"enemies":"Lagavulin","floor":7.0,"turns":6.0},{"damage":6.0,"enemies":"Red Slaver","floor":11.0,"turns":3.0},{"damage":23.0,"enemies":"Exordium Thugs","floor":13.0,"turns":4.0},{"damage":3.0,"enemies":"Looter","floor":14.0,"turns":2.0},{"damage":33.0,"enemies":"Slime Boss","floor":16.0,"turns":8.0},{"damage":56,"enemies":"2 Thieves","floor":18,"turns":4},{"damage":6,"enemies":"Chosen","floor":20,"turns":3}],"seed_played":"-2860515312838180192","potions_obtained":[{"floor":3.0,"key":"Fruit Juice"},{"floor":5.0,"key":"Swift Potion"},{"floor":10.0,"key":"Block Potion"},{"floor":11.0,"key":"GamblersBrew"}],"is_trial":false,"path_per_floor":["M","?","M","?","M","R","E","R","T","?","M","$","M","M","R","B",null,"M","?","M"],"character_chosen":"IRONCLAD","items_purchased":["Pummel"],"campfire_rested":0,"item_purchase_floors":[12],"current_hp_per_floor":[74,74,80,80,80,80,59,59,66,66,66,66,49,52,52,25,72,22,22,16],"gold":86,"neow_bonus":"THREE_ENEMY_KILL","is_prod":false,"is_daily":false,"chose_seed":false,"campfire_upgraded":3,"win_rate":0,"timestamp":1567986100,"path_taken":["M","?","?","?","?","R","E","R","T","?","?","$","M","M","R","BOSS","M","?","M"],"build_version":"2019-07-17","purchased_purges":1,"victory":false,"max_hp_per_floor":[75,75,80,80,80,80,80,80,87,87,87,87,87,87,87,87,87,87,87,87],"card_choices":[{"not_picked":["Clothesline","Cleave","Infernal Blade"],"picked":"SKIP","floor":1.0},{"not_picked":["Sword Boomerang","Clash"],"picked":"Inflame","floor":3.0},{"not_picked":["Dual Wield","Cleave"],"picked":"Shrug It Off","floor":5.0},{"not_picked":["Sword Boomerang","Wild Strike"],"picked":"Inflame","floor":7.0},{"not_picked":["Body Slam","Rampage","Clothesline"],"picked":"SKIP","floor":11.0},{"not_picked":["Body Slam","Rampage","Clothesline"],"picked":"SKIP","floor":11.0},{"not_picked":["Dual Wield","Shrug It Off"],"picked":"Heavy Blade","floor":13.0},{"not_picked":["Second Wind","Rupture","Heavy Blade"],"picked":"SKIP","floor":14.0},{"not_picked":["Dark Embrace","Juggernaut"],"picked":"Feed","floor":16.0},{"not_picked":["Sever Soul","Havoc"],"picked":"Shrug It Off","floor":18}],"player_experience":1149112,"relics_obtained":[{"floor":7.0,"key":"Regal Pillow"},{"floor":9.0,"key":"Strawberry"},{"floor":17,"key":"Dream Catcher"},{"floor":17,"key":"Letter Opener"},{"floor":17,"key":"Ice Cream"}],"event_choices":[{"cards_removed":["Strike_R"],"damage_healed":0.0,"max_hp_gain":0.0,"max_hp_loss":0.0,"gold_gain":0.0,"event_name":"Bonfire Elementals","player_choice":"Offered Basic","floor":2.0,"gold_loss":0.0,"damage_taken":0.0},{"cards_removed":["Defend_R"],"damage_healed":0.0,"max_hp_gain":0.0,"max_hp_loss":0.0,"gold_gain":0.0,"event_name":"Purifier","player_choice":"Purged","floor":4.0,"gold_loss":0.0,"damage_taken":0.0},{"damage_healed":0.0,"max_hp_gain":0.0,"max_hp_loss":0.0,"gold_gain":0.0,"event_name":"Lab","player_choice":"Got Potions","floor":10.0,"gold_loss":0.0,"damage_taken":0.0},{"damage_healed":0,"gold_gain":0,"player_choice":"Obtained Relic","damage_taken":0,"relics_obtained":["Paper Frog"],"max_hp_gain":0,"max_hp_loss":0,"event_name":"Addict","floor":19,"gold_loss":85}],"is_beta":false,"boss_relics":[{"not_picked":["Runic Cube","Pandora\u0027s Box"],"picked":"Calling Bell"}],"items_purged_floors":[12],"is_endless":false,"potions_floor_spawned":[3,5,11],"killed_by":"Chosen","ascension_level":19}