{"gold_per_floor":[117,117,127,142,142,152,152,167,167,187,187,198,223,67,67,67],"floor_reached":16,"playtime":1393,"items_purged":["Defend_G"],"score":187,"play_id":"cbb395dd-fc70-4dda-a616-637046dc778d","local_time":"20190828180249","is_ascension_mode":true,"campfire_choices":[{"data":"Neutralize","floor":7.0,"key":"SMITH"},{"data":"Backflip","floor":11.0,"key":"SMITH"},{"floor":15.0,"key":"REST"}],"neow_cost":"NONE","seed_source_timestamp":1103306396163437,"circlet_count":0,"master_deck":["AscendersBane","Strike_G","Strike_G","Strike_G","Strike_G","Strike_G","Defend_G","Defend_G","Defend_G","Defend_G","Survivor","Neutralize+1","Cloak And Dagger","Adrenaline","Backflip+1","Dash","Well Laid Plans","Backflip","Infinite Blades","Die Die Die","Infinite Blades"],"special_seed":0,"relics":["Ring of the Snake","NeowsBlessing","Bag of Marbles","Prayer Wheel","Dodecahedron","Matryoshka"],"potions_floor_usage":[16],"damage_taken":[{"damage":0.0,"enemies":"Jaw Worm","floor":1.0,"turns":1.0},{"damage":0.0,"enemies":"Cultist","floor":3.0,"turns":1.0},{"damage":0.0,"enemies":"2 Louse","floor":4.0,"turns":1.0},{"damage":0.0,"enemies":"Exordium Wildlife","floor":6.0,"turns":3.0},{"damage":0.0,"enemies":"Looter","floor":8.0,"turns":3.0},{"damage":20.0,"enemies":"Gremlin Gang","floor":10.0,"turns":5.0},{"damage":0.0,"enemies":"Large Slime","floor":12.0,"turns":6.0},{"damage":20.0,"enemies":"Lagavulin","floor":13.0,"turns":7.0},{"damage":35,"enemies":"Slime Boss","floor":16,"turns":10}],"seed_played":"-3983193331842886380","potions_obtained":[{"floor":3.0,"key":"FearPotion"},{"floor":8.0,"key":"Weak Potion"},{"floor":13.0,"key":"Block Potion"}],"is_trial":false,"path_per_floor":["M","?","M","M","?","M","R","M","T","M","R","M","E","$","R","B"],"character_chosen":"THE_SILENT","items_purchased":["Infinite Blades"],"campfire_rested":1,"item_purchase_floors":[14],"current_hp_per_floor":[59,59,59,59,59,59,59,59,59,39,39,39,19,19,38,3],"gold":67,"neow_bonus":"THREE_ENEMY_KILL","is_prod":false,"is_daily":false,"chose_seed":false,"campfire_upgraded":2,"win_rate":0,"timestamp":1567033369,"path_taken":["M","?","?","M","?","?","R","M","T","M","R","M","E","$","R","BOSS"],"build_version":"2019-07-17","purchased_purges":1,"victory":false,"max_hp_per_floor":[66,66,66,66,66,66,66,66,66,66,66,66,66,66,66,66],"card_choices":[{"not_picked":["Bane","Cloak And Dagger"],"picked":"Leg Sweep","floor":1.0},{"not_picked":["Eviscerate","Caltrops"],"picked":"Cloak And Dagger","floor":3.0},{"not_picked":["Sucker Punch","PiercingWail"],"picked":"Adrenaline","floor":4.0},{"not_picked":["Distraction","Sucker Punch","Outmaneuver"],"picked":"SKIP","floor":6.0},{"not_picked":["Deadly Poison","Underhanded Strike","Poisoned Stab"],"picked":"SKIP","floor":6.0},{"not_picked":["Dodge and Roll","Acrobatics"],"picked":"Backflip","floor":8.0},{"not_picked":["Outmaneuver","Dodge and Roll"],"picked":"Dash","floor":8.0},{"not_picked":["Endless Agony","Underhanded Strike"],"picked":"Well Laid Plans","floor":10.0},{"not_picked":["Blur","Underhanded Strike"],"picked":"Backflip","floor":10.0},{"not_picked":["Underhanded Strike","Dodge and Roll"],"picked":"Infinite Blades","floor":12.0},{"not_picked":["PiercingWail","Setup","Underhanded Strike"],"picked":"SKIP","floor":12.0},{"not_picked":["PiercingWail","Setup","Underhanded Strike"],"picked":"SKIP","floor":12.0},{"not_picked":["Concentrate","Acrobatics"],"picked":"Die Die Die","floor":13.0}],"player_experience":946961,"relics_obtained":[{"floor":5.0,"key":"Prayer Wheel"},{"floor":9.0,"key":"Dodecahedron"},{"floor":13.0,"key":"Matryoshka"}],"event_choices":[{"cards_removed":["Leg Sweep"],"damage_healed":0.0,"max_hp_gain":0.0,"max_hp_loss":0.0,"gold_gain":0.0,"event_name":"WeMeetAgain","player_choice":"Gave Card","floor":2.0,"gold_loss":0.0,"damage_taken":0.0,"relics_obtained":["Bag of Marbles"]},{"damage_healed":0.0,"max_hp_gain":0.0,"max_hp_loss":0.0,"gold_gain":0.0,"event_name":"Wheel of Change","player_choice":"Relic","floor":5.0,"gold_loss":0.0,"damage_taken":0.0}],"is_beta":false,"boss_relics":[],"items_purged_floors":[14],"is_endless":false,"potions_floor_spawned":[3,8,10,13],"killed_by":"Slime Boss","ascension_level":16}