{"gold_per_floor":[13,63,63,77,2,2,20,54,105,131,149,149,166,41,41,117,117,137,152,152],"floor_reached":20,"playtime":1081,"items_purged":["Strike_R"],"score":359,"play_id":"fdef9997-ed91-43c4-bd15-b2141060d720","local_time":"20190908204823","is_ascension_mode":true,"campfire_choices":[{"data":"Inflame","floor":6.0,"key":"SMITH"},{"floor":12.0,"key":"REST"},{"data":"Clothesline","floor":15.0,"key":"SMITH"}],"neow_cost":"NO_GOLD","seed_source_timestamp":185588653995594,"circlet_count":0,"master_deck":["AscendersBane","Strike_R","Strike_R","Strike_R+1","Strike_R","Defend_R","Defend_R","Defend_R","Bash+1","Inflame+1","True Grit+1","Shrug It Off+1","Clothesline+1","Barricade","Feel No Pain"],"special_seed":0,"relics":["Burning Blood","FossilizedHelix","Whetstone","Bronze Scales","Toxic Egg 2","Sozu"],"potions_floor_usage":[],"damage_taken":[{"damage":2.0,"enemies":"Jaw Worm","floor":1.0,"turns":3.0},{"damage":0.0,"enemies":"Cultist","floor":4.0,"turns":3.0},{"damage":0.0,"enemies":"2 Louse","floor":7.0,"turns":2.0},{"damage":18.0,"enemies":"Gremlin Nob","floor":8.0,"turns":4.0},{"damage":30.0,"enemies":"3 Sentries","floor":10.0,"turns":7.0},{"damage":11.0,"enemies":"Looter","floor":11.0,"turns":3.0},{"damage":0.0,"enemies":"Red Slaver","floor":13.0,"turns":3.0},{"damage":46.0,"enemies":"Hexaghost","floor":16.0,"turns":12.0},{"damage":15.0,"enemies":"2 Thieves","floor":18.0,"turns":4.0},{"damage":11.0,"enemies":"Shell Parasite","floor":19.0,"turns":5.0},{"damage":51,"enemies":"Masked Bandits","floor":20,"turns":4}],"seed_played":"-595752467341085004","potions_obtained":[{"floor":1.0,"key":"Weak Potion"},{"floor":7.0,"key":"Dexterity Potion"}],"is_trial":false,"path_per_floor":["M","?","$","M","?","R","M","E","T","E","M","R","M","$","R","B",null,"M","M","?"],"character_chosen":"IRONCLAD","items_purchased":["Clothesline"],"campfire_rested":1,"item_purchase_floors":[14],"current_hp_per_floor":[72,65,65,71,71,71,75,63,63,39,34,56,62,62,62,22,62,53,48,0],"gold":152,"neow_bonus":"ONE_RARE_RELIC","is_prod":false,"is_daily":false,"chose_seed":false,"campfire_upgraded":2,"win_rate":0,"timestamp":1567993703,"path_taken":["M","?","?","M","?","R","M","E","T","E","M","R","?","$","R","BOSS","M","M","?"],"build_version":"2019-07-17","purchased_purges":1,"victory":false,"max_hp_per_floor":[75,75,75,75,75,75,75,75,75,75,75,75,75,75,75,75,75,75,75,75],"card_choices":[{"not_picked":["Pummel","Pommel Strike"],"picked":"Inflame","floor":1.0},{"not_picked":["Cleave","Intimidate","Warcry"],"picked":"SKIP","floor":4.0},{"not_picked":["Clothesline","Rampage","Thunderclap"],"picked":"SKIP","floor":7.0},{"not_picked":["Entrench","Juggernaut","Thunderclap"],"picked":"SKIP","floor":8.0},{"not_picked":["Blood for Blood","Heavy Blade"],"picked":"True Grit","floor":10.0},{"not_picked":["Dropkick","Sword Boomerang","Reckless Charge"],"picked":"SKIP","floor":11.0},{"not_picked":["Battle Trance+1","Perfected Strike"],"picked":"Shrug It Off+1","floor":13.0},{"not_picked":["Immolate","Fiend Fire"],"picked":"Barricade","floor":16.0},{"not_picked":["Sever Soul","Corruption"],"picked":"Feel No Pain","floor":18.0},{"not_picked":["Carnage","Twin Strike","Havoc+1"],"picked":"SKIP","floor":19.0}],"player_experience":1151893,"relics_obtained":[{"floor":8.0,"key":"Whetstone"},{"floor":9.0,"key":"Bronze Scales"},{"floor":10.0,"key":"Toxic Egg 2"}],"event_choices":[{"damage_healed":0.0,"max_hp_gain":0.0,"max_hp_loss":0.0,"gold_gain":50.0,"event_name":"FaceTrader","player_choice":"Touch","floor":2.0,"gold_loss":0.0,"damage_taken":7.0},{"cards_removed":["Defend_R"],"damage_healed":0.0,"max_hp_gain":0.0,"max_hp_loss":0.0,"gold_gain":0.0,"event_name":"The Cleric","player_choice":"Card Removal","floor":5.0,"gold_loss":75.0,"damage_taken":0.0},{"damage_healed":0,"gold_gain":0,"player_choice":"Fought Bandits","damage_taken":0,"max_hp_gain":0,"max_hp_loss":0,"event_name":"Masked Bandits","floor":20,"gold_loss":0}],"is_beta":false,"boss_relics":[{"not_picked":["Philosopher\u0027s Stone","Empty Cage"],"picked":"Sozu"}],"items_purged_floors":[14],"is_endless":false,"potions_floor_spawned":[1,7,18],"killed_by":"Masked Bandits","ascension_level":19}