{"gold_per_floor":[116,291,291,291,14,14,41,58,58,58,58,58,76,155,155,253,253,270,119,119,119,134,134,153,153,153,178,190,205,216,64,64,166,166,184,0,0,20,20,46,46,66,66,80,91,108,208,237,237,237],"floor_reached":51,"playtime":4128,"items_purged":["Reinforced Body"],"score":900,"play_id":"e50c5ea9-e0e1-4979-a070-042e691400a9","local_time":"20190907131222","daily_mods":["Insanity","Red Cards"],"is_ascension_mode":false,"campfire_choices":[{"data":"White Noise","floor":6,"key":"SMITH"},{"data":"Iron Wave","floor":11,"key":"SMITH"},{"data":"True Grit","floor":15,"key":"SMITH"},{"data":"Warcry","floor":23,"key":"SMITH"},{"data":"Shockwave","floor":25,"key":"SMITH"},{"data":"Second Wind","floor":32,"key":"SMITH"},{"data":"Havoc","floor":41,"key":"SMITH"},{"data":"Pommel Strike","floor":49,"key":"SMITH"}],"neow_cost":"","seed_source_timestamp":49828010931035,"circlet_count":0,"master_deck":["Turbo","Sever Soul","True Grit+1","Warcry+1","True Grit","Rebound","Shockwave+1","Aggregate","Bloodletting","Iron Wave+1","Steam Power","Rebound","Headbutt","Second Wind+1","Spot Weakness","Static Discharge","Consume","Force Field","Uppercut","White Noise+1","Beam Cell","Shrug It Off","Glacier","Warcry","Heavy Blade","Turbo","Uppercut","Twin Strike","Headbutt","Pommel Strike+1","Beam Cell","Hologram","Anger","Battle Trance","Twin Strike","Ball Lightning","Heatsinks","Genetic Algorithm","Sweeping Beam","Hello World","Reinforced Body","Coolheaded","Havoc+1","Battle Trance","Undo","Redo","Static Discharge","Doubt","Compile Driver","Melter","Warcry","Cleave","Double Energy","Zap","Dual Wield","Feed","Defragment","Darkness","Chill","Rupture+1","Battle Trance","Defragment","Reprogram","Seeing Red","Amplify","Havoc","Havoc+1","Disarm+1","Shockwave+1"],"relics":["Cracked Core","Sundial","Kunai","Dead Branch","Ancient Tea Set","Pear","Nuclear Battery","Bag of Preparation","Mummified Hand","Pen Nib","Busted Crown","Red Mask","Smiling Mask","Boot","Calipers","Omamori"],"potions_floor_usage":[16,16,24,28,33,33,40,40,44,47,50,50,50],"damage_taken":[{"damage":0,"enemies":"Small Slimes","floor":1,"turns":3},{"damage":8,"enemies":"Gremlin Nob","floor":7,"turns":4},{"damage":9,"enemies":"2 Louse","floor":8,"turns":2},{"damage":3,"enemies":"Jaw Worm","floor":13,"turns":4},{"damage":23,"enemies":"Slime Boss","floor":16,"turns":7},{"damage":0,"enemies":"3 Byrds","floor":18,"turns":1},{"damage":0,"enemies":"Spheric Guardian","floor":22,"turns":3},{"damage":7,"enemies":"Snecko","floor":24,"turns":4},{"damage":9,"enemies":"Book of Stabbing","floor":27,"turns":3},{"damage":7,"enemies":"Snake Plant","floor":28,"turns":4},{"damage":0,"enemies":"Cultist and Chosen","floor":29,"turns":1},{"damage":17,"enemies":"3 Cultists","floor":30,"turns":4},{"damage":3,"enemies":"Automaton","floor":33,"turns":7},{"damage":15,"enemies":"3 Darklings","floor":35,"turns":4},{"damage":0,"enemies":"Orb Walker","floor":38,"turns":2},{"damage":0,"enemies":"Giant Head","floor":40,"turns":2},{"damage":5,"enemies":"Jaw Worm Horde","floor":42,"turns":4},{"damage":6,"enemies":"Sphere and 2 Shapes","floor":44,"turns":4},{"damage":0,"enemies":"Transient","floor":45,"turns":5},{"damage":6,"enemies":"Writhing Mass","floor":46,"turns":1},{"damage":16,"enemies":"Mind Bloom Boss Battle","floor":47,"turns":5},{"damage":17,"enemies":"Nemesis","floor":48,"turns":5},{"damage":20,"enemies":"Donu and Deca","floor":50,"turns":6}],"seed_played":"6811409239435536085","potions_obtained":[{"floor":7,"key":"PowerPotion"},{"floor":13,"key":"Poison Potion"},{"floor":16,"key":"Ancient Potion"},{"floor":18,"key":"AttackPotion"},{"floor":27,"key":"Regen Potion"},{"floor":30,"key":"Poison Potion"},{"floor":35,"key":"Energy Potion"},{"floor":37,"key":"SkillPotion"},{"floor":37,"key":"SkillPotion"},{"floor":37,"key":"Ancient Potion"},{"floor":40,"key":"LiquidBronze"},{"floor":42,"key":"SkillPotion"},{"floor":45,"key":"Strength Potion"},{"floor":48,"key":"Dexterity Potion"}],"is_trial":true,"path_per_floor":["M","?","?","?","$","R","E","M","T","?","R","$","M","T","R","B",null,"M","$","?","?","M","R","M","R","T","E","M","M","M","$","R","B",null,"M","?","?","M","$","E","R","M","T","M","M","M","?","E","R","B",null],"character_chosen":"DEFECT","items_purchased":["Kunai","Melter","Bag of Preparation","Seeing Red"],"campfire_rested":0,"item_purchase_floors":[5,5,19,31],"current_hp_per_floor":[75,75,75,68,68,68,60,51,51,51,51,51,48,58,58,35,85,85,85,85,85,85,85,78,78,78,69,62,62,45,45,45,56,85,70,70,70,70,70,70,70,68,68,65,65,62,49,32,32,12],"gold":237,"neow_bonus":"","is_prod":false,"is_daily":false,"chose_seed":false,"campfire_upgraded":8,"win_rate":0.0,"timestamp":1567876342,"path_taken":["M","?","?","?","?","R","E","?","T","?","R","$","?","?","R","BOSS","M","$","?","?","?","R","M","R","T","E","?","M","M","$","R","BOSS","M","?","?","?","?","E","R","M","T","M","M","M","?","E","R","BOSS"],"build_version":"2019-07-17","purchased_purges":1,"victory":true,"max_hp_per_floor":[75,75,75,75,75,75,75,75,75,75,75,75,75,85,85,85,85,85,85,85,85,85,85,85,85,85,85,85,85,85,85,85,85,85,85,85,85,85,85,85,85,88,88,91,91,94,97,97,97,97],"card_choices":[{"not_picked":["Flex","Beam Cell","Cold Snap"],"picked":"SKIP","floor":1},{"not_picked":["Rupture","Rebound"],"picked":"Warcry","floor":7},{"not_picked":["Fire Breathing","Leap"],"picked":"Cleave","floor":8},{"not_picked":["Thunderclap","Steam"],"picked":"Dual Wield","floor":13},{"not_picked":["Berserk","Core Surge"],"picked":"Feed","floor":16},{"not_picked":["Rip and Tear","Reinforced Body+1"],"picked":"Defragment","floor":18},{"not_picked":["Capacitor","True Grit"],"picked":"Darkness","floor":22},{"not_picked":["Inflame","Twin Strike+1"],"picked":"Chill","floor":24},{"not_picked":["Impervious","Turbo"],"picked":"Rupture+1","floor":27},{"not_picked":["Blizzard","Sunder+1"],"picked":"Battle Trance","floor":28},{"not_picked":["Metallicize","Fire Breathing"],"picked":"Defragment","floor":29},{"not_picked":["Auto Shields","Barrage"],"picked":"Reprogram","floor":30},{"not_picked":["Impervious","Limit Break"],"picked":"Amplify","floor":33},{"not_picked":["Sword Boomerang"],"picked":"SKIP","floor":35},{"not_picked":["Searing Blow"],"picked":"SKIP","floor":38},{"not_picked":[],"picked":"Havoc","floor":40},{"not_picked":[],"picked":"Havoc+1","floor":42},{"not_picked":[],"picked":"Disarm+1","floor":44},{"not_picked":["Thunderclap+1"],"picked":"SKIP","floor":45},{"not_picked":["Stack+1"],"picked":"SKIP","floor":46},{"not_picked":[],"picked":"Shockwave+1","floor":47},{"not_picked":["Lockon+1"],"picked":"SKIP","floor":48}],"player_experience":22087,"relics_obtained":[{"floor":7,"key":"Dead Branch"},{"floor":9,"key":"Ancient Tea Set"},{"floor":14,"key":"Pear"},{"floor":26,"key":"Mummified Hand"},{"floor":27,"key":"Pen Nib"},{"floor":40,"key":"Smiling Mask"},{"floor":43,"key":"Boot"},{"floor":47,"key":"Calipers"},{"floor":48,"key":"Omamori"}],"event_choices":[{"damage_healed":0,"gold_gain":175,"player_choice":"AGREE","damage_taken":0,"max_hp_gain":0,"max_hp_loss":0,"event_name":"Liars Game","floor":2,"gold_loss":0,"cards_obtained":["Doubt"]},{"damage_healed":0,"gold_gain":0,"cards_transformed":["Stack"],"player_choice":"Change","damage_taken":0,"max_hp_gain":0,"max_hp_loss":0,"event_name":"Living Wall","floor":3,"gold_loss":0,"cards_obtained":["Compile Driver"]},{"damage_healed":0,"gold_gain":0,"player_choice":"Success","damage_taken":7,"relics_obtained":["Sundial"],"max_hp_gain":0,"max_hp_loss":0,"event_name":"Scrap Ooze","floor":4,"gold_loss":0},{"damage_healed":0,"gold_gain":0,"player_choice":"2 cards matched","damage_taken":0,"max_hp_gain":0,"max_hp_loss":0,"event_name":"Match and Keep!","floor":10,"gold_loss":0,"cards_obtained":["Double Energy","Zap"]},{"damage_healed":0,"gold_gain":0,"player_choice":"Ignored","damage_taken":0,"max_hp_gain":0,"max_hp_loss":0,"event_name":"Vampires","floor":20,"gold_loss":0},{"cards_removed":["Hello World"],"damage_healed":0,"gold_gain":0,"player_choice":"Purged","damage_taken":0,"max_hp_gain":0,"max_hp_loss":0,"event_name":"Purifier","floor":21,"gold_loss":0},{"damage_healed":0,"gold_gain":0,"player_choice":"Paid","damage_taken":0,"relics_obtained":["Red Mask"],"max_hp_gain":0,"max_hp_loss":0,"event_name":"Tomb of Lord Red Mask","floor":36,"gold_loss":184},{"damage_healed":0,"gold_gain":0,"player_choice":"Got Potions","damage_taken":0,"max_hp_gain":0,"max_hp_loss":0,"event_name":"Lab","floor":37,"gold_loss":0},{"damage_healed":0,"gold_gain":0,"player_choice":"Fight","damage_taken":0,"max_hp_gain":0,"max_hp_loss":0,"event_name":"MindBloom","floor":47,"gold_loss":0}],"is_beta":false,"boss_relics":[{"not_picked":["Runic Pyramid","Coffee Dripper"],"picked":"Nuclear Battery"},{"not_picked":["Runic Dome","White Beast Statue"],"picked":"Busted Crown"}],"items_purged_floors":[31],"is_endless":false,"potions_floor_spawned":[7,13,16,18,27,30,35,40,42,45,48],"ascension_level":0}