{"gold_per_floor":[117,42,57,57,69,102,102,116,140,140,165,165,7,70,70,70],"floor_reached":16,"playtime":575,"items_purged":["Strike_B"],"score":193,"play_id":"b70510e6-0e32-4bd3-b289-ffd1b7bee038","local_time":"20190831101504","is_ascension_mode":true,"campfire_choices":[{"floor":7,"key":"REST"},{"floor":10,"key":"REST"},{"floor":15,"key":"REST"}],"neow_cost":"NONE","seed_source_timestamp":1240519184900053,"circlet_count":0,"master_deck":["AscendersBane","Strike_B","Strike_B","Strike_B","Defend_B","Defend_B","Defend_B","Defend_B","Zap","Dualcast","Coolheaded","Leap","Ball Lightning","Ball Lightning","Coolheaded","BootSequence","Sunder","Go for the Eyes"],"relics":["Velvet Choker","Strawberry","Omamori","Boot","SsserpentHead"],"potions_floor_usage":[],"damage_taken":[{"damage":0,"enemies":"Small Slimes","floor":1,"turns":3},{"damage":3,"enemies":"Cultist","floor":3,"turns":4},{"damage":4,"enemies":"Jaw Worm","floor":5,"turns":4},{"damage":25,"enemies":"3 Sentries","floor":6,"turns":9},{"damage":24,"enemies":"Gremlin Gang","floor":8,"turns":4},{"damage":20,"enemies":"Gremlin Nob","floor":11,"turns":4},{"damage":0,"enemies":"Exordium Wildlife","floor":14,"turns":3},{"damage":0,"enemies":"The Guardian","floor":16,"turns":1}],"seed_played":"-1647072612214560535","potions_obtained":[{"floor":8,"key":"Energy Potion"},{"floor":11,"key":"Energy Potion"}],"is_trial":false,"path_per_floor":["M","$","M","?","M","E","R","M","T","R","E","?","$","M","R","B"],"character_chosen":"DEFECT","items_purchased":["BootSequence","Sunder"],"campfire_rested":3,"item_purchase_floors":[13,13],"current_hp_per_floor":[64,64,61,66,62,44,68,44,44,68,48,48,48,48,72,72],"gold":70,"neow_bonus":"BOSS_RELIC","is_prod":false,"is_daily":false,"chose_seed":false,"campfire_upgraded":0,"win_rate":0,"timestamp":1567264504,"path_taken":["M","$","M","?","M","E","R","M","T","R","E","?","$","?","R","BOSS"],"build_version":"2019-07-17","purchased_purges":1,"victory":false,"max_hp_per_floor":[71,71,71,76,76,83,83,83,83,83,83,83,83,83,83,83],"card_choices":[{"not_picked":["Beam Cell","Consume"],"picked":"Coolheaded","floor":1},{"not_picked":["Coolheaded","Stack"],"picked":"Leap","floor":3},{"not_picked":["Hologram","Stack"],"picked":"Ball Lightning","floor":5},{"not_picked":["Streamline","FTL"],"picked":"Ball Lightning","floor":6},{"not_picked":["Steam","Multi-Cast"],"picked":"Coolheaded","floor":8},{"not_picked":["Compile Driver","Blizzard","Redo"],"picked":"SKIP","floor":11},{"not_picked":["Sweeping Beam","Steam Power"],"picked":"Go for the Eyes","floor":14}],"player_experience":1015708,"relics_obtained":[{"floor":6,"key":"Strawberry"},{"floor":9,"key":"Omamori"},{"floor":11,"key":"Boot"}],"event_choices":[{"damage_healed":0,"gold_gain":0,"player_choice":"Donut","damage_taken":0,"max_hp_gain":5,"max_hp_loss":0,"event_name":"Big Fish","floor":4,"gold_loss":0},{"damage_healed":0,"gold_gain":0,"player_choice":"Trade","damage_taken":0,"relics_obtained":["SsserpentHead"],"max_hp_gain":0,"max_hp_loss":0,"event_name":"FaceTrader","floor":12,"gold_loss":0}],"is_beta":false,"boss_relics":[],"items_purged_floors":[2],"is_endless":false,"potions_floor_spawned":[8,11],"killed_by":"The Guardian","ascension_level":15}