{"gold_per_floor":[211,211,99,99,119,150,150,150,150,163,181,181,181,199,199,276,276,276,276,276,191,62,62],"floor_reached":23,"playtime":1731,"items_purged":["Defend_R","Strike_R"],"score":454,"play_id":"472efa03-8b26-49f9-a75f-a14a32260d4d","local_time":"20190907211210","is_ascension_mode":true,"campfire_choices":[{"data":"Barricade","floor":8.0,"key":"SMITH"},{"floor":13.0,"key":"REST"},{"floor":15.0,"key":"REST"}],"neow_cost":"NONE","seed_source_timestamp":147091113321500,"circlet_count":0,"master_deck":["AscendersBane","Strike_R","Strike_R+1","Defend_R","Defend_R","Defend_R+1","Bash","Entrench","Ghostly Armor","Dropkick","Barricade+1","Armaments","Body Slam","Juggernaut","Iron Wave","Shrug It Off"],"special_seed":0,"relics":["Burning Blood","Strawberry","Bag of Marbles","Ectoplasm","Molten Egg 2"],"potions_floor_usage":[18],"damage_taken":[{"damage":10.0,"enemies":"Small Slimes","floor":1.0,"turns":4.0},{"damage":9.0,"enemies":"Jaw Worm","floor":5.0,"turns":5.0},{"damage":54.0,"enemies":"Gremlin Nob","floor":6.0,"turns":5.0},{"damage":0.0,"enemies":"2 Louse","floor":10.0,"turns":2.0},{"damage":2.0,"enemies":"Gremlin Gang","floor":11.0,"turns":8.0},{"damage":1.0,"enemies":"Looter","floor":14.0,"turns":3.0},{"damage":0.0,"enemies":"Slime Boss","floor":16.0,"turns":8.0},{"damage":0,"enemies":"2 Thieves","floor":18,"turns":1},{"damage":20,"enemies":"Chosen","floor":20,"turns":5},{"damage":84,"enemies":"Slavers","floor":23,"turns":6}],"seed_played":"-4303079873678389199","potions_obtained":[{"floor":1.0,"key":"Strength Potion"},{"floor":11.0,"key":"Dexterity Potion"},{"floor":14.0,"key":"SmokeBomb"}],"is_trial":false,"path_per_floor":["M","?","$","?","M","E","?","R","T","M","M","?","R","M","R","B",null,"M","$","M","?","$","E"],"character_chosen":"IRONCLAD","items_purchased":["Ghostly Armor","Shrug It Off"],"campfire_rested":2,"item_purchase_floors":[3,22],"current_hp_per_floor":[64,69,69,62,59,18,18,18,18,24,28,2,28,33,59,65,82,87,87,73,73,73,0],"gold":62,"neow_bonus":"HUNDRED_GOLD","is_prod":false,"is_daily":false,"chose_seed":false,"campfire_upgraded":1,"win_rate":0,"timestamp":1567908730,"path_taken":["M","?","$","?","M","E","?","R","T","?","M","?","R","M","R","BOSS","M","$","M","?","$","E"],"build_version":"2019-07-17","purchased_purges":2,"victory":false,"max_hp_per_floor":[75,80,80,80,80,87,87,87,87,87,87,87,87,87,87,87,87,87,87,87,87,87,87],"card_choices":[{"not_picked":["Perfected Strike","Clothesline"],"picked":"Entrench","floor":1.0},{"not_picked":["Headbutt","Perfected Strike","Feel No Pain"],"picked":"SKIP","floor":5.0},{"not_picked":["Evolve","Havoc"],"picked":"Dropkick","floor":6.0},{"not_picked":["Clash","Clothesline"],"picked":"Armaments","floor":10.0},{"not_picked":["Bloodletting","Sentinel"],"picked":"Body Slam","floor":11.0},{"not_picked":["Wild Strike","Brutality","Pommel Strike"],"picked":"SKIP","floor":14.0},{"not_picked":["Exhume","Limit Break"],"picked":"Juggernaut","floor":16.0},{"not_picked":["Second Wind","Anger"],"picked":"Iron Wave","floor":20}],"player_experience":1132093,"relics_obtained":[{"floor":6.0,"key":"Strawberry"},{"floor":9.0,"key":"Bag of Marbles"}],"event_choices":[{"damage_healed":0.0,"max_hp_gain":5.0,"max_hp_loss":0.0,"gold_gain":0.0,"event_name":"Big Fish","player_choice":"Donut","floor":2.0,"gold_loss":0.0,"damage_taken":0.0},{"cards_removed":["Strike_R"],"damage_healed":0.0,"max_hp_gain":0.0,"max_hp_loss":0.0,"gold_gain":0.0,"event_name":"Golden Wing","player_choice":"Card Removal","floor":4.0,"gold_loss":0.0,"damage_taken":7.0},{"damage_healed":0.0,"max_hp_gain":0.0,"max_hp_loss":0.0,"gold_gain":0.0,"cards_transformed":["Strike_R"],"event_name":"Transmorgrifier","player_choice":"Transformed","floor":7.0,"gold_loss":0.0,"damage_taken":0.0,"cards_obtained":["Barricade"]},{"damage_healed":0.0,"max_hp_gain":0.0,"max_hp_loss":0.0,"gold_gain":0.0,"event_name":"Shining Light","player_choice":"Entered Light","floor":12.0,"gold_loss":0.0,"damage_taken":26.0,"cards_upgraded":["Strike_R","Defend_R"]},{"damage_healed":0,"gold_gain":0,"player_choice":"Obtained Relic","damage_taken":0,"relics_obtained":["Molten Egg 2"],"max_hp_gain":0,"max_hp_loss":0,"event_name":"Addict","floor":21,"gold_loss":85}],"is_beta":false,"boss_relics":[{"not_picked":["Philosopher\u0027s Stone","Lizard Tail"],"picked":"Ectoplasm"}],"items_purged_floors":[3,22],"is_endless":false,"potions_floor_spawned":[1,11,14,18],"killed_by":"Slavers","ascension_level":18}