{"gold_per_floor":[114,128,53,53,69,69,28,39,66,66,40,40,51,68,68,142,142,162,162,176,191,116,116,149,179,179,192,192,192],"floor_reached":29,"playtime":8551,"items_purged":["Strike_G"],"score":423,"play_id":"7f3f7a1e-7783-4103-b53f-0c28052465f6","local_time":"20190828171732","is_ascension_mode":true,"campfire_choices":[{"data":"Blur","floor":6.0,"key":"SMITH"},{"data":"Neutralize","floor":10.0,"key":"SMITH"},{"data":"Cloak And Dagger","floor":15.0,"key":"SMITH"},{"data":"Blur","floor":23.0,"key":"SMITH"},{"data":"Bullet Time","floor":28,"key":"SMITH"}],"neow_cost":"NONE","seed_source_timestamp":1092776084015868,"circlet_count":0,"master_deck":["AscendersBane","Strike_G","Strike_G","Strike_G","Strike_G","Defend_G","Defend_G","Defend_G","Defend_G","Survivor","Neutralize+1","Backstab","PiercingWail","Blur+1","Dash+1","Cloak And Dagger+1","Deflect","Slice","Bullet Time+1","Blade Dance+1","RitualDagger","Blur+1","Acrobatics"],"special_seed":0,"relics":["Runic Pyramid","Blood Vial","Lizard Tail","Red Mask","Bag of Preparation","Bottled Lightning"],"potions_floor_usage":[29],"damage_taken":[{"damage":8.0,"enemies":"2 Louse","floor":1.0,"turns":4.0},{"damage":7.0,"enemies":"Jaw Worm","floor":2.0,"turns":3.0},{"damage":0.0,"enemies":"Cultist","floor":5.0,"turns":4.0},{"damage":0.0,"enemies":"3 Louse","floor":8.0,"turns":3.0},{"damage":6.0,"enemies":"Lots of Slimes","floor":13.0,"turns":6.0},{"damage":0.0,"enemies":"2 Fungi Beasts","floor":14.0,"turns":3.0},{"damage":13.0,"enemies":"The Guardian","floor":16.0,"turns":17.0},{"damage":1.0,"enemies":"3 Byrds","floor":18.0,"turns":9.0},{"damage":10.0,"enemies":"Spheric Guardian","floor":20.0,"turns":5.0},{"damage":17.0,"enemies":"3 Cultists","floor":21.0,"turns":8.0},{"damage":13.0,"enemies":"Masked Bandits","floor":24.0,"turns":8.0},{"damage":32.0,"enemies":"Slavers","floor":25.0,"turns":12.0},{"damage":8,"enemies":"Snake Plant","floor":27,"turns":7},{"damage":42,"enemies":"Gremlin Leader","floor":29,"turns":10}],"seed_played":"-1007083117694028125","potions_obtained":[{"floor":5.0,"key":"EssenceOfSteel"},{"floor":20.0,"key":"GhostInAJar"},{"floor":21.0,"key":"Weak Potion"},{"floor":27,"key":"Regen Potion"}],"is_trial":false,"path_per_floor":["M","M","?","?","M","R","$","M","T","R","$","?","M","M","R","B",null,"M","?","M","M","$","R","?","E","T","M","R","E"],"character_chosen":"THE_SILENT","items_purchased":["Dash","Deflect"],"campfire_rested":0,"item_purchase_floors":[7,11],"current_hp_per_floor":[51,44,44,66,66,66,66,66,66,66,66,66,60,62,62,51,62,63,57,49,34,34,34,23,27,27,21,21,0],"gold":192,"neow_bonus":"BOSS_RELIC","is_prod":false,"is_daily":false,"chose_seed":false,"campfire_upgraded":5,"win_rate":0,"timestamp":1567030652,"path_taken":["M","M","?","?","?","R","$","M","T","R","$","?","?","M","R","BOSS","M","?","M","M","$","R","?","E","T","?","R","E"],"build_version":"2019-07-17","purchased_purges":1,"victory":false,"max_hp_per_floor":[66,66,66,66,66,66,66,66,66,66,66,66,66,66,66,66,66,66,66,66,66,66,66,66,66,66,66,66,66],"card_choices":[{"not_picked":["Poisoned Stab","Setup"],"picked":"Backstab","floor":1.0},{"not_picked":["Masterful Stab","Blade Dance"],"picked":"PiercingWail","floor":2.0},{"not_picked":["Poisoned Stab","Acrobatics"],"picked":"Blur","floor":5.0},{"not_picked":["PiercingWail","Backstab"],"picked":"Cloak And Dagger","floor":8.0},{"not_picked":["Underhanded Strike","Dagger Throw","Poisoned Stab"],"picked":"SKIP","floor":13.0},{"not_picked":["Blade Dance","Distraction"],"picked":"Slice","floor":14.0},{"not_picked":["Corpse Explosion","Wraith Form v2"],"picked":"Bullet Time","floor":16.0},{"not_picked":["Expertise","Masterful Stab"],"picked":"Blade Dance+1","floor":18.0},{"not_picked":["Choke","Deflect","Heel Hook"],"picked":"SKIP","floor":20.0},{"not_picked":["Sucker Punch","Flying Knee"],"picked":"Blur","floor":21.0},{"not_picked":["Prepared","Riddle With Holes"],"picked":"Acrobatics","floor":24.0},{"not_picked":["Deadly Poison","Unload","Deflect"],"picked":"SKIP","floor":25.0},{"not_picked":["All Out Attack+1","Dodge and Roll","Leg Sweep"],"picked":"SKIP","floor":27}],"player_experience":937696,"relics_obtained":[{"floor":9.0,"key":"Blood Vial"},{"floor":24.0,"key":"Red Mask"},{"floor":25.0,"key":"Bag of Preparation"},{"floor":26.0,"key":"Bottled Lightning"}],"event_choices":[{"cards_removed":["Defend_G"],"damage_healed":0.0,"max_hp_gain":0.0,"max_hp_loss":0.0,"gold_gain":0.0,"event_name":"The Cleric","player_choice":"Card Removal","floor":3.0,"gold_loss":75.0,"damage_taken":0.0},{"damage_healed":22.0,"max_hp_gain":0.0,"max_hp_loss":0.0,"gold_gain":0.0,"event_name":"Wheel of Change","player_choice":"Full Heal","floor":4.0,"gold_loss":0.0,"damage_taken":0.0},{"damage_healed":0.0,"max_hp_gain":0.0,"max_hp_loss":0.0,"gold_gain":0.0,"event_name":"Upgrade Shrine","player_choice":"Upgraded","floor":12.0,"gold_loss":0.0,"damage_taken":0.0,"cards_upgraded":["Dash"]},{"damage_healed":0.0,"max_hp_gain":0.0,"max_hp_loss":0.0,"gold_gain":0.0,"event_name":"Nest","player_choice":"Joined the Cult","floor":19.0,"gold_loss":0.0,"damage_taken":6.0,"cards_obtained":["RitualDagger"]},{"damage_healed":0.0,"max_hp_gain":0.0,"max_hp_loss":0.0,"gold_gain":0.0,"event_name":"Masked Bandits","player_choice":"Fought Bandits","floor":24.0,"gold_loss":0.0,"damage_taken":0.0}],"is_beta":false,"boss_relics":[{"not_picked":["Tiny House","White Beast Statue"],"picked":"Lizard Tail"}],"items_purged_floors":[22],"is_endless":false,"potions_floor_spawned":[5,20,21,27],"killed_by":"Gremlin Leader","ascension_level":16}