{"gold_per_floor":[109,122,136,136,190,190,190,220,220,220,220,239,239,76,76,76],"floor_reached":16,"playtime":652,"items_purged":["Defend_R"],"score":172,"play_id":"c8823a71-d0cd-468d-ba2c-fd311c8b33c2","local_time":"20190826161300","is_ascension_mode":true,"campfire_choices":[{"data":"Headbutt","floor":6.0,"key":"SMITH"},{"floor":10.0,"key":"REST"},{"data":"Bash","floor":13.0,"key":"SMITH"},{"data":"Shrug It Off","floor":15,"key":"SMITH"}],"neow_cost":"PERCENT_DAMAGE","seed_source_timestamp":1003653552633975,"circlet_count":0,"master_deck":["AscendersBane","Strike_R","Strike_R+1","Defend_R+1","Defend_R","Bash+1","Headbutt+1","Offering","Shrug It Off+1"],"special_seed":0,"relics":["Burning Blood","Anchor","The Courier","Bottled Flame"],"potions_floor_usage":[16],"damage_taken":[{"damage":18.0,"enemies":"Jaw Worm","floor":1.0,"turns":4.0},{"damage":3.0,"enemies":"2 Louse","floor":2.0,"turns":3.0},{"damage":1.0,"enemies":"Cultist","floor":3.0,"turns":3.0},{"damage":8.0,"enemies":"Gremlin Nob","floor":8.0,"turns":3.0},{"damage":0.0,"enemies":"3 Louse","floor":12.0,"turns":3.0},{"damage":36,"enemies":"Hexaghost","floor":16,"turns":10}],"seed_played":"2081447304878304864","potions_obtained":[{"floor":3.0,"key":"Energy Potion"},{"floor":12.0,"key":"LiquidBronze"}],"is_trial":false,"path_per_floor":["M","M","M","?","T","R","?","E","T","R","?","M","R","$","R","B"],"character_chosen":"IRONCLAD","items_purchased":["Offering","Shrug It Off"],"campfire_rested":1,"item_purchase_floors":[14,14],"current_hp_per_floor":[38,41,46,46,46,46,23,21,21,43,43,49,49,49,49,13],"gold":76,"neow_bonus":"REMOVE_TWO","is_prod":false,"is_daily":false,"chose_seed":false,"campfire_upgraded":3,"win_rate":0,"timestamp":1566853980,"path_taken":["M","M","M","?","?","R","?","E","T","R","?","M","R","$","R","BOSS"],"build_version":"2019-07-17","purchased_purges":1,"victory":false,"max_hp_per_floor":[75,75,75,75,75,75,75,75,75,75,75,75,75,75,75,75],"card_choices":[{"not_picked":["Shrug It Off","Disarm"],"picked":"Headbutt","floor":1.0},{"not_picked":["Havoc","Flame Barrier","Infernal Blade"],"picked":"SKIP","floor":2.0},{"not_picked":["True Grit","Sentinel","Thunderclap"],"picked":"SKIP","floor":3.0},{"not_picked":["Clothesline","Armaments","Wild Strike"],"picked":"SKIP","floor":8.0},{"not_picked":["Second Wind","Cleave","Havoc"],"picked":"SKIP","floor":12.0}],"player_experience":896134,"relics_obtained":[{"floor":5.0,"key":"Anchor"},{"floor":8.0,"key":"The Courier"},{"floor":9.0,"key":"Bottled Flame"}],"event_choices":[{"cards_removed":["Strike_R"],"damage_healed":0.0,"max_hp_gain":0.0,"max_hp_loss":0.0,"gold_gain":0.0,"event_name":"Living Wall","player_choice":"Forget","floor":4.0,"gold_loss":0.0,"damage_taken":0.0},{"damage_healed":0.0,"max_hp_gain":0.0,"max_hp_loss":0.0,"gold_gain":0.0,"event_name":"Shining Light","player_choice":"Entered Light","floor":7.0,"gold_loss":0.0,"damage_taken":23.0,"cards_upgraded":["Defend_R","Strike_R"]},{"cards_removed":["Strike_R"],"damage_healed":0.0,"max_hp_gain":0.0,"max_hp_loss":0.0,"gold_gain":0.0,"event_name":"Bonfire Elementals","player_choice":"Offered Basic","floor":11.0,"gold_loss":0.0,"damage_taken":0.0}],"is_beta":false,"boss_relics":[],"items_purged_floors":[14],"is_endless":false,"potions_floor_spawned":[3,12],"killed_by":"Hexaghost","ascension_level":15}