{"gold_per_floor":[111,12,12,12,24,56,56,385,385,403,417,430,430,446,446,520,520,538,155,155,170,220,220],"floor_reached":23,"playtime":3124,"items_purged":["Strike_G","Defend_G"],"score":382,"play_id":"d3c235e0-429a-40d5-aaf9-55832c770246","local_time":"20190829153733","is_ascension_mode":true,"campfire_choices":[{"floor":13.0,"key":"REST"},{"floor":15.0,"key":"REST"}],"neow_cost":"NONE","seed_source_timestamp":1146483410960586,"circlet_count":0,"master_deck":["AscendersBane","Strike_G","Strike_G","Strike_G","Strike_G","Defend_G","Defend_G","Defend_G","Defend_G","Survivor","Neutralize","Blade Dance+1","Dodge and Roll","Leg Sweep","A Thousand Cuts","Blade Dance","Blade Dance","Cloak And Dagger","Tools of the Trade","Well Laid Plans+1","Apotheosis","Footwork"],"special_seed":0,"relics":["Fusion Hammer","Sundial","Mercury Hourglass","Old Coin","Potion Belt","Sozu","MutagenicStrength"],"potions_floor_usage":[],"damage_taken":[{"damage":0.0,"enemies":"2 Louse","floor":1.0,"turns":3.0},{"damage":2.0,"enemies":"Small Slimes","floor":5.0,"turns":4.0},{"damage":21.0,"enemies":"3 Sentries","floor":6.0,"turns":16.0},{"damage":11.0,"enemies":"Lagavulin","floor":8.0,"turns":8.0},{"damage":0.0,"enemies":"Cultist","floor":10.0,"turns":4.0},{"damage":3.0,"enemies":"3 Louse","floor":11.0,"turns":2.0},{"damage":13.0,"enemies":"Large Slime","floor":12.0,"turns":4.0},{"damage":0.0,"enemies":"Blue Slaver","floor":14.0,"turns":3.0},{"damage":35.0,"enemies":"Slime Boss","floor":16.0,"turns":9.0},{"damage":3.0,"enemies":"Chosen","floor":18.0,"turns":5.0},{"damage":21.0,"enemies":"Spheric Guardian","floor":21.0,"turns":4.0},{"damage":37,"enemies":"Gremlin Leader","floor":23,"turns":2}],"seed_played":"7760402059340046543","potions_obtained":[{"floor":5.0,"key":"Dexterity Potion"},{"floor":12.0,"key":"Block Potion"},{"floor":14.0,"key":"SteroidPotion"},{"floor":16.0,"key":"Weak Potion"}],"is_trial":false,"path_per_floor":["M","$","?","?","M","E","?","E","T","M","M","M","R","M","R","B",null,"M","$","?","M","?","E"],"character_chosen":"THE_SILENT","items_purchased":["Dodge and Roll","Apotheosis","Footwork"],"campfire_rested":2,"item_purchase_floors":[2,19,19],"current_hp_per_floor":[59,59,54,54,52,31,31,20,20,20,17,4,23,23,42,7,51,48,48,48,27,27,0],"gold":220,"neow_bonus":"BOSS_RELIC","is_prod":false,"is_daily":false,"chose_seed":false,"campfire_upgraded":0,"win_rate":0,"timestamp":1567111053,"path_taken":["M","$","?","?","?","E","?","E","T","M","M","M","R","M","R","BOSS","M","$","?","M","?","E"],"build_version":"2019-07-17","purchased_purges":2,"victory":false,"max_hp_per_floor":[66,66,66,66,66,66,66,66,66,66,66,66,66,66,66,66,66,66,66,66,66,66,66],"card_choices":[{"not_picked":["Deflect","PiercingWail"],"picked":"Blade Dance","floor":1.0},{"not_picked":["Quick Slash","Flying Knee"],"picked":"Leg Sweep","floor":5.0},{"not_picked":["Dodge and Roll","PiercingWail"],"picked":"A Thousand Cuts","floor":6.0},{"not_picked":["Endless Agony","Noxious Fumes"],"picked":"Blade Dance","floor":8.0},{"not_picked":["Prepared","Poisoned Stab"],"picked":"Blade Dance","floor":10.0},{"not_picked":["Blade Dance","Underhanded Strike","Concentrate"],"picked":"SKIP","floor":11.0},{"not_picked":["Bane","Outmaneuver","Concentrate"],"picked":"SKIP","floor":12.0},{"not_picked":["Underhanded Strike","Accuracy"],"picked":"Cloak And Dagger","floor":14.0},{"not_picked":["Glass Knife","Phantasmal Killer"],"picked":"Tools of the Trade","floor":16.0},{"not_picked":["Dagger Spray","Riddle With Holes"],"picked":"Well Laid Plans+1","floor":18.0},{"not_picked":["Heel Hook","Outmaneuver","Well Laid Plans"],"picked":"SKIP","floor":21.0}],"player_experience":968909,"relics_obtained":[{"floor":6.0,"key":"Mercury Hourglass"},{"floor":8.0,"key":"Old Coin"},{"floor":9.0,"key":"Potion Belt"}],"event_choices":[{"damage_healed":0.0,"max_hp_gain":0.0,"max_hp_loss":0.0,"gold_gain":0.0,"event_name":"Scrap Ooze","player_choice":"Success","floor":3.0,"gold_loss":0.0,"damage_taken":5.0,"relics_obtained":["Sundial"]},{"damage_healed":0.0,"max_hp_gain":0.0,"max_hp_loss":0.0,"gold_gain":0.0,"event_name":"Upgrade Shrine","player_choice":"Upgraded","floor":4.0,"gold_loss":0.0,"damage_taken":0.0,"cards_upgraded":["Blade Dance"]},{"damage_healed":0.0,"max_hp_gain":0.0,"max_hp_loss":0.0,"gold_gain":0.0,"event_name":"Shining Light","player_choice":"Ignored","floor":7.0,"gold_loss":0.0,"damage_taken":0.0},{"damage_healed":0.0,"max_hp_gain":0.0,"max_hp_loss":0.0,"gold_gain":0.0,"event_name":"Drug Dealer","player_choice":"Inject Mutagens","floor":20.0,"gold_loss":0.0,"damage_taken":0.0,"relics_obtained":["MutagenicStrength"]},{"damage_healed":0,"gold_gain":100,"player_choice":"Bet on Murderer","damage_taken":0,"max_hp_gain":0,"max_hp_loss":0,"event_name":"The Joust","floor":22,"gold_loss":50}],"is_beta":false,"boss_relics":[{"not_picked":["Tiny House","Orrery"],"picked":"Sozu"}],"items_purged_floors":[2,19],"is_endless":false,"potions_floor_spawned":[5,12,14,16,18,21],"killed_by":"Gremlin Leader","ascension_level":18}