{"gold_per_floor":[110,124,38,38,38,68,80,97,151,162,175,175,100,114,114,192,192,203,220,230,230],"floor_reached":21,"playtime":2049,"items_purged":["Defend_B"],"score":399,"play_id":"0f83455d-0dde-4682-9d0a-592d8022e37e","local_time":"20190903232152","is_ascension_mode":true,"campfire_choices":[{"floor":12.0,"key":"REST"},{"floor":15.0,"key":"REST"}],"neow_cost":"NONE","seed_source_timestamp":1376333980786637,"circlet_count":0,"master_deck":["AscendersBane","Strike_B","Strike_B","Strike_B","Defend_B+1","Defend_B","Defend_B+1","Zap","Dualcast","Go for the Eyes","Genetic Algorithm","Defragment","Defragment","Gash","Gash","Leap","Leap","All For One","White Noise","BootSequence"],"special_seed":0,"relics":["Cracked Core","NeowsBlessing","Mercury Hourglass","Bronze Scales","Fusion Hammer"],"potions_floor_usage":[21],"damage_taken":[{"damage":0.0,"enemies":"Jaw Worm","floor":1.0,"turns":1.0},{"damage":0.0,"enemies":"Cultist","floor":2.0,"turns":1.0},{"damage":0.0,"enemies":"Gremlin Nob","floor":6.0,"turns":1.0},{"damage":3.0,"enemies":"2 Louse","floor":7.0,"turns":2.0},{"damage":14.0,"enemies":"Large Slime","floor":8.0,"turns":6.0},{"damage":0.0,"enemies":"Exordium Wildlife","floor":10.0,"turns":4.0},{"damage":11.0,"enemies":"Looter","floor":11.0,"turns":3.0},{"damage":0.0,"enemies":"2 Fungi Beasts","floor":14.0,"turns":3.0},{"damage":13.0,"enemies":"Hexaghost","floor":16.0,"turns":9.0},{"damage":21.0,"enemies":"Shell Parasite","floor":18.0,"turns":5.0},{"damage":18.0,"enemies":"2 Thieves","floor":19.0,"turns":5.0},{"damage":16.0,"enemies":"3 Cultists","floor":20.0,"turns":5.0},{"damage":9,"enemies":"Centurion and Healer","floor":21,"turns":3}],"seed_played":"6340594747579471455","potions_obtained":[{"floor":7.0,"key":"Weak Potion"},{"floor":8.0,"key":"Poison Potion"},{"floor":10.0,"key":"SkillPotion"},{"floor":20.0,"key":"FocusPotion"}],"is_trial":false,"path_per_floor":["M","M","$","?","?","E","M","M","T","M","M","R","$","M","R","B",null,"M","M","M","M"],"character_chosen":"DEFECT","items_purchased":["Defragment"],"campfire_rested":2,"item_purchase_floors":[3],"current_hp_per_floor":[64,64,64,43,43,43,40,26,26,26,15,36,36,36,57,44,64,43,25,9,0],"gold":230,"neow_bonus":"THREE_ENEMY_KILL","is_prod":false,"is_daily":false,"chose_seed":false,"campfire_upgraded":0,"win_rate":0,"timestamp":1567570912,"path_taken":["M","M","$","?","?","E","M","M","T","M","M","R","$","M","R","BOSS","M","M","?","M"],"build_version":"2019-07-17","purchased_purges":1,"victory":false,"max_hp_per_floor":[71,71,71,71,71,71,71,71,71,71,71,71,71,71,71,71,71,71,71,71,71],"card_choices":[{"not_picked":["Steam","Compile Driver"],"picked":"Go for the Eyes","floor":1.0},{"not_picked":["Hologram","White Noise"],"picked":"Genetic Algorithm","floor":2.0},{"not_picked":["Streamline","Fusion"],"picked":"Gash","floor":6.0},{"not_picked":["Streamline","Double Energy","Steam Power"],"picked":"SKIP","floor":7.0},{"not_picked":["Go for the Eyes","Multi-Cast","Recycle"],"picked":"SKIP","floor":8.0},{"not_picked":["Barrage","Beam Cell"],"picked":"Gash","floor":10.0},{"not_picked":["Redo","Recycle"],"picked":"Leap","floor":11.0},{"not_picked":["Reprogram","Stack"],"picked":"Leap","floor":14.0},{"not_picked":["Core Surge","Meteor Strike"],"picked":"All For One","floor":16.0},{"not_picked":["Coolheaded","Sweeping Beam","Barrage"],"picked":"SKIP","floor":18.0},{"not_picked":["Hello World","Cold Snap"],"picked":"White Noise","floor":19.0},{"not_picked":["Force Field+1","Conserve Battery"],"picked":"BootSequence","floor":20.0}],"player_experience":1086345,"relics_obtained":[{"floor":6.0,"key":"Mercury Hourglass"},{"floor":9.0,"key":"Bronze Scales"}],"event_choices":[{"damage_healed":0.0,"max_hp_gain":0.0,"max_hp_loss":0.0,"gold_gain":0.0,"event_name":"Shining Light","player_choice":"Entered Light","floor":4.0,"gold_loss":0.0,"damage_taken":21.0,"cards_upgraded":["Defend_B","Defend_B"]},{"damage_healed":0.0,"max_hp_gain":0.0,"max_hp_loss":0.0,"gold_gain":0.0,"cards_transformed":["Strike_B"],"event_name":"Transmorgrifier","player_choice":"Transformed","floor":5.0,"gold_loss":0.0,"damage_taken":0.0,"cards_obtained":["Defragment"]}],"is_beta":false,"boss_relics":[{"not_picked":["Empty Cage","White Beast Statue"],"picked":"Fusion Hammer"}],"items_purged_floors":[13],"is_endless":false,"potions_floor_spawned":[7,8,10,20],"killed_by":"Centurion and Healer","ascension_level":18}