{"gold_per_floor":[15,15,15,35,49,49,49,49,76,93,105,66,66,66,66,143,143,157,157,175,187,112,112,124,137,217,217,236,246,23,23,23,96,96,110,121,121,138,138,138,163,178,178,178,198,217,217,235,235,235],"floor_reached":51,"playtime":3692,"items_purged":["Defend_G"],"score":1264,"play_id":"59facb33-d0bb-4da9-95e4-b9638426144a","local_time":"20190831000711","is_ascension_mode":true,"campfire_choices":[{"floor":6.0,"key":"DIG"},{"floor":8.0,"key":"DIG"},{"floor":13.0,"key":"DIG"},{"floor":15.0,"key":"REST"},{"floor":23.0,"key":"DIG"},{"floor":27.0,"key":"DIG"},{"floor":32.0,"key":"REST"},{"floor":40.0,"key":"REST"},{"data":"Well Laid Plans","floor":47.0,"key":"SMITH"},{"floor":49.0,"key":"REST"}],"neow_cost":"NO_GOLD","seed_source_timestamp":1221009375420760,"circlet_count":0,"master_deck":["AscendersBane","Strike_G+1","Strike_G+1","Strike_G+1","Defend_G+1","Defend_G+1","Defend_G+1","Survivor","Neutralize+1","PiercingWail","Envenom","Well Laid Plans+1","Dagger Throw","Dash","Footwork","Corpse Explosion","Deadly Poison+1","Envenom","Backflip","Parasite","Footwork","Blur"],"special_seed":0,"relics":["Ring of the Snake","Shovel","Centennial Puzzle","Dead Branch","Snake Skull","Mummified Hand","Busted Crown","Turnip","Matryoshka","Anchor","Regal Pillow","Lizard Tail","Meat on the Bone","Omamori","Potion Belt"],"potions_floor_usage":[],"damage_taken":[{"damage":0.0,"enemies":"Jaw Worm","floor":1.0,"turns":7.0},{"damage":0.0,"enemies":"Cultist","floor":4.0,"turns":4.0},{"damage":0.0,"enemies":"Small Slimes","floor":5.0,"turns":4.0},{"damage":11.0,"enemies":"Red Slaver","floor":10.0,"turns":5.0},{"damage":15.0,"enemies":"Lots of Slimes","floor":11.0,"turns":6.0},{"damage":14.0,"enemies":"Slime Boss","floor":16.0,"turns":10.0},{"damage":8.0,"enemies":"Spheric Guardian","floor":18.0,"turns":6.0},{"damage":0.0,"enemies":"Chosen","floor":20.0,"turns":5.0},{"damage":4.0,"enemies":"Centurion and Healer","floor":21.0,"turns":3.0},{"damage":3.0,"enemies":"Snake Plant","floor":24.0,"turns":3.0},{"damage":16.0,"enemies":"3 Cultists","floor":25.0,"turns":3.0},{"damage":20.0,"enemies":"Sentry and Sphere","floor":28.0,"turns":6.0},{"damage":15.0,"enemies":"Shelled Parasite and Fungi","floor":29.0,"turns":4.0},{"damage":37.0,"enemies":"Automaton","floor":33.0,"turns":9.0},{"damage":13.0,"enemies":"Orb Walker","floor":35.0,"turns":4.0},{"damage":0.0,"enemies":"3 Darklings","floor":36.0,"turns":2.0},{"damage":22.0,"enemies":"Spire Growth","floor":38.0,"turns":6.0},{"damage":37.0,"enemies":"Nemesis","floor":41.0,"turns":7.0},{"damage":8.0,"enemies":"Writhing Mass","floor":42.0,"turns":6.0},{"damage":0.0,"enemies":"4 Shapes","floor":45.0,"turns":2.0},{"damage":21.0,"enemies":"Sphere and 2 Shapes","floor":46.0,"turns":6.0},{"damage":7.0,"enemies":"Jaw Worm Horde","floor":48.0,"turns":2.0},{"damage":59,"enemies":"Donu and Deca","floor":50,"turns":7}],"seed_played":"-4267215463723587021","potions_obtained":[{"floor":4.0,"key":"Strength Potion"},{"floor":11.0,"key":"Poison Potion"},{"floor":20.0,"key":"LiquidBronze"},{"floor":25.0,"key":"Regen Potion"},{"floor":35.0,"key":"Weak Potion"},{"floor":36.0,"key":"GhostInAJar"},{"floor":46.0,"key":"Fire Potion"}],"is_trial":false,"path_per_floor":["M","?","$","M","M","R","?","R","T","M","M","$","R","?","R","B",null,"M","?","M","M","$","R","M","M","T","R","M","M","$","?","R","B",null,"M","M","?","M","?","R","E","M","T","?","M","M","R","M","R","B",null],"character_chosen":"THE_SILENT","items_purchased":["Dash","Backflip","Regal Pillow"],"campfire_rested":4,"item_purchase_floors":[12,30,30],"current_hp_per_floor":[59,59,59,59,59,59,59,59,59,48,33,33,33,33,52,38,59,51,51,51,47,47,47,44,28,28,28,23,8,8,8,42,5,51,38,38,38,16,16,50,13,17,17,66,66,45,45,38,66,19],"gold":235,"neow_bonus":"ONE_RARE_RELIC","is_prod":false,"is_daily":false,"chose_seed":false,"campfire_upgraded":1,"win_rate":0,"timestamp":1567228031,"path_taken":["M","?","?","?","M","R","?","R","T","?","M","$","R","?","R","BOSS","M","?","M","M","$","R","M","?","T","R","M","M","$","?","R","BOSS","M","M","?","M","?","R","E","?","T","?","M","M","R","M","R","BOSS"],"build_version":"2019-07-17","purchased_purges":1,"victory":true,"max_hp_per_floor":[66,66,66,66,66,66,66,66,66,66,66,66,66,66,66,66,66,66,66,66,66,66,66,66,66,66,66,66,66,66,66,66,66,66,66,66,66,66,66,66,66,66,66,66,66,66,66,66,66,66],"card_choices":[{"not_picked":["Underhanded Strike","Deadly Poison","Reflex"],"picked":"SKIP","floor":1.0},{"not_picked":["Deadly Poison","Flying Knee"],"picked":"PiercingWail","floor":4.0},{"not_picked":["Underhanded Strike","Flying Knee"],"picked":"Envenom","floor":5.0},{"not_picked":["Underhanded Strike","Concentrate"],"picked":"Well Laid Plans","floor":10.0},{"not_picked":["Quick Slash","Skewer"],"picked":"Dagger Throw","floor":11.0},{"not_picked":["Doppelganger","Wraith Form v2"],"picked":"Corpse Explosion","floor":16.0},{"not_picked":[],"picked":"Deadly Poison+1","floor":18.0},{"not_picked":["Flying Knee"],"picked":"SKIP","floor":20.0},{"not_picked":["Outmaneuver"],"picked":"SKIP","floor":21.0},{"not_picked":["Concentrate"],"picked":"SKIP","floor":24.0},{"not_picked":["Sucker Punch"],"picked":"SKIP","floor":25.0},{"not_picked":["Dodge and Roll"],"picked":"SKIP","floor":28.0},{"not_picked":["Dagger Throw"],"picked":"SKIP","floor":29.0},{"not_picked":["Bane"],"picked":"SKIP","floor":35.0},{"not_picked":["Dagger Throw"],"picked":"SKIP","floor":36.0},{"not_picked":["Deadly Poison"],"picked":"SKIP","floor":38.0},{"not_picked":["Underhanded Strike"],"picked":"SKIP","floor":41.0},{"not_picked":["Accuracy"],"picked":"SKIP","floor":42.0},{"not_picked":["Acrobatics"],"picked":"SKIP","floor":45.0},{"not_picked":[],"picked":"Footwork","floor":46.0},{"not_picked":[],"picked":"Blur","floor":48.0}],"player_experience":1009211,"relics_obtained":[{"floor":6.0,"key":"Centennial Puzzle"},{"floor":8.0,"key":"Dead Branch"},{"floor":9.0,"key":"Snake Skull"},{"floor":13.0,"key":"Mummified Hand"},{"floor":23.0,"key":"Turnip"},{"floor":26.0,"key":"Matryoshka"},{"floor":27.0,"key":"Anchor"},{"floor":41.0,"key":"Meat on the Bone"},{"floor":43.0,"key":"Omamori"},{"floor":43.0,"key":"Potion Belt"}],"event_choices":[{"damage_healed":0.0,"max_hp_gain":0.0,"max_hp_loss":0.0,"gold_gain":0.0,"event_name":"Upgrade Shrine","player_choice":"Upgraded","floor":2.0,"gold_loss":0.0,"damage_taken":0.0,"cards_upgraded":["Neutralize"]},{"cards_removed":["Defend_G"],"damage_healed":0.0,"max_hp_gain":0.0,"max_hp_loss":0.0,"gold_gain":0.0,"event_name":"Bonfire Elementals","player_choice":"Offered Basic","floor":7.0,"gold_loss":0.0,"damage_taken":0.0},{"damage_healed":0.0,"max_hp_gain":0.0,"max_hp_loss":0.0,"gold_gain":0.0,"cards_transformed":["Strike_G"],"event_name":"Transmorgrifier","player_choice":"Transformed","floor":14.0,"gold_loss":0.0,"damage_taken":0.0,"cards_obtained":["Footwork"]},{"damage_healed":0.0,"max_hp_gain":0.0,"max_hp_loss":0.0,"gold_gain":0.0,"cards_transformed":["Strike_G"],"event_name":"Transmorgrifier","player_choice":"Transformed","floor":19.0,"gold_loss":0.0,"damage_taken":0.0,"cards_obtained":["Envenom"]},{"damage_healed":0.0,"max_hp_gain":0.0,"max_hp_loss":0.0,"gold_gain":0.0,"event_name":"Back to Basics","player_choice":"Simplicity","floor":31.0,"gold_loss":0.0,"damage_taken":0.0,"cards_upgraded":["Strike_G","Strike_G","Strike_G","Defend_G","Defend_G","Defend_G"]},{"damage_healed":0.0,"max_hp_gain":0.0,"max_hp_loss":0.0,"gold_gain":0.0,"event_name":"Mysterious Sphere","player_choice":"Ignored","floor":37.0,"gold_loss":0.0,"damage_taken":0.0},{"damage_healed":0.0,"max_hp_gain":0.0,"max_hp_loss":0.0,"gold_gain":0.0,"event_name":"Match and Keep!","player_choice":"0 cards matched","floor":39.0,"gold_loss":0.0,"damage_taken":0.0,"cards_obtained":[]},{"damage_healed":49.0,"max_hp_gain":0.0,"max_hp_loss":0.0,"gold_gain":0.0,"event_name":"MindBloom","player_choice":"Heal","floor":44.0,"gold_loss":0.0,"damage_taken":0.0,"cards_obtained":["Doubt"]}],"is_beta":false,"boss_relics":[{"not_picked":["WristBlade","Black Star"],"picked":"Busted Crown"},{"not_picked":["Orrery","Pandora\u0027s Box"],"picked":"Lizard Tail"}],"items_purged_floors":[22],"is_endless":false,"potions_floor_spawned":[4,11,20,25,35,36,46],"ascension_level":19}