{"gold_per_floor":[11,11,30,46,64,64,96,112,112,112,112,127,158,1,1,79,79,89,14,0,0,0,0,0],"floor_reached":24,"playtime":966,"items_purged":["Normality"],"score":435,"play_id":"5253e2c6-fd40-466a-b792-33d2a588f05e","local_time":"20190903000355","is_ascension_mode":true,"campfire_choices":[{"data":"Streamline","floor":6.0,"key":"SMITH"},{"floor":10.0,"key":"REST"},{"floor":15.0,"key":"REST"},{"floor":23,"key":"DIG"}],"neow_cost":"NO_GOLD","seed_source_timestamp":1335912160118758,"circlet_count":0,"master_deck":["AscendersBane","Strike_B","Strike_B","Strike_B","Defend_B","Defend_B","Defend_B+1","Zap+1","Dualcast","Loop+1","Leap","Streamline+1","BootSequence","White Noise","Undo","Conserve Battery","Consume","Creative AI","Regret","Doubt"],"special_seed":0,"relics":["Cracked Core","StoneCalendar","Kunai","War Paint","Regal Pillow","Calling Bell","Bronze Scales","Sundial","Shovel","Toxic Egg 2"],"potions_floor_usage":[24],"damage_taken":[{"damage":4.0,"enemies":"Jaw Worm","floor":1.0,"turns":3.0},{"damage":1.0,"enemies":"Cultist","floor":3.0,"turns":3.0},{"damage":3.0,"enemies":"Small Slimes","floor":4.0,"turns":4.0},{"damage":8.0,"enemies":"2 Fungi Beasts","floor":5.0,"turns":4.0},{"damage":17.0,"enemies":"3 Sentries","floor":7.0,"turns":6.0},{"damage":11.0,"enemies":"3 Louse","floor":8.0,"turns":3.0},{"damage":0.0,"enemies":"Blue Slaver","floor":12.0,"turns":4.0},{"damage":0.0,"enemies":"Lagavulin","floor":13.0,"turns":6.0},{"damage":20.0,"enemies":"Slime Boss","floor":16.0,"turns":7.0},{"damage":46.0,"enemies":"Shell Parasite","floor":18.0,"turns":7.0},{"damage":36,"enemies":"Chosen","floor":24,"turns":5}],"seed_played":"-4152161384331245920","potions_obtained":[{"floor":1.0,"key":"SpeedPotion"},{"floor":7.0,"key":"FocusPotion"},{"floor":12.0,"key":"Swift Potion"},{"floor":13.0,"key":"Poison Potion"}],"is_trial":false,"path_per_floor":["M","?","M","M","M","R","E","M","T","R","?","M","E","$","R","B",null,"M","$","?","?","$","R","M"],"character_chosen":"DEFECT","items_purchased":["Regal Pillow"],"campfire_rested":2,"item_purchase_floors":[14],"current_hp_per_floor":[60,60,59,56,48,48,31,20,20,41,41,41,41,41,71,51,66,20,20,20,20,20,20,0],"gold":0,"neow_bonus":"REMOVE_TWO","is_prod":false,"is_daily":false,"chose_seed":false,"campfire_upgraded":1,"win_rate":0,"timestamp":1567487035,"path_taken":["M","?","M","M","M","R","E","M","T","R","?","?","E","$","R","BOSS","M","$","?","?","$","R","M"],"build_version":"2019-07-17","purchased_purges":1,"victory":false,"max_hp_per_floor":[71,71,71,71,71,71,71,71,71,71,71,71,71,71,71,71,71,71,71,71,71,71,71,71],"card_choices":[{"not_picked":["Conserve Battery","Turbo"],"picked":"Loop","floor":1.0},{"not_picked":["Hello World","Double Energy"],"picked":"Leap","floor":3.0},{"not_picked":["Steam Power","Turbo"],"picked":"Streamline","floor":4.0},{"not_picked":["Ball Lightning","Reboot"],"picked":"BootSequence","floor":5.0},{"not_picked":["Conserve Battery","Force Field"],"picked":"White Noise","floor":7.0},{"not_picked":["Scrape","Coolheaded","Streamline"],"picked":"SKIP","floor":8.0},{"not_picked":["Redo","Turbo","Recycle"],"picked":"SKIP","floor":12.0},{"not_picked":["Fission","Redo"],"picked":"Consume","floor":13.0},{"not_picked":["Reboot","Core Surge"],"picked":"Creative AI","floor":16.0},{"not_picked":["Beam Cell+1","Rebound","Gash"],"picked":"SKIP","floor":18.0}],"player_experience":1065097,"relics_obtained":[{"floor":7.0,"key":"StoneCalendar"},{"floor":9.0,"key":"Kunai"},{"floor":13.0,"key":"War Paint"},{"floor":17.0,"key":"Bronze Scales"},{"floor":17.0,"key":"Sundial"},{"floor":17.0,"key":"Shovel"},{"floor":23,"key":"Toxic Egg 2"}],"event_choices":[{"damage_healed":0.0,"max_hp_gain":0.0,"max_hp_loss":0.0,"gold_gain":0.0,"event_name":"Living Wall","player_choice":"Grow","floor":2.0,"gold_loss":0.0,"damage_taken":0.0,"cards_upgraded":["Loop"]},{"damage_healed":0.0,"max_hp_gain":0.0,"max_hp_loss":0.0,"gold_gain":0.0,"event_name":"Match and Keep!","player_choice":"2 cards matched","floor":11.0,"gold_loss":0.0,"damage_taken":0.0,"cards_obtained":["Undo","Conserve Battery"]},{"damage_healed":0,"gold_gain":0,"player_choice":"Paid Fearfully","damage_taken":0,"max_hp_gain":0,"max_hp_loss":0,"event_name":"Masked Bandits","floor":20,"gold_loss":14},{"damage_healed":0,"gold_gain":0,"player_choice":"Ignored","damage_taken":0,"max_hp_gain":0,"max_hp_loss":0,"event_name":"Ghosts","floor":21,"gold_loss":0}],"is_beta":false,"boss_relics":[{"not_picked":["White Beast Statue","Eternal Feather"],"picked":"Calling Bell"}],"items_purged_floors":[19],"is_endless":false,"potions_floor_spawned":[1,7,12,13],"killed_by":"Chosen","ascension_level":18}