{"gold_per_floor":[112,13,32,32,207,207,238,313,313,313,324,335,335,363,363,460,460,480,480],"floor_reached":19,"playtime":1925,"items_purged":["Strike_R"],"score":271,"play_id":"c39c808d-bbd9-4e20-9c6d-28bae11fda14","local_time":"20190824202211","is_ascension_mode":true,"campfire_choices":[{"data":"Shrug It Off","floor":6.0,"key":"SMITH"},{"floor":13.0,"key":"REST"},{"floor":15.0,"key":"REST"}],"neow_cost":"NONE","seed_source_timestamp":931018350007644,"circlet_count":0,"master_deck":["AscendersBane","Strike_R","Strike_R","Strike_R","Strike_R","Defend_R","Defend_R","Defend_R","Bash","Iron Wave","Pommel Strike","Shrug It Off+1","Body Slam","Shrug It Off","Demon Form","Barricade","Body Slam"],"special_seed":0,"relics":["Lizard Tail","Mango","The Courier","Question Card","Fusion Hammer"],"potions_floor_usage":[],"damage_taken":[{"damage":6.0,"enemies":"Cultist","floor":1.0,"turns":3.0},{"damage":2.0,"enemies":"Jaw Worm","floor":3.0,"turns":3.0},{"damage":54.0,"enemies":"3 Sentries","floor":7.0,"turns":12.0},{"damage":0.0,"enemies":"2 Louse","floor":11.0,"turns":3.0},{"damage":1.0,"enemies":"2 Fungi Beasts","floor":12.0,"turns":4.0},{"damage":20.0,"enemies":"Lagavulin","floor":14.0,"turns":8.0},{"damage":58.0,"enemies":"Hexaghost","floor":16.0,"turns":13.0},{"damage":16.0,"enemies":"Shell Parasite","floor":18.0,"turns":4.0},{"damage":57,"enemies":"3 Byrds","floor":19,"turns":6}],"seed_played":"1818010796225484830","potions_obtained":[{"floor":11.0,"key":"SpeedPotion"},{"floor":14.0,"key":"Fire Potion"}],"is_trial":false,"path_per_floor":["M","$","M","?","?","R","E","?","T","?","M","M","R","E","R","B",null,"M","M"],"character_chosen":"IRONCLAD","items_purchased":["Pommel Strike"],"campfire_rested":2,"item_purchase_floors":[2],"current_hp_per_floor":[66,66,64,57,57,57,17,6,6,6,6,5,33,13,41,31,78,62,5],"gold":480,"neow_bonus":"BOSS_RELIC","is_prod":false,"is_daily":false,"chose_seed":false,"campfire_upgraded":1,"win_rate":0,"timestamp":1566696131,"path_taken":["M","$","M","?","?","R","E","?","T","?","M","M","R","E","R","BOSS","M","M"],"build_version":"2019-07-17","purchased_purges":1,"victory":false,"max_hp_per_floor":[80,80,80,80,80,80,94,94,94,94,94,94,94,94,94,94,94,94,94],"card_choices":[{"not_picked":["Headbutt","Fire Breathing"],"picked":"Iron Wave","floor":1.0},{"not_picked":["Wild Strike","Twin Strike"],"picked":"Shrug It Off","floor":3.0},{"not_picked":["Cleave","Havoc"],"picked":"Body Slam","floor":7.0},{"not_picked":["Clothesline","Infernal Blade"],"picked":"Shrug It Off","floor":11.0},{"not_picked":["Disarm","Fire Breathing","Dual Wield"],"picked":"SKIP","floor":12.0},{"not_picked":["Iron Wave","Body Slam"],"picked":"Demon Form","floor":14.0},{"not_picked":["Fiend Fire","Offering","Juggernaut"],"picked":"Barricade","floor":16.0},{"not_picked":["Blood for Blood","Evolve+1","Pommel Strike"],"picked":"Body Slam","floor":18.0}],"player_experience":858318,"relics_obtained":[{"floor":7.0,"key":"Mango"},{"floor":9.0,"key":"The Courier"},{"floor":14.0,"key":"Question Card"}],"event_choices":[{"cards_removed":["Defend_R"],"damage_healed":0.0,"max_hp_gain":0.0,"max_hp_loss":0.0,"gold_gain":0.0,"event_name":"Golden Wing","player_choice":"Card Removal","floor":4.0,"gold_loss":0.0,"damage_taken":7.0},{"damage_healed":0.0,"max_hp_gain":0.0,"max_hp_loss":0.0,"gold_gain":175.0,"event_name":"Liars Game","player_choice":"AGREE","floor":5.0,"gold_loss":0.0,"damage_taken":0.0,"cards_obtained":["Doubt"]},{"damage_healed":0.0,"max_hp_gain":0.0,"max_hp_loss":0.0,"gold_gain":75.0,"event_name":"World of Goop","player_choice":"Gather Gold","floor":8.0,"gold_loss":0.0,"damage_taken":11.0},{"cards_removed":["Doubt"],"damage_healed":0.0,"max_hp_gain":0.0,"max_hp_loss":0.0,"gold_gain":0.0,"event_name":"Purifier","player_choice":"Purged","floor":10.0,"gold_loss":0.0,"damage_taken":0.0}],"is_beta":false,"boss_relics":[{"not_picked":["Calling Bell","White Beast Statue"],"picked":"Fusion Hammer"}],"items_purged_floors":[2],"is_endless":false,"potions_floor_spawned":[11,14],"killed_by":"3 Byrds","ascension_level":11}