{"gold_per_floor":[111,17,92,109,109,109,120,120,120,146,209,229,229,204,204,283,283,301,301],"floor_reached":19,"playtime":815,"items_purged":[],"score":309,"play_id":"8af838f8-9a74-48f7-8278-9eb5418dfadf","local_time":"20190907123003","is_ascension_mode":true,"campfire_choices":[{"data":"True Grit","floor":6.0,"key":"SMITH"},{"data":"Armaments","floor":8.0,"key":"SMITH"},{"data":"Inflame","floor":13.0,"key":"SMITH"},{"data":"Pommel Strike","floor":15.0,"key":"SMITH"}],"neow_cost":"PERCENT_DAMAGE","seed_source_timestamp":132381094585186,"circlet_count":0,"master_deck":["AscendersBane","Strike_R","Strike_R","Strike_R","Strike_R","Strike_R","Defend_R","Defend_R","Defend_R","Bash","Immolate","Iron Wave","Inflame+1","True Grit+1","Pommel Strike+1","Armaments+1","Impervious","Evolve","Offering"],"special_seed":0,"relics":["Black Blood","SsserpentHead","Bottled Tornado","Orichalcum"],"potions_floor_usage":[],"damage_taken":[{"damage":0.0,"enemies":"Small Slimes","floor":1.0,"turns":2.0},{"damage":0.0,"enemies":"2 Louse","floor":4.0,"turns":1.0},{"damage":1.0,"enemies":"Cultist","floor":7.0,"turns":3.0},{"damage":25.0,"enemies":"Lagavulin","floor":10.0,"turns":5.0},{"damage":4.0,"enemies":"Blue Slaver","floor":11.0,"turns":5.0},{"damage":6.0,"enemies":"Looter","floor":12.0,"turns":3.0},{"damage":44.0,"enemies":"Hexaghost","floor":16.0,"turns":15.0},{"damage":34,"enemies":"Chosen","floor":18,"turns":6},{"damage":39,"enemies":"Shell Parasite","floor":19,"turns":5}],"seed_played":"7307632413643628056","potions_obtained":[{"floor":4.0,"key":"BloodPotion"},{"floor":7.0,"key":"SteroidPotion"},{"floor":10.0,"key":"FearPotion"},{"floor":18,"key":"Swift Potion"}],"is_trial":false,"path_per_floor":["M","$","?","M","?","R","M","R","T","E","M","M","R","?","R","B",null,"M","M"],"character_chosen":"IRONCLAD","items_purchased":["Inflame","True Grit"],"campfire_rested":0,"item_purchase_floors":[2,2],"current_hp_per_floor":[56,56,45,51,51,51,56,56,56,55,57,57,57,57,57,19,61,37,0],"gold":301,"neow_bonus":"THREE_RARE_CARDS","is_prod":false,"is_daily":false,"chose_seed":false,"campfire_upgraded":4,"win_rate":0,"timestamp":1567877403,"path_taken":["M","$","?","M","?","R","M","R","T","E","?","M","R","?","R","BOSS","M","M"],"build_version":"2019-07-17","purchased_purges":0,"victory":false,"max_hp_per_floor":[75,75,75,75,75,75,75,75,75,75,75,75,75,75,75,75,75,75,75],"card_choices":[{"not_picked":["Bludgeon","Juggernaut"],"picked":"Immolate","floor":0.0},{"not_picked":["Sword Boomerang","Combust"],"picked":"Iron Wave","floor":1.0},{"not_picked":["Anger","Warcry"],"picked":"Pommel Strike","floor":4.0},{"not_picked":["Clothesline","Heavy Blade"],"picked":"Armaments","floor":7.0},{"not_picked":["Flame Barrier","Reckless Charge"],"picked":"Impervious","floor":10.0},{"not_picked":["Cleave","Warcry","Sever Soul"],"picked":"SKIP","floor":11.0},{"not_picked":["Warcry","Armaments"],"picked":"Evolve","floor":12.0},{"not_picked":["Impervious","Double Tap"],"picked":"Offering","floor":16.0},{"not_picked":["True Grit","Twin Strike","Warcry"],"picked":"SKIP","floor":18}],"player_experience":1123280,"relics_obtained":[{"floor":9.0,"key":"Bottled Tornado"},{"floor":10.0,"key":"Orichalcum"}],"event_choices":[{"damage_healed":0.0,"max_hp_gain":0.0,"max_hp_loss":0.0,"gold_gain":75.0,"event_name":"World of Goop","player_choice":"Gather Gold","floor":3.0,"gold_loss":0.0,"damage_taken":11.0},{"damage_healed":0.0,"max_hp_gain":0.0,"max_hp_loss":0.0,"gold_gain":0.0,"event_name":"FaceTrader","player_choice":"Trade","floor":5.0,"gold_loss":0.0,"damage_taken":0.0,"relics_obtained":["SsserpentHead"]},{"cards_removed":["Defend_R"],"damage_healed":0.0,"max_hp_gain":0.0,"max_hp_loss":0.0,"gold_gain":0.0,"event_name":"The Cleric","player_choice":"Card Removal","floor":14.0,"gold_loss":75.0,"damage_taken":0.0}],"is_beta":false,"boss_relics":[{"not_picked":["Tiny House","Black Star"],"picked":"Black Blood"}],"items_purged_floors":[],"is_endless":false,"potions_floor_spawned":[4,7,10,18],"killed_by":"Shell Parasite","ascension_level":17}