{"gold_per_floor":[112,112,124,124,139,139,170,170,170,170,170],"floor_reached":11,"playtime":214,"items_purged":[],"score":138,"play_id":"e1ac5682-2013-485f-91b0-5e4afcb60739","local_time":"20190830005655","is_ascension_mode":true,"campfire_choices":[{"data":"Crippling Poison","floor":6.0,"key":"SMITH"},{"floor":10.0,"key":"REST"}],"neow_cost":"NONE","seed_source_timestamp":1177204643690302,"circlet_count":0,"master_deck":["AscendersBane","Strike_G","Strike_G","Strike_G","Strike_G","Defend_G","Defend_G","Defend_G","Defend_G","Defend_G","Survivor","Neutralize","Crippling Poison+1","Leg Sweep"],"special_seed":0,"relics":["Ring of the Snake","NeowsBlessing","Letter Opener","Golden Idol","Blood Vial","Regal Pillow"],"potions_floor_usage":[],"damage_taken":[{"damage":0.0,"enemies":"Jaw Worm","floor":1.0,"turns":1.0},{"damage":0.0,"enemies":"Small Slimes","floor":3.0,"turns":1.0},{"damage":0.0,"enemies":"Cultist","floor":5.0,"turns":1.0},{"damage":27.0,"enemies":"Gremlin Nob","floor":7.0,"turns":4.0},{"damage":7,"enemies":"Lagavulin","floor":11,"turns":6}],"seed_played":"1274085894495166741","potions_obtained":[{"floor":1.0,"key":"Strength Potion"},{"floor":3.0,"key":"Poison Potion"},{"floor":7.0,"key":"SteroidPotion"}],"is_trial":false,"path_per_floor":["M","?","M","?","M","R","E","?","T","R","E"],"character_chosen":"THE_SILENT","items_purchased":[],"campfire_rested":1,"item_purchase_floors":[],"current_hp_per_floor":[59,54,54,54,54,54,27,27,27,60,53],"gold":170,"neow_bonus":"THREE_ENEMY_KILL","is_prod":false,"is_daily":false,"chose_seed":false,"campfire_upgraded":1,"win_rate":0,"timestamp":1567144615,"path_taken":["M","?","M","?","M","R","E","?","T","R","E"],"build_version":"2019-07-17","purchased_purges":0,"victory":false,"max_hp_per_floor":[66,66,66,60,60,60,60,60,60,60,60],"card_choices":[{"not_picked":["Bouncing Flask","Heel Hook"],"picked":"Crippling Poison","floor":1.0},{"not_picked":["Dagger Spray","Flechettes","Sucker Punch"],"picked":"SKIP","floor":3.0},{"not_picked":["Dagger Throw","Sucker Punch","Dagger Spray"],"picked":"SKIP","floor":5.0},{"not_picked":["Bouncing Flask","Dagger Throw"],"picked":"Leg Sweep","floor":7.0}],"player_experience":994235,"relics_obtained":[{"floor":7.0,"key":"Blood Vial"},{"floor":9.0,"key":"Regal Pillow"}],"event_choices":[{"damage_healed":0.0,"max_hp_gain":0.0,"max_hp_loss":0.0,"gold_gain":0.0,"event_name":"Scrap Ooze","player_choice":"Success","floor":2.0,"gold_loss":0.0,"damage_taken":5.0,"relics_obtained":["Letter Opener"]},{"damage_healed":0.0,"max_hp_gain":0.0,"max_hp_loss":6.0,"gold_gain":0.0,"event_name":"Golden Idol","player_choice":"Lose Max HP","floor":4.0,"gold_loss":0.0,"damage_taken":0.0,"relics_obtained":["Golden Idol"]},{"cards_removed":["Strike_G"],"damage_healed":0.0,"max_hp_gain":0.0,"max_hp_loss":0.0,"gold_gain":0.0,"event_name":"Bonfire Elementals","player_choice":"Offered Basic","floor":8.0,"gold_loss":0.0,"damage_taken":0.0}],"is_beta":false,"boss_relics":[],"items_purged_floors":[],"is_endless":false,"potions_floor_spawned":[1,3,7],"killed_by":"Lagavulin","ascension_level":19}