{"gold_per_floor":[111,131,131,146,158,158,183,183,252,285,4,4,0,13,13,84,84,54],"floor_reached":18,"playtime":987,"items_purged":[],"score":289,"play_id":"dec059b3-0a5c-4a0f-9dbb-c1a678d380f0","local_time":"20190823010852","is_ascension_mode":true,"campfire_choices":[{"floor":6.0,"key":"REST"},{"data":"Defragment","floor":8.0,"key":"SMITH"},{"floor":12.0,"key":"REST"},{"floor":15.0,"key":"REST"}],"neow_cost":"PERCENT_DAMAGE","seed_source_timestamp":835066158917065,"circlet_count":0,"master_deck":["AscendersBane","Strike_B","Strike_B","Strike_B","Strike_B","Defend_B","Defend_B","Defend_B","Zap","Dualcast","Reinforced Body","Darkness","Turbo","Defragment+1","Echo Form","Loop","Loop","Loop","Machine Learning"],"special_seed":0,"relics":["Cracked Core","Nunchaku","StoneCalendar","Question Card","Dream Catcher","ClockworkSouvenir","Inserter"],"potions_floor_usage":[18],"damage_taken":[{"damage":0.0,"enemies":"Small Slimes","floor":1.0,"turns":2.0},{"damage":9.0,"enemies":"Cultist","floor":2.0,"turns":4.0},{"damage":0.0,"enemies":"Jaw Worm","floor":4.0,"turns":3.0},{"damage":22.0,"enemies":"Large Slime","floor":5.0,"turns":6.0},{"damage":18.0,"enemies":"Gremlin Nob","floor":7.0,"turns":4.0},{"damage":10.0,"enemies":"Lagavulin","floor":10.0,"turns":7.0},{"damage":9.0,"enemies":"Red Slaver","floor":14.0,"turns":3.0},{"damage":11.0,"enemies":"The Guardian","floor":16.0,"turns":6.0},{"damage":19,"enemies":"2 Thieves","floor":18,"turns":2}],"seed_played":"-5250161467338654577","potions_obtained":[{"floor":1.0,"key":"SpeedPotion"},{"floor":2.0,"key":"AttackPotion"},{"floor":10.0,"key":"Fire Potion"},{"floor":16.0,"key":"Weak Potion"}],"is_trial":false,"path_per_floor":["M","M","?","M","M","R","E","R","T","E","$","R","?","M","R","B",null,"M"],"character_chosen":"DEFECT","items_purchased":["Loop","ClockworkSouvenir"],"campfire_rested":3,"item_purchase_floors":[11,11],"current_hp_per_floor":[46,37,37,37,15,36,18,18,18,8,8,29,29,20,41,30,61,42],"gold":54,"neow_bonus":"ONE_RARE_RELIC","is_prod":false,"is_daily":false,"chose_seed":false,"campfire_upgraded":1,"win_rate":0,"timestamp":1566540532,"path_taken":["M","M","?","?","M","R","E","R","T","E","$","R","?","M","R","BOSS","M"],"build_version":"2019-07-17","purchased_purges":0,"victory":false,"max_hp_per_floor":[71,71,71,71,71,71,71,71,71,71,71,71,71,71,71,71,71,71],"card_choices":[{"not_picked":["Streamline","Steam"],"picked":"Reinforced Body","floor":1.0},{"not_picked":["Gash","Sweeping Beam","Barrage"],"picked":"SKIP","floor":2.0},{"not_picked":["Chaos","Melter"],"picked":"Darkness","floor":4.0},{"not_picked":["Rebound","Cold Snap"],"picked":"Turbo","floor":5.0},{"not_picked":["Coolheaded","Beam Cell"],"picked":"Defragment","floor":7.0},{"not_picked":["Undo","Amplify","White Noise"],"picked":"Echo Form","floor":10.0},{"not_picked":["Redo","Reinforced Body","Blizzard"],"picked":"Loop","floor":12.0},{"not_picked":["Compile Driver","Undo","Turbo"],"picked":"Loop","floor":14.0},{"not_picked":["Amplify","Reboot","Electrodynamics"],"picked":"Machine Learning","floor":16.0}],"player_experience":784791,"relics_obtained":[{"floor":7.0,"key":"StoneCalendar"},{"floor":9.0,"key":"Question Card"},{"floor":10.0,"key":"Dream Catcher"}],"event_choices":[{"cards_removed":["Defend_B"],"damage_healed":0.0,"max_hp_gain":0.0,"max_hp_loss":0.0,"gold_gain":0.0,"event_name":"Purifier","player_choice":"Purged","floor":3.0,"gold_loss":0.0,"damage_taken":0.0},{"damage_healed":0.0,"max_hp_gain":0.0,"max_hp_loss":0.0,"gold_gain":0.0,"event_name":"World of Goop","player_choice":"Left Gold","floor":13.0,"gold_loss":4.0,"damage_taken":0.0}],"is_beta":false,"boss_relics":[{"not_picked":["Calling Bell","Coffee Dripper"],"picked":"Inserter"}],"items_purged_floors":[],"is_endless":false,"potions_floor_spawned":[1,2,5,10,16],"killed_by":"2 Thieves","ascension_level":14}