{"gold_per_floor":[99,99,99,24,0,0,0,0,0,0,0,0,0],"floor_reached":13,"playtime":894,"items_purged":["Defend_B"],"score":185,"play_id":"82480633-2a88-425a-941a-12082dfeadae","local_time":"20190905145455","is_ascension_mode":true,"campfire_choices":[{"data":"Genetic Algorithm","floor":6.0,"key":"SMITH"},{"floor":8.0,"key":"REST"},{"floor":10.0,"key":"REST"}],"neow_cost":"NONE","seed_source_timestamp":48363395166763,"circlet_count":0,"master_deck":["AscendersBane","Strike_B","Strike_B","Strike_B","Strike_B","Defend_B","Defend_B","Defend_B","Zap","Dualcast","Leap","Coolheaded","BootSequence","Genetic Algorithm+1","Defragment+1","Storm+1","Undo"],"special_seed":0,"relics":["Ectoplasm","Frozen Egg 2","Question Card","Boot"],"potions_floor_usage":[12,13],"damage_taken":[{"damage":1.0,"enemies":"Cultist","floor":1.0,"turns":4.0},{"damage":7.0,"enemies":"Small Slimes","floor":2.0,"turns":3.0},{"damage":0.0,"enemies":"Jaw Worm","floor":3.0,"turns":4.0},{"damage":0.0,"enemies":"Looter","floor":5.0,"turns":4.0},{"damage":43.0,"enemies":"Lagavulin","floor":7.0,"turns":8.0},{"damage":54.0,"enemies":"Gremlin Nob","floor":11.0,"turns":5.0},{"damage":0,"enemies":"Large Slime","floor":12,"turns":4},{"damage":5,"enemies":"3 Louse","floor":13,"turns":1}],"seed_played":"-4875143074805906029","potions_obtained":[{"floor":5.0,"key":"Poison Potion"},{"floor":7.0,"key":"Explosive Potion"},{"floor":12,"key":"Strength Potion"}],"is_trial":false,"path_per_floor":["M","M","M","$","M","R","E","R","T","R","E","M","M"],"character_chosen":"DEFECT","items_purchased":[],"campfire_rested":2,"item_purchase_floors":[],"current_hp_per_floor":[63,56,56,56,56,56,13,34,34,55,1,1,0],"gold":0,"neow_bonus":"BOSS_RELIC","is_prod":false,"is_daily":false,"chose_seed":false,"campfire_upgraded":1,"win_rate":0,"timestamp":1567713295,"path_taken":["M","?","M","$","M","R","E","R","T","R","E","M","M"],"build_version":"2019-07-17","purchased_purges":1,"victory":false,"max_hp_per_floor":[71,71,71,71,71,71,71,71,71,71,71,71,71],"card_choices":[{"not_picked":["Redo","Heatsinks"],"picked":"Leap","floor":1.0},{"not_picked":["Gash","Steam Power"],"picked":"Coolheaded","floor":2.0},{"not_picked":["Force Field","Coolheaded"],"picked":"BootSequence","floor":3.0},{"not_picked":["White Noise","Double Energy"],"picked":"Genetic Algorithm","floor":5.0},{"not_picked":["Leap","Turbo"],"picked":"Defragment","floor":7.0},{"not_picked":["Hologram","Compile Driver","Rebound"],"picked":"Storm+1","floor":11.0},{"not_picked":["Steam Power","Scrape","Leap"],"picked":"Undo","floor":12}],"player_experience":1107497,"relics_obtained":[{"floor":7.0,"key":"Frozen Egg 2"},{"floor":9.0,"key":"Question Card"},{"floor":11.0,"key":"Boot"}],"event_choices":[],"is_beta":false,"boss_relics":[],"items_purged_floors":[4],"is_endless":false,"potions_floor_spawned":[5,7,12],"killed_by":"3 Louse","ascension_level":19}