{"gold_per_floor":[115,132,150,161,174,174,204,204,204,11,28,28,28,28,28,121,121,121],"floor_reached":18,"playtime":1235,"items_purged":[],"score":275,"play_id":"d9a8a0b8-b64f-4b82-8d8a-ae1c0781a483","local_time":"20190823000324","is_ascension_mode":true,"campfire_choices":[{"data":"Dualcast","floor":6.0,"key":"SMITH"},{"data":"Go for the Eyes","floor":8.0,"key":"SMITH"},{"data":"Echo Form","floor":12.0,"key":"SMITH"},{"floor":15.0,"key":"REST"}],"neow_cost":"NONE","seed_source_timestamp":830719612599850,"circlet_count":0,"master_deck":["AscendersBane","Strike_B","Strike_B+1","Strike_B","Strike_B","Defend_B","Defend_B","Defend_B+1","Defend_B","Zap","Dualcast+1","Echo Form+1","Reprogram","Self Repair","BootSequence","Go for the Eyes+1","Chill","Biased Cognition"],"special_seed":0,"relics":["Cracked Core","Bottled Lightning","Pocketwatch","OrangePellets","Golden Idol","Runic Pyramid"],"potions_floor_usage":[],"damage_taken":[{"damage":1.0,"enemies":"Cultist","floor":1.0,"turns":4.0},{"damage":5.0,"enemies":"Small Slimes","floor":2.0,"turns":3.0},{"damage":2.0,"enemies":"Jaw Worm","floor":3.0,"turns":3.0},{"damage":13.0,"enemies":"3 Louse","floor":4.0,"turns":4.0},{"damage":11.0,"enemies":"Blue Slaver","floor":5.0,"turns":4.0},{"damage":10.0,"enemies":"Lagavulin","floor":7.0,"turns":7.0},{"damage":0.0,"enemies":"Lots of Slimes","floor":11.0,"turns":1.0},{"damage":14.0,"enemies":"The Guardian","floor":16.0,"turns":14.0},{"damage":6,"enemies":"Spheric Guardian","floor":18,"turns":5}],"seed_played":"2443796999253182850","potions_obtained":[{"floor":3.0,"key":"PowerPotion"},{"floor":7.0,"key":"FearPotion"}],"is_trial":false,"path_per_floor":["M","M","M","M","M","R","E","R","T","$","M","R","?","?","R","B",null,"M"],"character_chosen":"DEFECT","items_purchased":["OrangePellets"],"campfire_rested":1,"item_purchase_floors":[10],"current_hp_per_floor":[63,58,56,50,46,46,43,43,43,43,43,43,26,12,33,26,60,54],"gold":121,"neow_bonus":"ONE_RANDOM_RARE_CARD","is_prod":false,"is_daily":false,"chose_seed":false,"campfire_upgraded":3,"win_rate":0,"timestamp":1566536604,"path_taken":["M","M","M","M","M","R","E","R","T","?","M","R","?","?","R","BOSS","M"],"build_version":"2019-07-17","purchased_purges":0,"victory":false,"max_hp_per_floor":[71,71,71,71,71,71,71,71,71,71,71,71,71,71,71,71,71,71],"card_choices":[{"not_picked":["Stack","Gash"],"picked":"Reprogram","floor":1.0},{"not_picked":["Conserve Battery","Compile Driver","Steam"],"picked":"SKIP","floor":2.0},{"not_picked":["Doom and Gloom","Stack"],"picked":"Self Repair","floor":3.0},{"not_picked":["Cold Snap","Barrage"],"picked":"BootSequence","floor":4.0},{"not_picked":["Hologram","Thunder Strike","Steam"],"picked":"SKIP","floor":5.0},{"not_picked":["Redo","Static Discharge"],"picked":"Go for the Eyes","floor":7.0},{"not_picked":["Stack","Sunder"],"picked":"Chill","floor":11.0},{"not_picked":["Core Surge","Meteor Strike"],"picked":"Biased Cognition","floor":16.0}],"player_experience":781519,"relics_obtained":[{"floor":7.0,"key":"Bottled Lightning"},{"floor":9.0,"key":"Pocketwatch"}],"event_choices":[{"damage_healed":0.0,"max_hp_gain":0.0,"max_hp_loss":0.0,"gold_gain":0.0,"event_name":"Golden Idol","player_choice":"Take Damage","floor":13.0,"gold_loss":0.0,"damage_taken":17.0,"relics_obtained":["Golden Idol"]},{"damage_healed":0.0,"max_hp_gain":0.0,"max_hp_loss":0.0,"gold_gain":0.0,"event_name":"Shining Light","player_choice":"Entered Light","floor":14.0,"gold_loss":0.0,"damage_taken":14.0,"cards_upgraded":["Defend_B","Strike_B"]}],"is_beta":false,"boss_relics":[{"not_picked":["Fusion Hammer","Lizard Tail"],"picked":"Runic Pyramid"}],"items_purged_floors":[],"is_endless":false,"potions_floor_spawned":[3,7],"killed_by":"Spheric Guardian","ascension_level":14}