{"gold_per_floor":[110,110,110,122,47,47,78,78,132,82,82,30,30,48,48,144,144,156,156,12,22,42,42,72,72,72,107,7,7,25,42,42,139,139,151,167,167,186,201,201,219,236,236,236,264,264,274,291,291,291],"floor_reached":51,"playtime":7027,"items_purged":["Defend_R","Defend_R"],"score":1107,"play_id":"95d7b0a8-6701-4e0f-a460-566fc9765b44","local_time":"20190825170001","is_ascension_mode":true,"campfire_choices":[{"data":"Rampage","floor":6.0,"key":"SMITH"},{"floor":8.0,"key":"REST"},{"data":"Pommel Strike","floor":15.0,"key":"SMITH"},{"data":"Shrug It Off","floor":23.0,"key":"SMITH"},{"data":"Shrug It Off","floor":25.0,"key":"SMITH"},{"data":"True Grit","floor":29.0,"key":"SMITH"},{"floor":32.0,"key":"REST"},{"data":"Bash","floor":40.0,"key":"SMITH"},{"floor":46.0,"key":"REST"},{"floor":49,"key":"REST"}],"neow_cost":"NONE","seed_source_timestamp":956738233773653,"circlet_count":0,"master_deck":["AscendersBane","Strike_R","Strike_R","Defend_R","Defend_R","Bash+1","Rampage+1","Shrug It Off+1","Pommel Strike+1","Limit Break+1","Body Slam+1","Shrug It Off+1","True Grit+1","Battle Trance","Impervious","Flex+1","Impervious","Parasite","Injury"],"special_seed":0,"relics":["Runic Cube","Sundial","Pen Nib","Orichalcum","Runic Pyramid","Vajra","Shuriken","Letter Opener","Ornamental Fan","Cursed Key","Mummified Hand","Torii"],"potions_floor_usage":[48,50],"damage_taken":[{"damage":8.0,"enemies":"Jaw Worm","floor":1.0,"turns":4.0},{"damage":6.0,"enemies":"2 Louse","floor":4.0,"turns":4.0},{"damage":35.0,"enemies":"3 Sentries","floor":7.0,"turns":7.0},{"damage":0.0,"enemies":"Small Slimes","floor":14.0,"turns":4.0},{"damage":24.0,"enemies":"Slime Boss","floor":16.0,"turns":8.0},{"damage":5.0,"enemies":"3 Byrds","floor":18.0,"turns":4.0},{"damage":9.0,"enemies":"Shell Parasite","floor":21.0,"turns":4.0},{"damage":6.0,"enemies":"Cultist and Chosen","floor":22.0,"turns":4.0},{"damage":22.0,"enemies":"Slavers","floor":24.0,"turns":7.0},{"damage":11.0,"enemies":"Book of Stabbing","floor":27.0,"turns":4.0},{"damage":8.0,"enemies":"Snake Plant","floor":30.0,"turns":3.0},{"damage":0.0,"enemies":"Centurion and Healer","floor":31.0,"turns":4.0},{"damage":2.0,"enemies":"Automaton","floor":33.0,"turns":6.0},{"damage":0.0,"enemies":"Orb Walker","floor":35.0,"turns":3.0},{"damage":0.0,"enemies":"3 Shapes","floor":36.0,"turns":3.0},{"damage":4.0,"enemies":"Spire Growth","floor":38.0,"turns":3.0},{"damage":8.0,"enemies":"4 Shapes","floor":39.0,"turns":4.0},{"damage":8.0,"enemies":"Writhing Mass","floor":41.0,"turns":3.0},{"damage":0.0,"enemies":"Maw","floor":42.0,"turns":6.0},{"damage":23.0,"enemies":"Reptomancer","floor":45.0,"turns":6.0},{"damage":2,"enemies":"Transient","floor":47,"turns":5},{"damage":0,"enemies":"Sphere and 2 Shapes","floor":48,"turns":5},{"damage":23,"enemies":"Awakened One","floor":50,"turns":8}],"seed_played":"766813684329468005","potions_obtained":[{"floor":4.0,"key":"PowerPotion"},{"floor":14.0,"key":"Regen Potion"},{"floor":21.0,"key":"Ancient Potion"},{"floor":24.0,"key":"Explosive Potion"},{"floor":27.0,"key":"GamblersBrew"},{"floor":33.0,"key":"Ancient Potion"},{"floor":42.0,"key":"FearPotion"},{"floor":45.0,"key":"SkillPotion"}],"is_trial":false,"path_per_floor":["M","?","?","M","$","R","E","R","T","?","?","$","?","M","R","B",null,"M","?","$","M","M","R","E","R","T","E","$","R","M","M","R","B",null,"M","M","?","M","M","R","M","M","T","?","E","R","M","M","R","B",null],"character_chosen":"IRONCLAD","items_purchased":["Shrug It Off","Vajra"],"campfire_rested":4,"item_purchase_floors":[12,20],"current_hp_per_floor":[64,61,61,55,55,55,20,44,44,44,37,37,37,37,37,28,67,62,62,62,53,47,47,25,25,25,14,14,14,6,6,30,28,67,67,67,67,63,55,55,47,47,47,47,24,48,46,46,70,47],"gold":291,"neow_bonus":"BOSS_RELIC","is_prod":false,"is_daily":false,"chose_seed":false,"campfire_upgraded":6,"win_rate":0,"timestamp":1566770401,"path_taken":["M","?","?","M","?","R","E","R","T","?","?","$","?","M","R","BOSS","M","?","$","M","M","R","E","R","T","E","$","R","M","M","R","BOSS","M","M","?","M","M","R","M","?","T","?","E","R","M","M","R","BOSS"],"build_version":"2019-07-17","purchased_purges":2,"victory":true,"max_hp_per_floor":[80,80,80,80,80,80,80,80,80,80,80,80,80,80,80,80,80,80,80,80,80,80,80,80,80,80,80,80,80,80,80,80,80,80,80,80,80,80,80,80,80,80,80,80,80,80,80,80,80,80],"card_choices":[{"not_picked":["Heavy Blade","Disarm"],"picked":"Rampage","floor":1.0},{"not_picked":["Havoc","Armaments","Headbutt"],"picked":"SKIP","floor":4.0},{"not_picked":["Flex","Fire Breathing","Twin Strike"],"picked":"SKIP","floor":7.0},{"not_picked":["Anger","Sword Boomerang"],"picked":"Pommel Strike","floor":14.0},{"not_picked":["Bludgeon","Exhume"],"picked":"Limit Break","floor":16.0},{"not_picked":["Warcry","Twin Strike"],"picked":"Body Slam+1","floor":18.0},{"not_picked":["Perfected Strike","Warcry","Rupture"],"picked":"SKIP","floor":21.0},{"not_picked":["Thunderclap","Headbutt"],"picked":"Shrug It Off","floor":22.0},{"not_picked":["Thunderclap","Clothesline"],"picked":"Double Tap","floor":24.0},{"not_picked":["Hemokinesis","Pummel"],"picked":"True Grit","floor":27.0},{"not_picked":["Clothesline","Clash","Sword Boomerang"],"picked":"SKIP","floor":30.0},{"not_picked":["Heavy Blade+1","Warcry"],"picked":"Battle Trance","floor":31.0},{"not_picked":["Exhume","Fiend Fire"],"picked":"Impervious","floor":33.0},{"not_picked":["Power Through","Searing Blow+1","Anger"],"picked":"SKIP","floor":35.0},{"not_picked":["True Grit+1","Wild Strike"],"picked":"Flex+1","floor":36.0},{"not_picked":["Spot Weakness","Pommel Strike","Entrench"],"picked":"SKIP","floor":38.0},{"not_picked":["Sword Boomerang","Thunderclap"],"picked":"Impervious","floor":39.0},{"not_picked":["Dropkick","Perfected Strike+1","Flame Barrier+1"],"picked":"SKIP","floor":41.0},{"not_picked":["Shrug It Off","Anger","Flame Barrier"],"picked":"SKIP","floor":42.0},{"not_picked":["Uppercut","Corruption","Juggernaut"],"picked":"SKIP","floor":45.0},{"not_picked":["Clash+1","Sword Boomerang","Iron Wave"],"picked":"SKIP","floor":47},{"not_picked":["Heavy Blade+1","Uppercut","Wild Strike"],"picked":"SKIP","floor":48}],"player_experience":870154,"relics_obtained":[{"floor":7.0,"key":"Pen Nib"},{"floor":9.0,"key":"Orichalcum"},{"floor":24.0,"key":"Shuriken"},{"floor":26.0,"key":"Letter Opener"},{"floor":27.0,"key":"Ornamental Fan"},{"floor":43.0,"key":"Mummified Hand"},{"floor":45.0,"key":"Torii"}],"event_choices":[{"damage_healed":0.0,"max_hp_gain":0.0,"max_hp_loss":0.0,"gold_gain":0.0,"event_name":"Scrap Ooze","player_choice":"Success","floor":2.0,"gold_loss":0.0,"damage_taken":3.0,"relics_obtained":["Sundial"]},{"cards_removed":["Strike_R"],"damage_healed":0.0,"max_hp_gain":0.0,"max_hp_loss":0.0,"gold_gain":0.0,"event_name":"Living Wall","player_choice":"Forget","floor":3.0,"gold_loss":0.0,"damage_taken":0.0},{"cards_removed":["Strike_R"],"damage_healed":0.0,"max_hp_gain":0.0,"max_hp_loss":0.0,"gold_gain":0.0,"event_name":"The Cleric","player_choice":"Card Removal","floor":10.0,"gold_loss":50.0,"damage_taken":0.0},{"cards_removed":["Strike_R"],"damage_healed":0.0,"max_hp_gain":0.0,"max_hp_loss":0.0,"gold_gain":0.0,"event_name":"Golden Wing","player_choice":"Card Removal","floor":11.0,"gold_loss":0.0,"damage_taken":7.0},{"damage_healed":0.0,"max_hp_gain":0.0,"max_hp_loss":0.0,"gold_gain":0.0,"event_name":"Liars Game","player_choice":"Ignored","floor":13.0,"gold_loss":0.0,"damage_taken":0.0},{"damage_healed":0.0,"max_hp_gain":0.0,"max_hp_loss":0.0,"gold_gain":0.0,"event_name":"Cursed Tome","player_choice":"Ignored","floor":19.0,"gold_loss":0.0,"damage_taken":0.0},{"damage_healed":0.0,"max_hp_gain":0.0,"max_hp_loss":0.0,"gold_gain":0.0,"event_name":"Accursed Blacksmith","player_choice":"Forge","floor":37.0,"gold_loss":0.0,"damage_taken":0.0,"cards_upgraded":["Limit Break"]},{"cards_removed":["Double Tap"],"damage_healed":0.0,"max_hp_gain":0.0,"max_hp_loss":0.0,"gold_gain":0.0,"event_name":"Falling","player_choice":"Removed Skill","floor":44.0,"gold_loss":0.0,"damage_taken":0.0}],"is_beta":false,"boss_relics":[{"not_picked":["Coffee Dripper","Snecko Eye"],"picked":"Runic Pyramid"},{"not_picked":["Philosopher\u0027s Stone","Orrery"],"picked":"Cursed Key"}],"items_purged_floors":[5,28],"is_endless":false,"potions_floor_spawned":[4,14,21,24,27,33,42,45,47],"ascension_level":12}