{"gold_per_floor":[111,36,51,16,16,16,50,50,74,107,125,155,175,190,190,190],"floor_reached":16,"playtime":775,"items_purged":["Strike_B"],"score":215,"play_id":"f7711285-c745-4a4d-ac04-c87a45232761","local_time":"20190905115334","is_ascension_mode":true,"campfire_choices":[{"data":"Dualcast","floor":6.0,"key":"SMITH"},{"floor":8.0,"key":"REST"},{"floor":15,"key":"REST"}],"neow_cost":"PERCENT_DAMAGE","seed_source_timestamp":37700924910659,"circlet_count":0,"master_deck":["AscendersBane","Strike_B","Strike_B","Strike_B","Defend_B","Defend_B","Defend_B","Defend_B","Zap","Dualcast+1","All For One","Go for the Eyes","Ball Lightning","Biased Cognition","Skim","Gash","Conserve Battery"],"special_seed":0,"relics":["Cracked Core","Golden Idol","Torii","Bag of Marbles","Gremlin Horn","Pocketwatch"],"potions_floor_usage":[14,16],"damage_taken":[{"damage":6.0,"enemies":"Cultist","floor":1.0,"turns":3.0},{"damage":9.0,"enemies":"Jaw Worm","floor":3.0,"turns":2.0},{"damage":32.0,"enemies":"Gremlin Nob","floor":7.0,"turns":4.0},{"damage":22.0,"enemies":"3 Sentries","floor":10.0,"turns":7.0},{"damage":1.0,"enemies":"2 Louse","floor":11.0,"turns":2.0},{"damage":1.0,"enemies":"2 Fungi Beasts","floor":13.0,"turns":2.0},{"damage":2,"enemies":"Exordium Thugs","floor":14,"turns":3},{"damage":1,"enemies":"Hexaghost","floor":16,"turns":9}],"seed_played":"-6121397858958201775","potions_obtained":[{"floor":11.0,"key":"SpeedPotion"},{"floor":13.0,"key":"Weak Potion"},{"floor":14,"key":"EssenceOfSteel"}],"is_trial":false,"path_per_floor":["M","$","M","?","?","R","E","R","T","E","M","?","M","M","R","B"],"character_chosen":"DEFECT","items_purchased":[],"campfire_rested":2,"item_purchase_floors":[],"current_hp_per_floor":[40,40,31,48,48,48,16,35,35,13,12,12,11,9,28,27],"gold":190,"neow_bonus":"THREE_RARE_CARDS","is_prod":false,"is_daily":false,"chose_seed":false,"campfire_upgraded":1,"win_rate":0,"timestamp":1567702414,"path_taken":["M","$","M","?","?","R","E","R","T","E","M","?","M","M","R","BOSS"],"build_version":"2019-07-17","purchased_purges":1,"victory":false,"max_hp_per_floor":[71,71,71,71,64,64,64,64,64,64,64,64,64,64,64,64],"card_choices":[{"not_picked":["Multi-Cast","Seek"],"picked":"All For One","floor":0.0},{"not_picked":["Blizzard","Lockon"],"picked":"Go for the Eyes","floor":1.0},{"not_picked":["Stack","Rebound"],"picked":"Ball Lightning","floor":3.0},{"not_picked":["Streamline","Beam Cell","Barrage"],"picked":"SKIP","floor":7.0},{"not_picked":["Coolheaded","Reinforced Body"],"picked":"Biased Cognition","floor":10.0},{"not_picked":["Ball Lightning","Tempest"],"picked":"Skim","floor":11.0},{"not_picked":["Rebound","Static Discharge"],"picked":"Gash","floor":13.0},{"not_picked":["Stack","Go for the Eyes"],"picked":"Conserve Battery","floor":14}],"player_experience":1099777,"relics_obtained":[{"floor":7.0,"key":"Torii"},{"floor":9.0,"key":"Bag of Marbles"},{"floor":10.0,"key":"Gremlin Horn"}],"event_choices":[{"damage_healed":17.0,"max_hp_gain":0.0,"max_hp_loss":0.0,"gold_gain":0.0,"event_name":"The Cleric","player_choice":"Healed","floor":4.0,"gold_loss":35.0,"damage_taken":0.0},{"damage_healed":0.0,"max_hp_gain":0.0,"max_hp_loss":7.0,"gold_gain":0.0,"event_name":"Golden Idol","player_choice":"Lose Max HP","floor":5.0,"gold_loss":0.0,"damage_taken":0.0,"relics_obtained":["Golden Idol"]},{"damage_healed":0.0,"max_hp_gain":0.0,"max_hp_loss":0.0,"gold_gain":30.0,"event_name":"Dead Adventurer","player_choice":"Searched \u00272\u0027 times","floor":12.0,"gold_loss":0.0,"damage_taken":0.0,"relics_obtained":["Pocketwatch"]}],"is_beta":false,"boss_relics":[],"items_purged_floors":[2],"is_endless":false,"potions_floor_spawned":[11,13,14],"killed_by":"Hexaghost","ascension_level":19}