{"gold_per_floor":[114,39,56,56,73,73,89,89,89,124,124,175,187,43,43,115,115,115,115,115,115,76,76,76,76,76,76,76,76,76,76,76,76,76,76,76,76,19,19,19,19,19,19,19,19,19,19,19,19,19],"floor_reached":51,"playtime":6906,"items_purged":["Strike_R","Strike_R"],"score":1476,"play_id":"f3b8685f-42b0-4932-a559-2dd9b5e2b624","local_time":"20190826225921","is_ascension_mode":true,"campfire_choices":[{"data":"Corruption","floor":6.0,"key":"SMITH"},{"data":"Dark Embrace","floor":8.0,"key":"SMITH"},{"data":"Battle Trance","floor":11.0,"key":"SMITH"},{"floor":15.0,"key":"REST"},{"data":"Feel No Pain","floor":27.0,"key":"SMITH"},{"data":"Juggernaut","floor":29.0,"key":"SMITH"},{"floor":32.0,"key":"REST"},{"data":"Body Slam","floor":40.0,"key":"SMITH"},{"data":"Offering","floor":46.0,"key":"SMITH"},{"floor":49.0,"key":"DIG"}],"neow_cost":"NONE","seed_source_timestamp":1012418922792943,"circlet_count":0,"master_deck":["AscendersBane","Strike_R+1","Strike_R+1","Strike_R+1","Defend_R+1","Defend_R+1","Defend_R+1","Defend_R+1","Bash+1","Battle Trance+1","Shrug It Off+1","Spot Weakness+1","Corruption+1","Feel No Pain+1","Dark Embrace+1","Shrug It Off+1","Offering+1","Seeing Red+1","Battle Trance+1","Juggernaut+1","Iron Wave+1","Limit Break+1","Demon Form+1","Body Slam+1","Shrug It Off+1"],"special_seed":0,"relics":["Orrery","Singing Bowl","Bottled Lightning","MawBank","Ectoplasm","Darkstone Periapt","Gremlin Horn","Pen Nib","Nilry\u0027s Codex","Potion Belt","Coffee Dripper","Shovel","Paper Frog","Art of War","Strawberry","Mark of the Bloom","PreservedInsect"],"potions_floor_usage":[],"damage_taken":[{"damage":0.0,"enemies":"Cultist","floor":1.0,"turns":4.0},{"damage":10.0,"enemies":"Small Slimes","floor":3.0,"turns":4.0},{"damage":2.0,"enemies":"Jaw Worm","floor":5.0,"turns":5.0},{"damage":1.0,"enemies":"Looter","floor":7.0,"turns":5.0},{"damage":0.0,"enemies":"3 Sentries","floor":10.0,"turns":7.0},{"damage":27.0,"enemies":"The Guardian","floor":16.0,"turns":8.0},{"damage":7.0,"enemies":"Spheric Guardian","floor":18.0,"turns":4.0},{"damage":6.0,"enemies":"3 Byrds","floor":19.0,"turns":5.0},{"damage":1.0,"enemies":"Shelled Parasite and Fungi","floor":21.0,"turns":4.0},{"damage":0.0,"enemies":"Book of Stabbing","floor":23.0,"turns":4.0},{"damage":6.0,"enemies":"3 Cultists","floor":24.0,"turns":4.0},{"damage":6.0,"enemies":"Gremlin Leader","floor":25.0,"turns":5.0},{"damage":7.0,"enemies":"Book of Stabbing","floor":31.0,"turns":4.0},{"damage":16.0,"enemies":"Collector","floor":33.0,"turns":6.0},{"damage":6.0,"enemies":"Orb Walker","floor":35.0,"turns":3.0},{"damage":6.0,"enemies":"2 Orb Walkers","floor":36.0,"turns":3.0},{"damage":6.0,"enemies":"3 Darklings","floor":39.0,"turns":3.0},{"damage":6.0,"enemies":"Nemesis","floor":41.0,"turns":3.0},{"damage":48.0,"enemies":"Spire Growth","floor":44.0,"turns":4.0},{"damage":8.0,"enemies":"4 Shapes","floor":45.0,"turns":3.0},{"damage":0.0,"enemies":"Sphere and 2 Shapes","floor":48.0,"turns":3.0},{"damage":17,"enemies":"Awakened One","floor":50,"turns":4}],"seed_played":"-3645856107204788512","potions_obtained":[{"floor":4.0,"key":"Weak Potion"},{"floor":4.0,"key":"EntropicBrew"},{"floor":10.0,"key":"Weak Potion"},{"floor":18.0,"key":"Strength Potion"},{"floor":23.0,"key":"Energy Potion"},{"floor":25.0,"key":"BloodPotion"},{"floor":31.0,"key":"Block Potion"},{"floor":35.0,"key":"Swift Potion"},{"floor":44.0,"key":"Energy Potion"},{"floor":48.0,"key":"Fire Potion"}],"is_trial":false,"path_per_floor":["M","$","M","?","M","R","M","R","T","E","R","T","?","$","R","B",null,"M","M","?","M","$","E","M","E","T","R","?","R","?","E","R","B",null,"M","?","?","$","M","R","E","T","T","M","M","R","?","M","R","B",null],"character_chosen":"IRONCLAD","items_purchased":["Shrug It Off","Battle Trance","Body Slam"],"campfire_rested":2,"item_purchase_floors":[14,22,38],"current_hp_per_floor":[68,68,58,58,56,56,55,55,55,57,57,57,34,34,57,30,65,60,54,54,55,55,55,51,45,45,45,45,45,24,17,41,25,69,65,61,57,57,53,53,49,49,56,34,28,28,28,28,28,11],"gold":19,"neow_bonus":"BOSS_RELIC","is_prod":false,"is_daily":false,"chose_seed":false,"campfire_upgraded":7,"win_rate":0,"timestamp":1566878361,"path_taken":["M","$","?","?","?","R","M","R","T","E","R","?","?","$","R","BOSS","M","M","?","M","?","E","M","E","T","R","?","R","?","E","R","BOSS","M","?","?","$","M","R","E","?","T","?","M","R","?","M","R","BOSS"],"build_version":"2019-07-17","purchased_purges":2,"victory":true,"max_hp_per_floor":[75,75,75,75,75,75,75,75,75,77,77,77,77,77,77,77,77,79,79,79,81,81,81,83,83,83,83,83,83,83,83,83,83,83,85,87,93,93,95,95,97,97,104,104,106,106,106,108,108,108],"card_choices":[{"not_picked":["Perfected Strike","Sword Boomerang"],"picked":"Battle Trance","floor":0.0},{"not_picked":["Thunderclap","Second Wind"],"picked":"Shrug It Off","floor":0.0},{"not_picked":["Hemokinesis","Flame Barrier"],"picked":"Spot Weakness","floor":0.0},{"not_picked":["Iron Wave","Cleave"],"picked":"Corruption","floor":0.0},{"not_picked":["Havoc","Cleave"],"picked":"Feel No Pain","floor":0.0},{"not_picked":["Iron Wave","Flex","Sword Boomerang"],"picked":"SKIP","floor":1.0},{"not_picked":["Inflame","Sword Boomerang"],"picked":"Dark Embrace","floor":3.0},{"not_picked":["Dual Wield","Cleave","Armaments"],"picked":"SKIP","floor":5.0},{"not_picked":["Headbutt","Sword Boomerang","Sever Soul"],"picked":"SKIP","floor":7.0},{"not_picked":["Cleave","Fire Breathing","True Grit"],"picked":"Singing Bowl","floor":10.0},{"not_picked":["Brutality","Bludgeon"],"picked":"Offering","floor":16.0},{"not_picked":["Clash","Thunderclap","True Grit"],"picked":"Singing Bowl","floor":18.0},{"not_picked":["Flex","Dual Wield"],"picked":"Seeing Red+1","floor":19.0},{"not_picked":["Combust","Anger","Clash"],"picked":"Singing Bowl","floor":21.0},{"not_picked":["Pommel Strike","Corruption"],"picked":"Juggernaut","floor":23.0},{"not_picked":["Searing Blow+1","Pommel Strike","Heavy Blade"],"picked":"Singing Bowl","floor":24.0},{"not_picked":["Clothesline","Whirlwind"],"picked":"Iron Wave+1","floor":25.0},{"not_picked":["Perfected Strike","True Grit"],"picked":"Limit Break","floor":31.0},{"not_picked":["Fiend Fire","Limit Break"],"picked":"Demon Form","floor":33.0},{"not_picked":["Intimidate","Shrug It Off","Cleave"],"picked":"Singing Bowl","floor":35.0},{"not_picked":["Thunderclap","Reckless Charge","Clothesline"],"picked":"Singing Bowl","floor":36.0},{"not_picked":["Violence","Good Instincts","Impatience"],"picked":"Singing Bowl","floor":37.0},{"not_picked":["Mayhem","Bandage Up","Mind Blast"],"picked":"Singing Bowl","floor":37.0},{"not_picked":["Finesse","Dark Shackles","Jack Of All Trades"],"picked":"Singing Bowl","floor":37.0},{"not_picked":["Heavy Blade+1","Pommel Strike","Carnage"],"picked":"Singing Bowl","floor":39.0},{"not_picked":["Pommel Strike","Twin Strike","Spot Weakness"],"picked":"Singing Bowl","floor":41.0},{"not_picked":["Bloodletting+1","Searing Blow"],"picked":"Shrug It Off+1","floor":44.0},{"not_picked":["True Grit","Perfected Strike","Spot Weakness"],"picked":"Singing Bowl","floor":45.0},{"not_picked":["Headbutt","Body Slam","Fire Breathing"],"picked":"Singing Bowl","floor":48.0}],"player_experience":902713,"relics_obtained":[{"floor":9.0,"key":"Singing Bowl"},{"floor":10.0,"key":"Bottled Lightning"},{"floor":12.0,"key":"MawBank"},{"floor":23.0,"key":"Darkstone Periapt"},{"floor":25.0,"key":"Gremlin Horn"},{"floor":26.0,"key":"Pen Nib"},{"floor":30.0,"key":"Nilry\u0027s Codex"},{"floor":31.0,"key":"Potion Belt"},{"floor":36.0,"key":"Shovel"},{"floor":41.0,"key":"Paper Frog"},{"floor":42.0,"key":"Art of War"},{"floor":43.0,"key":"Strawberry"},{"floor":49.0,"key":"PreservedInsect"}],"event_choices":[{"damage_healed":0.0,"max_hp_gain":0.0,"max_hp_loss":0.0,"gold_gain":0.0,"event_name":"Lab","player_choice":"Got Potions","floor":4.0,"gold_loss":0.0,"damage_taken":0.0},{"damage_healed":0.0,"max_hp_gain":0.0,"max_hp_loss":0.0,"gold_gain":0.0,"event_name":"Shining Light","player_choice":"Entered Light","floor":13.0,"gold_loss":0.0,"damage_taken":23.0,"cards_upgraded":["Spot Weakness","Strike_R"]},{"damage_healed":0.0,"max_hp_gain":0.0,"max_hp_loss":0.0,"gold_gain":0.0,"event_name":"Vampires","player_choice":"Ignored","floor":20.0,"gold_loss":0.0,"damage_taken":0.0},{"damage_healed":0.0,"max_hp_gain":0.0,"max_hp_loss":0.0,"gold_gain":0.0,"event_name":"Ghosts","player_choice":"Ignored","floor":28.0,"gold_loss":0.0,"damage_taken":0.0},{"damage_healed":0.0,"max_hp_gain":0.0,"max_hp_loss":0.0,"gold_gain":0.0,"event_name":"Cursed Tome","player_choice":"Obtained Book","floor":30.0,"gold_loss":0.0,"damage_taken":21.0},{"damage_healed":0.0,"max_hp_gain":0.0,"max_hp_loss":0.0,"gold_gain":0.0,"event_name":"Mysterious Sphere","player_choice":"Fight","floor":36.0,"gold_loss":0.0,"damage_taken":0.0},{"damage_healed":0.0,"max_hp_gain":0.0,"max_hp_loss":0.0,"gold_gain":0.0,"event_name":"SensoryStone","player_choice":"Memory 3","floor":37.0,"gold_loss":0.0,"damage_taken":10.0},{"damage_healed":0.0,"max_hp_gain":0.0,"max_hp_loss":0.0,"gold_gain":0.0,"event_name":"MindBloom","player_choice":"Upgrade","floor":47.0,"gold_loss":0.0,"damage_taken":0.0,"cards_upgraded":["Strike_R","Strike_R","Defend_R","Defend_R","Defend_R","Defend_R","Bash","Shrug It Off","Shrug It Off","Battle Trance","Limit Break","Demon Form"],"relics_obtained":["Mark of the Bloom"]}],"is_beta":false,"boss_relics":[{"not_picked":["Lizard Tail","Fusion Hammer"],"picked":"Ectoplasm"},{"not_picked":["Calling Bell","Snecko Eye"],"picked":"Coffee Dripper"}],"items_purged_floors":[2,14],"is_endless":false,"potions_floor_spawned":[5,10,18,23,25,31,35,44,48],"ascension_level":16}