{"gold_per_floor":[118,68,68,80,98,98,23,36,36,36,54,54,71,71,71,71],"floor_reached":16,"playtime":1029,"items_purged":["Defend_B"],"score":156,"play_id":"a4ac5791-7eb7-4c2f-a680-45c0376e2d23","local_time":"20190822151015","is_ascension_mode":true,"campfire_choices":[{"data":"Zap","floor":6,"key":"SMITH"},{"data":"Redo","floor":10,"key":"SMITH"},{"data":"Machine Learning","floor":12,"key":"SMITH"},{"data":"Zap","floor":15,"key":"SMITH"}],"neow_cost":"TEN_PERCENT_HP_LOSS","seed_source_timestamp":808013287892357,"circlet_count":0,"master_deck":["AscendersBane","Strike_B","Strike_B","Defend_B","Defend_B","Zap+1","Dualcast","Redo+1","Core Surge","Panacea","Zap+1","Consume","Ball Lightning","Darkness","Machine Learning+1"],"special_seed":0,"relics":["Cracked Core","StoneCalendar"],"potions_floor_usage":[11,16,16],"damage_taken":[{"damage":7.0,"enemies":"Jaw Worm","floor":1.0,"turns":3.0},{"damage":2,"enemies":"2 Louse","floor":4,"turns":3},{"damage":1,"enemies":"Cultist","floor":5,"turns":3},{"damage":6,"enemies":"2 Fungi Beasts","floor":8,"turns":2},{"damage":9,"enemies":"3 Louse","floor":11,"turns":2},{"damage":18,"enemies":"Exordium Thugs","floor":13,"turns":3},{"damage":21,"enemies":"Hexaghost","floor":16,"turns":5}],"seed_played":"7769466254446981079","potions_obtained":[{"floor":1.0,"key":"AttackPotion"},{"floor":8,"key":"AttackPotion"},{"floor":13,"key":"Fire Potion"}],"is_trial":false,"path_per_floor":["M","?","?","M","M","R","$","M","T","R","M","R","M","?","R","B"],"character_chosen":"DEFECT","items_purchased":[],"campfire_rested":0,"item_purchase_floors":[],"current_hp_per_floor":[57,57,57,55,54,54,54,48,48,48,39,39,21,21,21,0],"gold":71,"neow_bonus":"REMOVE_TWO","is_prod":false,"is_daily":false,"chose_seed":false,"campfire_upgraded":4,"win_rate":0,"timestamp":1566504615,"path_taken":["M","?","?","M","M","R","$","?","T","R","M","R","M","?","R","BOSS"],"build_version":"2019-07-17","purchased_purges":1,"victory":false,"max_hp_per_floor":[64,64,64,64,64,64,64,64,64,64,64,64,64,64,64,64],"card_choices":[{"not_picked":["Reprogram","Stack"],"picked":"Redo","floor":1.0},{"not_picked":["Go for the Eyes","Conserve Battery","Tempest"],"picked":"SKIP","floor":4},{"not_picked":["Fusion","Cold Snap"],"picked":"Ball Lightning","floor":5},{"not_picked":["Ball Lightning","Rebound"],"picked":"Darkness","floor":8},{"not_picked":["Hologram","Go for the Eyes"],"picked":"Machine Learning","floor":11},{"not_picked":["Streamline","Barrage","Hologram"],"picked":"SKIP","floor":13}],"player_experience":770121,"relics_obtained":[{"floor":9,"key":"StoneCalendar"}],"event_choices":[{"cards_removed":["Strike_B"],"damage_healed":0.0,"max_hp_gain":0.0,"max_hp_loss":0.0,"gold_gain":0.0,"event_name":"The Cleric","player_choice":"Card Removal","floor":2.0,"gold_loss":50.0,"damage_taken":0.0},{"damage_healed":0,"gold_gain":0,"player_choice":"4 cards matched","damage_taken":0,"max_hp_gain":0,"max_hp_loss":0,"event_name":"Match and Keep!","floor":3,"gold_loss":0,"cards_obtained":["Core Surge","Panacea","Zap","Consume"]},{"damage_healed":0,"gold_gain":0,"player_choice":"Ignored","damage_taken":0,"max_hp_gain":0,"max_hp_loss":0,"event_name":"Liars Game","floor":14,"gold_loss":0}],"is_beta":false,"boss_relics":[],"items_purged_floors":[7],"is_endless":false,"potions_floor_spawned":[1,8,13],"killed_by":"Hexaghost","ascension_level":14}