{"gold_per_floor":[116,127,52,52,62,82,111,111,411,429,429,459,459,470,470,547,547,547],"floor_reached":18,"playtime":877,"items_purged":["Strike_R"],"score":316,"play_id":"f405b4ae-9134-4d8c-b7b5-477ea519fe99","local_time":"20190909111501","is_ascension_mode":true,"campfire_choices":[{"floor":8.0,"key":"REST"},{"data":"Body Slam","floor":11.0,"key":"SMITH"},{"data":"Shrug It Off","floor":13.0,"key":"SMITH"},{"data":"Shockwave","floor":15.0,"key":"SMITH"}],"neow_cost":"NONE","seed_source_timestamp":207734200075714,"circlet_count":0,"master_deck":["AscendersBane","Strike_R","Strike_R","Strike_R","Strike_R+1","Defend_R+1","Defend_R","Defend_R","Defend_R","Bash","Shrug It Off+1","Body Slam+1","Shockwave+1","Limit Break"],"special_seed":0,"relics":["Burning Blood","Anchor","Pantograph","Old Coin","Philosopher\u0027s Stone"],"potions_floor_usage":[16,16],"damage_taken":[{"damage":4.0,"enemies":"Jaw Worm","floor":1.0,"turns":4.0},{"damage":7.0,"enemies":"Small Slimes","floor":2.0,"turns":3.0},{"damage":0.0,"enemies":"2 Louse","floor":5.0,"turns":3.0},{"damage":4.0,"enemies":"Large Slime","floor":6.0,"turns":6.0},{"damage":42.0,"enemies":"Gremlin Nob","floor":7.0,"turns":5.0},{"damage":6.0,"enemies":"2 Fungi Beasts","floor":10.0,"turns":4.0},{"damage":3.0,"enemies":"3 Louse","floor":14.0,"turns":4.0},{"damage":19,"enemies":"The Guardian","floor":16,"turns":15},{"damage":0,"enemies":"Spheric Guardian","floor":18,"turns":3}],"seed_played":"3904086628492107238","potions_obtained":[{"floor":2.0,"key":"Block Potion"},{"floor":6.0,"key":"Weak Potion"},{"floor":10.0,"key":"SpeedPotion"},{"floor":14.0,"key":"Weak Potion"}],"is_trial":false,"path_per_floor":["M","M","$","?","M","M","E","R","T","M","R","?","R","M","R","B",null,"M"],"character_chosen":"IRONCLAD","items_purchased":[],"campfire_rested":1,"item_purchase_floors":[],"current_hp_per_floor":[70,69,69,46,52,54,18,40,40,40,40,40,40,43,43,55,70,70],"gold":547,"neow_bonus":"RANDOM_COMMON_RELIC","is_prod":false,"is_daily":false,"chose_seed":false,"campfire_upgraded":3,"win_rate":0,"timestamp":1568045701,"path_taken":["M","M","$","?","M","M","E","R","T","M","R","?","R","M","R","BOSS","M"],"build_version":"2019-07-17","purchased_purges":1,"victory":false,"max_hp_per_floor":[75,75,75,75,75,75,75,75,75,75,75,75,75,75,75,75,75,75],"card_choices":[{"not_picked":["Wild Strike","Warcry","Infernal Blade"],"picked":"SKIP","floor":1.0},{"not_picked":["Sentinel","Sword Boomerang"],"picked":"Shrug It Off","floor":2.0},{"not_picked":["Corruption","Uppercut"],"picked":"Body Slam","floor":5.0},{"not_picked":["Flex","Sever Soul","Clash"],"picked":"SKIP","floor":6.0},{"not_picked":["Power Through","Thunderclap","Whirlwind"],"picked":"SKIP","floor":7.0},{"not_picked":["Clothesline","Infernal Blade","Flex"],"picked":"SKIP","floor":10.0},{"not_picked":["Warcry","Sword Boomerang"],"picked":"Shockwave","floor":14.0},{"not_picked":["Brutality","Fiend Fire"],"picked":"Limit Break","floor":16}],"player_experience":1160564,"relics_obtained":[{"floor":7.0,"key":"Pantograph"},{"floor":9.0,"key":"Old Coin"}],"event_choices":[{"damage_healed":0.0,"max_hp_gain":0.0,"max_hp_loss":0.0,"gold_gain":0.0,"event_name":"Shining Light","player_choice":"Entered Light","floor":4.0,"gold_loss":0.0,"damage_taken":23.0,"cards_upgraded":["Defend_R","Strike_R"]},{"damage_healed":0.0,"max_hp_gain":0.0,"max_hp_loss":0.0,"gold_gain":30.0,"event_name":"Dead Adventurer","player_choice":"Searched \u00272\u0027 times","floor":12.0,"gold_loss":0.0,"damage_taken":0.0}],"is_beta":false,"boss_relics":[{"not_picked":["Runic Dome","Tiny House"],"picked":"Philosopher\u0027s Stone"}],"items_purged_floors":[3],"is_endless":false,"potions_floor_spawned":[2,6,10,14],"killed_by":"Spheric Guardian","ascension_level":19}