{"gold_per_floor":[114,39,39,58,58,58,86,86,86,105,123,138,166,184,184,184],"floor_reached":16,"playtime":961,"items_purged":["Defend_R"],"score":267,"play_id":"68a3b223-d3b5-435e-8c28-4edebab6c751","local_time":"20190908225427","is_ascension_mode":true,"campfire_choices":[{"data":"Armaments","floor":6.0,"key":"SMITH"},{"data":"Searing Blow","floor":8.0,"key":"SMITH"},{"data":"Searing Blow+1","floor":15,"key":"SMITH"}],"neow_cost":"NONE","seed_source_timestamp":191573017879072,"circlet_count":0,"master_deck":["AscendersBane","Strike_R","Strike_R","Strike_R","Strike_R","Strike_R","Defend_R","Defend_R","Defend_R","Bash","Armaments+1","Searing Blow+2","Dual Wield"],"special_seed":0,"relics":["Burning Blood","NeowsBlessing","Thread and Needle","Unceasing Top","Bottled Flame","Kunai"],"potions_floor_usage":[13,13],"damage_taken":[{"damage":0.0,"enemies":"Cultist","floor":1.0,"turns":1.0},{"damage":0.0,"enemies":"Small Slimes","floor":4.0,"turns":1.0},{"damage":0.0,"enemies":"Lagavulin","floor":7.0,"turns":1.0},{"damage":0,"enemies":"2 Louse","floor":10,"turns":3},{"damage":20,"enemies":"Gremlin Gang","floor":11,"turns":6},{"damage":10,"enemies":"2 Fungi Beasts","floor":12,"turns":4},{"damage":11,"enemies":"3 Sentries","floor":13,"turns":10},{"damage":15,"enemies":"Exordium Wildlife","floor":14,"turns":4},{"damage":59,"enemies":"Slime Boss","floor":16,"turns":9}],"seed_played":"8545995678247331174","potions_obtained":[{"floor":7.0,"key":"Energy Potion"},{"floor":11,"key":"Block Potion"}],"is_trial":false,"path_per_floor":["M","$","?","M","?","R","E","R","T","M","M","M","E","M","R","B"],"character_chosen":"IRONCLAD","items_purchased":[],"campfire_rested":0,"item_purchase_floors":[],"current_hp_per_floor":[74,74,56,62,67,67,73,73,73,79,65,61,56,47,47,0],"gold":184,"neow_bonus":"THREE_ENEMY_KILL","is_prod":false,"is_daily":false,"chose_seed":false,"campfire_upgraded":3,"win_rate":0,"timestamp":1568001267,"path_taken":["M","$","?","M","?","R","E","R","T","M","M","M","E","M","R","BOSS"],"build_version":"2019-07-17","purchased_purges":1,"victory":false,"max_hp_per_floor":[75,75,75,75,80,80,80,80,80,80,80,80,80,80,80,80],"card_choices":[{"not_picked":["Infernal Blade","Sword Boomerang"],"picked":"Armaments","floor":1.0},{"not_picked":["Sentinel","Pummel"],"picked":"Searing Blow","floor":4.0},{"not_picked":["Warcry","Armaments","Twin Strike"],"picked":"SKIP","floor":7.0},{"not_picked":["Limit Break","Armaments"],"picked":"Dual Wield","floor":10},{"not_picked":["Combust","Pommel Strike","Thunderclap"],"picked":"SKIP","floor":11},{"not_picked":["Thunderclap","Pommel Strike","Armaments"],"picked":"SKIP","floor":12},{"not_picked":["Rage","Whirlwind","Carnage"],"picked":"SKIP","floor":13},{"not_picked":["Burning Pact","Fire Breathing","Seeing Red"],"picked":"SKIP","floor":14}],"player_experience":1156037,"relics_obtained":[{"floor":7.0,"key":"Unceasing Top"},{"floor":9.0,"key":"Bottled Flame"},{"floor":13,"key":"Kunai"}],"event_choices":[{"damage_healed":0.0,"max_hp_gain":0.0,"max_hp_loss":0.0,"gold_gain":0.0,"event_name":"Scrap Ooze","player_choice":"Success","floor":3.0,"gold_loss":0.0,"damage_taken":18.0,"relics_obtained":["Thread and Needle"]},{"damage_healed":0.0,"max_hp_gain":5.0,"max_hp_loss":0.0,"gold_gain":0.0,"event_name":"Big Fish","player_choice":"Donut","floor":5.0,"gold_loss":0.0,"damage_taken":0.0}],"is_beta":false,"boss_relics":[],"items_purged_floors":[2],"is_endless":false,"potions_floor_spawned":[7,11,12],"killed_by":"Slime Boss","ascension_level":19}