{"gold_per_floor":[17,29,29,104,29,29,64,64,119,44,44,1,24,69,69,146,146,121,141,141,141,141,141,160,160,160,160],"floor_reached":27,"playtime":1638,"items_purged":["Strike_G"],"score":400,"play_id":"1f0c73e7-e22a-403b-922e-10f28a972136","local_time":"20190829214913","is_ascension_mode":true,"campfire_choices":[{"data":"Leg Sweep","floor":6.0,"key":"SMITH"},{"data":"Envenom","floor":8.0,"key":"SMITH"},{"floor":11.0,"key":"REST"},{"floor":15.0,"key":"REST"},{"data":"Infinite Blades","floor":23.0,"key":"SMITH"},{"data":"Night Terror","floor":25.0,"key":"SMITH"}],"neow_cost":"NO_GOLD","seed_source_timestamp":1166082319792805,"circlet_count":0,"master_deck":["AscendersBane","Strike_G+1","Strike_G+1","Defend_G+1","Defend_G+1","Defend_G+1","Survivor","Neutralize","Choke","Leg Sweep+1","Infinite Blades+1","Deflect","Envenom+1","Noxious Fumes+1","Riddle With Holes","Night Terror+1","Backflip+1"],"special_seed":0,"relics":["Ring of the Snake","Bird Faced Urn","Vajra","Odd Mushroom","Potion Belt","Coffee Dripper","Ornamental Fan"],"potions_floor_usage":[],"damage_taken":[{"damage":0.0,"enemies":"Jaw Worm","floor":1.0,"turns":4.0},{"damage":0.0,"enemies":"Small Slimes","floor":2.0,"turns":5.0},{"damage":34.0,"enemies":"Gremlin Nob","floor":7.0,"turns":5.0},{"damage":10.0,"enemies":"The Mushroom Lair","floor":13.0,"turns":5.0},{"damage":31.0,"enemies":"Slime Boss","floor":16.0,"turns":9.0},{"damage":6.0,"enemies":"2 Thieves","floor":18.0,"turns":4.0},{"damage":12.0,"enemies":"Shell Parasite","floor":19.0,"turns":5.0},{"damage":10.0,"enemies":"Centurion and Healer","floor":24.0,"turns":6.0},{"damage":6,"enemies":"Slavers","floor":27,"turns":3}],"seed_played":"-7158476282723790235","potions_obtained":[{"floor":7.0,"key":"Fire Potion"},{"floor":13.0,"key":"Block Potion"},{"floor":18.0,"key":"SkillPotion"}],"is_trial":false,"path_per_floor":["M","M","?","?","?","R","E","R","T","$","R","$","?","T","R","B",null,"M","M","?","?","?","R","M","R","T","E"],"character_chosen":"THE_SILENT","items_purchased":["Noxious Fumes"],"campfire_rested":2,"item_purchase_floors":[12],"current_hp_per_floor":[59,59,59,48,48,48,14,14,14,14,33,33,29,29,48,23,55,55,49,31,31,31,31,27,27,27,27],"gold":160,"neow_bonus":"TRANSFORM_TWO_CARDS","is_prod":false,"is_daily":false,"chose_seed":false,"campfire_upgraded":4,"win_rate":0,"timestamp":1567133353,"path_taken":["M","M","?","?","?","R","E","R","T","$","R","$","?","?","R","BOSS","M","M","?","?","?","R","?","R","T","E"],"build_version":"2019-07-17","purchased_purges":1,"victory":false,"max_hp_per_floor":[66,66,66,66,66,66,66,66,66,66,66,66,66,66,66,66,66,66,66,71,71,71,71,71,71,71,71],"card_choices":[{"not_picked":["Quick Slash","Heel Hook"],"picked":"Infinite Blades","floor":1.0},{"not_picked":["Sucker Punch","Reflex"],"picked":"Deflect","floor":2.0},{"not_picked":["Backstab","PiercingWail"],"picked":"Envenom","floor":7.0},{"not_picked":["Slice","Deadly Poison"],"picked":"Riddle With Holes","floor":13.0},{"not_picked":["Tools of the Trade","Storm of Steel"],"picked":"Night Terror","floor":16.0},{"not_picked":["Sucker Punch","Endless Agony","Bane"],"picked":"SKIP","floor":18.0},{"not_picked":["Dagger Spray","Sucker Punch","Heel Hook"],"picked":"SKIP","floor":19.0},{"not_picked":["Predator","Blade Dance"],"picked":"Backflip+1","floor":24.0}],"player_experience":985040,"relics_obtained":[{"floor":7.0,"key":"Bird Faced Urn"},{"floor":9.0,"key":"Vajra"},{"floor":13.0,"key":"Odd Mushroom"},{"floor":14.0,"key":"Potion Belt"},{"floor":26.0,"key":"Ornamental Fan"}],"event_choices":[{"cards_removed":["Defend_G"],"damage_healed":0.0,"max_hp_gain":0.0,"max_hp_loss":0.0,"gold_gain":0.0,"event_name":"Living Wall","player_choice":"Forget","floor":3.0,"gold_loss":0.0,"damage_taken":0.0},{"damage_healed":0.0,"max_hp_gain":0.0,"max_hp_loss":0.0,"gold_gain":75.0,"event_name":"World of Goop","player_choice":"Gather Gold","floor":4.0,"gold_loss":0.0,"damage_taken":11.0},{"cards_removed":["Strike_G"],"damage_healed":0.0,"max_hp_gain":0.0,"max_hp_loss":0.0,"gold_gain":0.0,"event_name":"The Cleric","player_choice":"Card Removal","floor":5.0,"gold_loss":75.0,"damage_taken":0.0},{"damage_healed":0.0,"max_hp_gain":0.0,"max_hp_loss":0.0,"gold_gain":0.0,"event_name":"Mushrooms","player_choice":"Fought Mushrooms","floor":13.0,"gold_loss":0.0,"damage_taken":0.0},{"damage_healed":0.0,"max_hp_gain":5.0,"max_hp_loss":0.0,"gold_gain":0.0,"event_name":"Forgotten Altar","player_choice":"Shed Blood","floor":20.0,"gold_loss":0.0,"damage_taken":23.0},{"damage_healed":0.0,"max_hp_gain":0.0,"max_hp_loss":0.0,"gold_gain":0.0,"event_name":"Back to Basics","player_choice":"Simplicity","floor":21.0,"gold_loss":0.0,"damage_taken":0.0,"cards_upgraded":["Strike_G","Strike_G","Defend_G","Defend_G","Defend_G"]},{"damage_healed":0.0,"max_hp_gain":0.0,"max_hp_loss":0.0,"gold_gain":0.0,"event_name":"Upgrade Shrine","player_choice":"Upgraded","floor":22.0,"gold_loss":0.0,"damage_taken":0.0,"cards_upgraded":["Noxious Fumes"]}],"is_beta":false,"boss_relics":[{"not_picked":["Empty Cage","Black Star"],"picked":"Coffee Dripper"}],"items_purged_floors":[10],"is_endless":false,"potions_floor_spawned":[7,13,18],"killed_by":"Slavers","ascension_level":19}