{"gold_per_floor":[361,374,374,389,406,406,406,406,430,457,477,442,66,2,2,2],"floor_reached":16,"playtime":951,"items_purged":[],"score":190,"play_id":"36a82681-3798-47e6-b307-fdfa864d099a","local_time":"20190829160005","is_ascension_mode":true,"campfire_choices":[{"floor":6,"key":"REST"},{"floor":8,"key":"REST"},{"floor":15,"key":"REST"}],"neow_cost":"PERCENT_DAMAGE","seed_source_timestamp":1149841604042099,"circlet_count":0,"master_deck":["AscendersBane","Strike_G","Strike_G","Strike_G","Strike_G","Defend_G","Defend_G","Defend_G","Defend_G","Defend_G","Survivor","Neutralize","Noxious Fumes","Dagger Throw","Bane","Adrenaline","Bane","Footwork","Acrobatics"],"relics":["Ring of the Snake","Centennial Puzzle","Juzu Bracelet","Bag of Preparation","Ornamental Fan","Ginger"],"potions_floor_usage":[5,10],"damage_taken":[{"damage":7,"enemies":"Small Slimes","floor":1,"turns":4},{"damage":0,"enemies":"Cultist","floor":2,"turns":4},{"damage":10,"enemies":"Jaw Worm","floor":4,"turns":8},{"damage":14,"enemies":"Large Slime","floor":5,"turns":8},{"damage":28,"enemies":"Gremlin Nob","floor":10,"turns":4},{"damage":13,"enemies":"3 Louse","floor":11,"turns":3},{"damage":12,"enemies":"Hexaghost","floor":16,"turns":6}],"seed_played":"7717029950714755741","potions_obtained":[{"floor":2,"key":"PowerPotion"},{"floor":4,"key":"Block Potion"}],"is_trial":false,"path_per_floor":["M","M","?","M","M","R","?","R","T","E","M","?","$","?","R","B"],"character_chosen":"THE_SILENT","items_purchased":["Ornamental Fan","Footwork","Acrobatics"],"campfire_rested":3,"item_purchase_floors":[13,13,13],"current_hp_per_floor":[37,37,37,27,13,32,27,46,46,18,5,21,21,21,40,28],"gold":2,"neow_bonus":"TWO_FIFTY_GOLD","is_prod":false,"is_daily":false,"chose_seed":false,"campfire_upgraded":0,"win_rate":0,"timestamp":1567112405,"path_taken":["M","M","?","?","M","R","?","R","T","E","M","?","$","?","R","BOSS"],"build_version":"2019-07-17","purchased_purges":0,"victory":false,"max_hp_per_floor":[66,66,66,66,66,66,66,66,66,66,66,66,66,66,66,66],"card_choices":[{"not_picked":["Flying Knee","Predator"],"picked":"Noxious Fumes","floor":1},{"not_picked":["Reflex","Deflect"],"picked":"Dagger Throw","floor":2},{"not_picked":["Underhanded Strike","Dagger Spray","Setup"],"picked":"SKIP","floor":4},{"not_picked":["Outmaneuver","Dagger Spray"],"picked":"Bane","floor":5},{"not_picked":["Bane","Bouncing Flask"],"picked":"Adrenaline","floor":10},{"not_picked":["PiercingWail","Predator"],"picked":"Bane","floor":11}],"player_experience":972033,"relics_obtained":[{"floor":9,"key":"Juzu Bracelet"},{"floor":10,"key":"Bag of Preparation"}],"event_choices":[{"cards_removed":["Strike_G"],"damage_healed":0,"gold_gain":0,"player_choice":"Offered Basic","damage_taken":0,"max_hp_gain":0,"max_hp_loss":0,"event_name":"Bonfire Elementals","floor":3,"gold_loss":0},{"damage_healed":0,"gold_gain":0,"player_choice":"Success","damage_taken":5,"relics_obtained":["Centennial Puzzle"],"max_hp_gain":0,"max_hp_loss":0,"event_name":"Scrap Ooze","floor":7,"gold_loss":0},{"damage_healed":16,"gold_gain":0,"player_choice":"Healed","damage_taken":0,"max_hp_gain":0,"max_hp_loss":0,"event_name":"The Cleric","floor":12,"gold_loss":35},{"damage_healed":0,"gold_gain":0,"player_choice":"Paid Gold","damage_taken":0,"relics_obtained":["Ginger"],"max_hp_gain":0,"max_hp_loss":0,"event_name":"WeMeetAgain","floor":14,"gold_loss":64}],"is_beta":false,"boss_relics":[],"items_purged_floors":[],"is_endless":false,"potions_floor_spawned":[2,4],"killed_by":"Hexaghost","ascension_level":18}