{"gold_per_floor":[12,12,26,46,57,76,76,86,135,135,135,151,162,175,175,254,254,274,274,293,215,140,166,166,192,192,220,220,220,220,233,233,233],"floor_reached":33,"playtime":3624,"items_purged":[],"score":655,"play_id":"2ba4e810-83ab-44e7-a241-4587c0ee5ecd","local_time":"20190827010924","is_ascension_mode":true,"campfire_choices":[{"data":"Backflip","floor":7.0,"key":"SMITH"},{"data":"Backflip","floor":11.0,"key":"SMITH"},{"data":"Neutralize","floor":15.0,"key":"SMITH"},{"data":"Venomology","floor":24.0,"key":"SMITH"},{"data":"Infinite Blades","floor":29,"key":"SMITH"},{"data":"Panacea","floor":32,"key":"SMITH"}],"neow_cost":"NO_GOLD","seed_source_timestamp":1025442163499938,"circlet_count":0,"master_deck":["AscendersBane","Strike_G+1","Strike_G+1","Strike_G+1","Strike_G+1","Strike_G+1","Defend_G+1","Defend_G+1","Defend_G+1","Neutralize+1","PiercingWail","Backflip+1","Footwork+1","Backflip+1","Escape Plan","Footwork","Venomology+1","Blade Dance","Panacea+1","Calculated Gamble","Infinite Blades+1","PiercingWail+1"],"special_seed":0,"relics":["Ring of the Snake","Dead Branch","Happy Flower","Bag of Preparation","The Courier","Empty Cage","Whetstone","Ancient Tea Set","Bottled Tornado","Nunchaku"],"potions_floor_usage":[25,25,27,27,33,33],"damage_taken":[{"damage":2.0,"enemies":"Jaw Worm","floor":1.0,"turns":6.0},{"damage":2.0,"enemies":"Cultist","floor":3.0,"turns":4.0},{"damage":0.0,"enemies":"Small Slimes","floor":4.0,"turns":2.0},{"damage":7.0,"enemies":"Exordium Thugs","floor":5.0,"turns":4.0},{"damage":1.0,"enemies":"Blue Slaver","floor":6.0,"turns":5.0},{"damage":0.0,"enemies":"2 Fungi Beasts","floor":8.0,"turns":4.0},{"damage":0.0,"enemies":"Lots of Slimes","floor":12.0,"turns":5.0},{"damage":1.0,"enemies":"Exordium Wildlife","floor":13.0,"turns":7.0},{"damage":0.0,"enemies":"3 Louse","floor":14.0,"turns":3.0},{"damage":0.0,"enemies":"The Guardian","floor":16.0,"turns":17.0},{"damage":0.0,"enemies":"Shell Parasite","floor":18.0,"turns":7.0},{"damage":0.0,"enemies":"Chosen","floor":20.0,"turns":5.0},{"damage":0.0,"enemies":"Book of Stabbing","floor":23.0,"turns":11.0},{"damage":9,"enemies":"Gremlin Leader","floor":25,"turns":7},{"damage":2,"enemies":"Book of Stabbing","floor":27,"turns":8},{"damage":1,"enemies":"Centurion and Healer","floor":31,"turns":5},{"damage":82,"enemies":"Collector","floor":33,"turns":12}],"seed_played":"-4104578498704844451","potions_obtained":[{"floor":4.0,"key":"Swift Potion"},{"floor":6.0,"key":"SteroidPotion"},{"floor":8.0,"key":"SpeedPotion"},{"floor":12.0,"key":"EntropicBrew"},{"floor":18.0,"key":"Block Potion"},{"floor":23.0,"key":"PowerPotion"}],"is_trial":false,"path_per_floor":["M","?","M","M","M","M","R","M","T","?","R","M","M","M","R","B",null,"M","?","M","$","?","E","R","E","T","E","?","R","?","M","R","B"],"character_chosen":"THE_SILENT","items_purchased":["Panacea"],"campfire_rested":0,"item_purchase_floors":[21],"current_hp_per_floor":[57,57,55,55,48,47,47,47,47,36,36,36,35,35,35,50,62,62,62,62,62,62,62,62,53,53,51,51,51,51,50,50,0],"gold":233,"neow_bonus":"ONE_RARE_RELIC","is_prod":false,"is_daily":false,"chose_seed":false,"campfire_upgraded":6,"win_rate":0,"timestamp":1566886164,"path_taken":["M","?","M","M","M","M","R","?","T","?","R","M","M","M","R","BOSS","M","?","M","$","?","E","R","E","T","E","?","R","?","M","R","BOSS"],"build_version":"2019-07-17","purchased_purges":0,"victory":false,"max_hp_per_floor":[66,66,66,66,66,66,66,66,66,66,66,66,66,66,66,66,66,66,66,66,66,66,66,66,66,66,66,66,66,66,66,66,66],"card_choices":[{"not_picked":["PiercingWail","Sucker Punch"],"picked":"Leg Sweep","floor":1.0},{"not_picked":["Dagger Spray","Outmaneuver"],"picked":"PiercingWail","floor":3.0},{"not_picked":["PiercingWail","Prepared"],"picked":"Backflip","floor":4.0},{"not_picked":["Reflex","Caltrops"],"picked":"Footwork","floor":5.0},{"not_picked":["Quick Slash","Acrobatics"],"picked":"Backflip","floor":6.0},{"not_picked":["Catalyst","Predator"],"picked":"Escape Plan","floor":8.0},{"not_picked":["Slice","Prepared"],"picked":"Footwork","floor":12.0},{"not_picked":["Deflect","Predator"],"picked":"Venomology","floor":13.0},{"not_picked":["Masterful Stab","Slice"],"picked":"Blade Dance","floor":14.0},{"not_picked":["Poisoned Stab","Reflex+1","Setup"],"picked":"SKIP","floor":18.0},{"not_picked":["Poisoned Stab","Reflex+1","Setup"],"picked":"SKIP","floor":18.0},{"not_picked":["Prepared","Masterful Stab","Deflect"],"picked":"SKIP","floor":20.0},{"not_picked":["Quick Slash","Slice","Flying Knee"],"picked":"SKIP","floor":23.0},{"not_picked":["Poisoned Stab","Catalyst","Caltrops+1"],"picked":"SKIP","floor":25},{"not_picked":["Endless Agony","Catalyst"],"picked":"Calculated Gamble","floor":27},{"not_picked":["Flying Knee","Backflip+1"],"picked":"PiercingWail+1","floor":31}],"player_experience":910487,"relics_obtained":[{"floor":9.0,"key":"Bag of Preparation"},{"floor":23.0,"key":"Whetstone"},{"floor":25,"key":"Ancient Tea Set"},{"floor":26,"key":"Bottled Tornado"},{"floor":27,"key":"Nunchaku"}],"event_choices":[{"cards_removed":["Leg Sweep"],"damage_healed":0.0,"max_hp_gain":0.0,"max_hp_loss":0.0,"gold_gain":0.0,"event_name":"WeMeetAgain","player_choice":"Gave Card","floor":2.0,"gold_loss":0.0,"damage_taken":0.0,"relics_obtained":["Happy Flower"]},{"damage_healed":0.0,"max_hp_gain":0.0,"max_hp_loss":0.0,"gold_gain":0.0,"event_name":"Scrap Ooze","player_choice":"Success","floor":10.0,"gold_loss":0.0,"damage_taken":11.0,"relics_obtained":["The Courier"]},{"damage_healed":0.0,"max_hp_gain":0.0,"max_hp_loss":0.0,"gold_gain":0.0,"event_name":"Back to Basics","player_choice":"Simplicity","floor":19.0,"gold_loss":0.0,"damage_taken":0.0,"cards_upgraded":["Strike_G","Strike_G","Strike_G","Strike_G","Strike_G","Defend_G","Defend_G","Defend_G"]},{"cards_removed":["Survivor"],"damage_healed":0.0,"max_hp_gain":0.0,"max_hp_loss":0.0,"gold_gain":0.0,"event_name":"Beggar","player_choice":"Gave Gold","floor":22.0,"gold_loss":75.0,"damage_taken":0.0},{"damage_healed":0,"gold_gain":0,"player_choice":"Read","damage_taken":0,"max_hp_gain":0,"max_hp_loss":0,"event_name":"The Library","floor":28,"gold_loss":0,"cards_obtained":["Infinite Blades"]},{"damage_healed":0,"gold_gain":0,"player_choice":"Upgraded","damage_taken":0,"max_hp_gain":0,"max_hp_loss":0,"event_name":"Upgrade Shrine","floor":30,"gold_loss":0,"cards_upgraded":["Footwork"]}],"is_beta":false,"boss_relics":[{"not_picked":["Runic Dome","Eternal Feather"],"picked":"Empty Cage"}],"items_purged_floors":[],"is_endless":false,"potions_floor_spawned":[4,6,8,12,14,18,23],"killed_by":"Collector","ascension_level":15}