{"gold_per_floor":[109,128,142,67,87,87,87,87,110,110,135,135,135],"floor_reached":13,"playtime":392,"items_purged":[],"score":145,"play_id":"bc65b2af-1553-4dab-abbe-3a1d912cac22","local_time":"20190831200239","is_ascension_mode":true,"campfire_choices":[{"data":"Defragment","floor":6,"key":"SMITH"},{"floor":8,"key":"REST"},{"data":"Coolheaded","floor":12,"key":"SMITH"}],"neow_cost":"NONE","seed_source_timestamp":1249832696294258,"circlet_count":0,"master_deck":["AscendersBane","Strike_B","Strike_B","Strike_B","Defend_B","Defend_B","Defend_B","Defend_B","Zap","Dualcast","Coolheaded+1","Ball Lightning","Go for the Eyes","Defragment+1","Creative AI+1"],"special_seed":0,"relics":["Cracked Core","NeowsBlessing","Bronze Scales","Boot","Blue Candle","Frozen Egg 2"],"potions_floor_usage":[5],"damage_taken":[{"damage":0.0,"enemies":"2 Louse","floor":1.0,"turns":1.0},{"damage":0.0,"enemies":"Small Slimes","floor":2.0,"turns":1.0},{"damage":0.0,"enemies":"Cultist","floor":3.0,"turns":1.0},{"damage":28,"enemies":"Gremlin Gang","floor":5,"turns":5},{"damage":29,"enemies":"Gremlin Nob","floor":11,"turns":4},{"damage":17,"enemies":"3 Louse","floor":13,"turns":1}],"seed_played":"4829295551975586571","potions_obtained":[{"floor":2.0,"key":"SteroidPotion"},{"floor":3.0,"key":"Poison Potion"}],"is_trial":false,"path_per_floor":["M","M","M","?","M","R","?","R","T","?","E","R","M"],"character_chosen":"DEFECT","items_purchased":[],"campfire_rested":1,"item_purchase_floors":[],"current_hp_per_floor":[64,64,64,64,36,36,25,46,46,46,17,17,0],"gold":135,"neow_bonus":"THREE_ENEMY_KILL","is_prod":false,"is_daily":false,"chose_seed":false,"campfire_upgraded":2,"win_rate":0,"timestamp":1567299759,"path_taken":["M","M","M","?","M","R","?","R","T","?","E","R","M"],"build_version":"2019-07-17","purchased_purges":0,"victory":false,"max_hp_per_floor":[71,71,71,71,71,71,71,71,71,71,71,71,71],"card_choices":[{"not_picked":["Cold Snap","Reinforced Body"],"picked":"Coolheaded","floor":1.0},{"not_picked":["Redo","Conserve Battery"],"picked":"Ball Lightning","floor":2.0},{"not_picked":["Rip and Tear","Blizzard"],"picked":"Go for the Eyes","floor":3.0},{"not_picked":["Chaos","Compile Driver"],"picked":"Defragment","floor":5},{"not_picked":["Compile Driver","Go for the Eyes"],"picked":"Creative AI","floor":11}],"player_experience":1021194,"relics_obtained":[{"floor":9,"key":"Boot"},{"floor":11,"key":"Frozen Egg 2"}],"event_choices":[{"cards_removed":["Strike_B"],"damage_healed":0.0,"max_hp_gain":0.0,"max_hp_loss":0.0,"gold_gain":0.0,"event_name":"The Cleric","player_choice":"Card Removal","floor":4.0,"gold_loss":75.0,"damage_taken":0.0},{"damage_healed":0,"gold_gain":0,"player_choice":"Success","damage_taken":11,"relics_obtained":["Bronze Scales"],"max_hp_gain":0,"max_hp_loss":0,"event_name":"Scrap Ooze","floor":7,"gold_loss":0},{"damage_healed":0,"gold_gain":0,"player_choice":"Gave Potion","damage_taken":0,"relics_obtained":["Blue Candle"],"max_hp_gain":0,"max_hp_loss":0,"event_name":"WeMeetAgain","floor":10,"gold_loss":0}],"is_beta":false,"boss_relics":[],"items_purged_floors":[],"is_endless":false,"potions_floor_spawned":[2,3],"killed_by":"3 Louse","ascension_level":15}