{"gold_per_floor":[109,109,72,89,101,101,101,23,23,42,58,90,90,104,104,205,205,205],"floor_reached":18,"playtime":3261,"items_purged":[],"score":243,"play_id":"4478c80b-3dba-4c72-a4ee-edf9a5b19897","local_time":"20190821162515","is_ascension_mode":true,"campfire_choices":[{"data":"Dodge and Roll","floor":6.0,"key":"SMITH"},{"data":"Tools of the Trade","floor":13,"key":"SMITH"},{"floor":15,"key":"REST"}],"neow_cost":"NONE","seed_source_timestamp":0,"circlet_count":0,"master_deck":["AscendersBane","Strike_G","Strike_G","Strike_G","Strike_G","Strike_G","Defend_G","Defend_G","Defend_G","Defend_G","Survivor","Neutralize","Dodge and Roll+1","Predator","Slice","Tools of the Trade+1","Well Laid Plans","Acrobatics","Escape Plan","Envenom","Malaise"],"special_seed":0,"relics":["Ring of the Serpent","Singing Bowl","Du-Vu Doll"],"potions_floor_usage":[12,16,16],"damage_taken":[{"damage":0.0,"enemies":"2 Louse","floor":1.0,"turns":4.0},{"damage":1.0,"enemies":"Cultist","floor":4.0,"turns":3.0},{"damage":0.0,"enemies":"Small Slimes","floor":5.0,"turns":3.0},{"damage":0.0,"enemies":"2 Fungi Beasts","floor":10.0,"turns":4.0},{"damage":2.0,"enemies":"Blue Slaver","floor":11.0,"turns":4.0},{"damage":30,"enemies":"Gremlin Nob","floor":12,"turns":5},{"damage":0,"enemies":"3 Louse","floor":14,"turns":4},{"damage":56,"enemies":"Slime Boss","floor":16,"turns":14},{"damage":25,"enemies":"Spheric Guardian","floor":18,"turns":4}],"seed_played":"8570851498958760009","potions_obtained":[{"floor":5.0,"key":"SpeedPotion"},{"floor":10.0,"key":"SkillPotion"},{"floor":11.0,"key":"LiquidBronze"},{"floor":16,"key":"Ancient Potion"}],"is_trial":false,"path_per_floor":["M","?","$","M","M","R","?","$","T","M","M","E","R","M","R","B",null,"M"],"character_chosen":"THE_SILENT","items_purchased":["Predator","Well Laid Plans"],"campfire_rested":1,"item_purchase_floors":[3,8],"current_hp_per_floor":[70,70,70,69,69,69,69,69,69,69,69,39,39,39,62,6,61,36],"gold":205,"neow_bonus":"TEN_PERCENT_HP_BONUS","is_prod":false,"is_daily":false,"chose_seed":false,"campfire_upgraded":2,"win_rate":0,"timestamp":1566422715,"path_taken":["M","?","$","M","M","R","?","$","T","M","M","E","R","?","R","BOSS","M"],"build_version":"2019-07-17","purchased_purges":0,"victory":false,"max_hp_per_floor":[77,77,77,77,77,77,77,77,77,77,79,79,79,79,79,79,79,79],"card_choices":[{"not_picked":["Heel Hook","Bane"],"picked":"Dodge and Roll","floor":1.0},{"not_picked":["Poisoned Stab","Caltrops"],"picked":"Slice","floor":4.0},{"not_picked":["Deflect","Flying Knee","Dagger Spray"],"picked":"SKIP","floor":5.0},{"not_picked":["Dodge and Roll","PiercingWail"],"picked":"Acrobatics","floor":10.0},{"not_picked":["Masterful Stab","Slice","Deflect"],"picked":"Singing Bowl","floor":11.0},{"not_picked":["Cloak And Dagger","Deadly Poison"],"picked":"Escape Plan","floor":12},{"not_picked":["Heel Hook","Dagger Spray"],"picked":"Envenom","floor":14},{"not_picked":["Bullet Time","Grand Finale"],"picked":"Malaise","floor":16}],"player_experience":727654,"relics_obtained":[{"floor":9.0,"key":"Singing Bowl"},{"floor":12,"key":"Du-Vu Doll"}],"event_choices":[{"damage_healed":0.0,"max_hp_gain":0.0,"max_hp_loss":0.0,"gold_gain":0.0,"event_name":"Shining Light","player_choice":"Ignored","floor":2.0,"gold_loss":0.0,"damage_taken":0.0},{"damage_healed":0.0,"max_hp_gain":0.0,"max_hp_loss":0.0,"gold_gain":0.0,"cards_transformed":["Defend_G"],"event_name":"Transmorgrifier","player_choice":"Transformed","floor":7.0,"gold_loss":0.0,"damage_taken":0.0,"cards_obtained":["Tools of the Trade"]}],"is_beta":false,"boss_relics":[{"not_picked":["Snecko Eye","Philosopher\u0027s Stone"],"picked":"Ring of the Serpent"}],"items_purged_floors":[],"is_endless":false,"potions_floor_spawned":[5,10,11,16],"killed_by":"Spheric Guardian","ascension_level":10}