{"gold_per_floor":[112,187,187,187,204,204,236,236,236,256,98,109,109,120,120,198,198,198],"floor_reached":18,"playtime":690,"items_purged":["Strike_R"],"score":361,"play_id":"7a985f73-e27e-42a0-8eaa-f2ab5a182d34","local_time":"20190909114120","is_ascension_mode":true,"campfire_choices":[{"data":"Entrench","floor":6.0,"key":"SMITH"},{"data":"Shrug It Off","floor":8.0,"key":"SMITH"},{"data":"Body Slam","floor":15.0,"key":"SMITH"}],"neow_cost":"NONE","seed_source_timestamp":209467061394420,"circlet_count":0,"master_deck":["AscendersBane","Strike_R","Strike_R+1","Strike_R","Defend_R","Defend_R","Defend_R","Bash+1","Entrench+1","Shrug It Off+1","True Grit","Battle Trance","Body Slam+1","Reaper","Brutality"],"special_seed":0,"relics":["Burning Blood","NeowsBlessing","Bag of Marbles","Pantograph","Blue Candle","Ginger","Empty Cage"],"potions_floor_usage":[16,16],"damage_taken":[{"damage":0.0,"enemies":"2 Louse","floor":1.0,"turns":1.0},{"damage":0.0,"enemies":"Jaw Worm","floor":5.0,"turns":1.0},{"damage":0.0,"enemies":"Lagavulin","floor":7.0,"turns":1.0},{"damage":6.0,"enemies":"Small Slimes","floor":10.0,"turns":3.0},{"damage":0.0,"enemies":"Looter","floor":12.0,"turns":3.0},{"damage":5.0,"enemies":"Red Slaver","floor":14.0,"turns":7.0},{"damage":18,"enemies":"The Guardian","floor":16,"turns":17},{"damage":34,"enemies":"Chosen","floor":18,"turns":4}],"seed_played":"8327236639320322010","potions_obtained":[{"floor":1.0,"key":"FearPotion"},{"floor":10.0,"key":"LiquidBronze"},{"floor":14.0,"key":"AttackPotion"}],"is_trial":false,"path_per_floor":["M","?","T","?","M","R","E","R","T","M","$","M","T","M","R","B",null,"M"],"character_chosen":"IRONCLAD","items_purchased":["Battle Trance"],"campfire_rested":0,"item_purchase_floors":[11],"current_hp_per_floor":[74,63,63,40,46,46,52,52,52,52,52,58,58,59,59,63,72,44],"gold":198,"neow_bonus":"THREE_ENEMY_KILL","is_prod":false,"is_daily":false,"chose_seed":false,"campfire_upgraded":3,"win_rate":0,"timestamp":1568047280,"path_taken":["M","?","?","?","M","R","E","R","T","M","$","M","?","?","R","BOSS","M"],"build_version":"2019-07-17","purchased_purges":1,"victory":false,"max_hp_per_floor":[75,75,75,75,75,75,75,75,75,75,75,75,75,75,75,75,75,75],"card_choices":[{"not_picked":["Feel No Pain","Anger","Clothesline"],"picked":"SKIP","floor":1.0},{"not_picked":["Headbutt","Wild Strike"],"picked":"Entrench","floor":5.0},{"not_picked":["Dual Wield","Second Wind"],"picked":"Shrug It Off","floor":7.0},{"not_picked":["Sword Boomerang","Double Tap"],"picked":"True Grit","floor":10.0},{"not_picked":["Second Wind","Havoc"],"picked":"Body Slam","floor":12.0},{"not_picked":["True Grit","Intimidate"],"picked":"Reaper","floor":14.0},{"not_picked":["Immolate","Limit Break"],"picked":"Brutality","floor":16}],"player_experience":1161719,"relics_obtained":[{"floor":3.0,"key":"Bag of Marbles"},{"floor":7.0,"key":"Pantograph"},{"floor":9.0,"key":"Blue Candle"},{"floor":13.0,"key":"Ginger"}],"event_choices":[{"damage_healed":0.0,"max_hp_gain":0.0,"max_hp_loss":0.0,"gold_gain":75.0,"event_name":"World of Goop","player_choice":"Gather Gold","floor":2.0,"gold_loss":0.0,"damage_taken":11.0},{"damage_healed":0.0,"max_hp_gain":0.0,"max_hp_loss":0.0,"gold_gain":0.0,"event_name":"Shining Light","player_choice":"Entered Light","floor":4.0,"gold_loss":0.0,"damage_taken":23.0,"cards_upgraded":["Bash","Strike_R"]}],"is_beta":false,"boss_relics":[{"not_picked":["Snecko Eye","Philosopher\u0027s Stone"],"picked":"Empty Cage"}],"items_purged_floors":[11],"is_endless":false,"potions_floor_spawned":[1,10,14],"killed_by":"Chosen","ascension_level":19}