{"gold_per_floor":[119,119,44,44,44,44,78,99,125,74,88,88,129,148,148,238,238,251,251,267,10,28,28,64,64,89,129,148,173,173,188,188,283,283,299,299,299,319,1,42,42,63,63,63],"floor_reached":44,"playtime":2759,"items_purged":["Strike_B","Strike_B","Defend_B"],"score":1018,"play_id":"4ba80ca4-ea22-4afc-bbca-f5279a068b65","local_time":"20190902232915","is_ascension_mode":true,"campfire_choices":[{"data":"Consume","floor":6.0,"key":"SMITH"},{"data":"Defragment","floor":12.0,"key":"SMITH"},{"floor":15.0,"key":"REST"},{"floor":23.0,"key":"REST"},{"floor":25.0,"key":"REST"},{"data":"Go for the Eyes","floor":30.0,"key":"SMITH"},{"data":"Tempest","floor":32.0,"key":"SMITH"},{"floor":41.0,"key":"REST"}],"neow_cost":"NONE","seed_source_timestamp":1332028259167848,"circlet_count":0,"master_deck":["AscendersBane","Strike_B+1","Defend_B+1","Zap+1","Dualcast","Consume+1","Self Repair","Ball Lightning","Defragment+1","Go for the Eyes+1","Conserve Battery+1","Electrodynamics+1","Chill+1","Reboot","Ball Lightning+1","Tempest+1","FTL","Cold Snap","Go for the Eyes+1","Rainbow","Defragment","Double Energy+1","Echo Form","Sunder","Core Surge","Chill","Shame"],"special_seed":0,"relics":["Cracked Core","NeowsBlessing","Golden Idol","Happy Flower","Anchor","PreservedInsect","Empty Cage","War Paint","Potion Belt","Vajra","Lantern","Cursed Key","Ornamental Fan","Kunai"],"potions_floor_usage":[],"damage_taken":[{"damage":0.0,"enemies":"Jaw Worm","floor":1.0,"turns":1.0},{"damage":0.0,"enemies":"Lagavulin","floor":7.0,"turns":2.0},{"damage":0.0,"enemies":"Small Slimes","floor":8.0,"turns":1.0},{"damage":6.0,"enemies":"Cultist","floor":11.0,"turns":3.0},{"damage":11.0,"enemies":"Gremlin Nob","floor":13.0,"turns":3.0},{"damage":12.0,"enemies":"Large Slime","floor":14.0,"turns":4.0},{"damage":20.0,"enemies":"Slime Boss","floor":16.0,"turns":10.0},{"damage":17.0,"enemies":"Spheric Guardian","floor":18.0,"turns":4.0},{"damage":31.0,"enemies":"Chosen","floor":20.0,"turns":4.0},{"damage":10.0,"enemies":"Shelled Parasite and Fungi","floor":22.0,"turns":3.0},{"damage":0.0,"enemies":"Gremlin Leader","floor":24.0,"turns":5.0},{"damage":8.0,"enemies":"Book of Stabbing","floor":27.0,"turns":3.0},{"damage":8.0,"enemies":"Chosen and Byrds","floor":28.0,"turns":4.0},{"damage":3.0,"enemies":"Centurion and Healer","floor":29.0,"turns":2.0},{"damage":0.0,"enemies":"Snake Plant","floor":31.0,"turns":2.0},{"damage":20.0,"enemies":"Collector","floor":33.0,"turns":9.0},{"damage":8.0,"enemies":"3 Darklings","floor":35.0,"turns":3.0},{"damage":0.0,"enemies":"3 Shapes","floor":38.0,"turns":3.0},{"damage":44.0,"enemies":"Giant Head","floor":40.0,"turns":6.0},{"damage":7.0,"enemies":"Sphere and 2 Shapes","floor":42.0,"turns":3.0},{"damage":58,"enemies":"Spire Growth","floor":44,"turns":4}],"seed_played":"4205225208723397483","potions_obtained":[{"floor":8.0,"key":"Explosive Potion"},{"floor":13.0,"key":"Dexterity Potion"},{"floor":14.0,"key":"Block Potion"},{"floor":16.0,"key":"Explosive Potion"},{"floor":18.0,"key":"GamblersBrew"},{"floor":24.0,"key":"EssenceOfSteel"},{"floor":31.0,"key":"Block Potion"},{"floor":33.0,"key":"FairyPotion"},{"floor":38.0,"key":"SteroidPotion"}],"is_trial":false,"path_per_floor":["M","?","$","?","?","R","E","M","T","$","M","R","E","M","R","B",null,"M","?","M","$","M","R","E","R","T","E","M","M","R","M","R","B",null,"M","$","?","M","$","E","R","M","T","M"],"character_chosen":"DEFECT","items_purchased":["Ball Lightning","War Paint","Echo Form","Sunder"],"campfire_rested":4,"item_purchase_floors":[10,21,39,39],"current_hp_per_floor":[64,43,43,36,36,36,36,36,36,36,37,37,26,21,40,27,55,45,45,14,14,11,30,37,56,56,48,47,51,51,51,51,38,58,57,57,57,57,57,13,32,32,32,0],"gold":63,"neow_bonus":"THREE_ENEMY_KILL","is_prod":false,"is_daily":false,"chose_seed":false,"campfire_upgraded":4,"win_rate":0,"timestamp":1567484955,"path_taken":["M","?","$","?","?","R","E","M","T","$","M","R","E","M","R","BOSS","M","?","M","$","M","R","E","R","T","E","M","M","R","?","R","BOSS","M","$","?","M","$","E","R","M","T","M"],"build_version":"2019-07-17","purchased_purges":3,"victory":false,"max_hp_per_floor":[71,71,71,71,64,64,64,64,64,64,64,64,64,64,64,64,64,64,64,64,64,64,64,64,64,64,64,64,64,64,64,64,64,64,64,64,64,64,64,64,64,64,64,64],"card_choices":[{"not_picked":["Beam Cell","Sweeping Beam"],"picked":"Consume","floor":1.0},{"not_picked":["Consume","Steam","Sweeping Beam"],"picked":"SKIP","floor":7.0},{"not_picked":["Steam","Steam Power"],"picked":"Self Repair","floor":8.0},{"not_picked":["Ball Lightning","Coolheaded"],"picked":"Defragment","floor":11.0},{"not_picked":["Barrage","Leap"],"picked":"Go for the Eyes","floor":13.0},{"not_picked":["Compile Driver","Barrage"],"picked":"Conserve Battery","floor":14.0},{"not_picked":["Biased Cognition","Echo Form"],"picked":"Electrodynamics","floor":16.0},{"not_picked":["Gash","Redo"],"picked":"Chill+1","floor":18.0},{"not_picked":["Barrage","Streamline"],"picked":"Reboot","floor":20.0},{"not_picked":["Steam","Stack"],"picked":"Ball Lightning+1","floor":22.0},{"not_picked":["Force Field","Stack"],"picked":"Tempest","floor":24.0},{"not_picked":["Beam Cell","Rebound","Double Energy"],"picked":"SKIP","floor":27.0},{"not_picked":["Sweeping Beam","Beam Cell"],"picked":"FTL","floor":28.0},{"not_picked":["Leap","Sweeping Beam"],"picked":"Cold Snap","floor":29.0},{"not_picked":["Redo","Conserve Battery"],"picked":"Go for the Eyes+1","floor":31.0},{"not_picked":["Fission","Core Surge"],"picked":"Rainbow","floor":33.0},{"not_picked":["Go for the Eyes","Leap"],"picked":"Defragment","floor":35.0},{"not_picked":["Turbo","FTL"],"picked":"Double Energy+1","floor":38.0},{"not_picked":["Force Field+1","Beam Cell"],"picked":"Core Surge","floor":40.0},{"not_picked":["Compile Driver","Rebound+1"],"picked":"Chill","floor":42.0}],"player_experience":1062338,"relics_obtained":[{"floor":7.0,"key":"Happy Flower"},{"floor":9.0,"key":"Anchor"},{"floor":13.0,"key":"PreservedInsect"},{"floor":24.0,"key":"Potion Belt"},{"floor":26.0,"key":"Vajra"},{"floor":27.0,"key":"Lantern"},{"floor":40.0,"key":"Ornamental Fan"},{"floor":43.0,"key":"Kunai"}],"event_choices":[{"damage_healed":0.0,"max_hp_gain":0.0,"max_hp_loss":0.0,"gold_gain":0.0,"event_name":"Shining Light","player_choice":"Entered Light","floor":2.0,"gold_loss":0.0,"damage_taken":21.0,"cards_upgraded":["Strike_B","Defend_B"]},{"cards_removed":["Defend_B"],"damage_healed":0.0,"max_hp_gain":0.0,"max_hp_loss":0.0,"gold_gain":0.0,"event_name":"Golden Wing","player_choice":"Card Removal","floor":4.0,"gold_loss":0.0,"damage_taken":7.0},{"damage_healed":0.0,"max_hp_gain":0.0,"max_hp_loss":7.0,"gold_gain":0.0,"event_name":"Golden Idol","player_choice":"Lose Max HP","floor":5.0,"gold_loss":0.0,"damage_taken":0.0,"relics_obtained":["Golden Idol"]},{"damage_healed":0.0,"max_hp_gain":0.0,"max_hp_loss":0.0,"gold_gain":0.0,"event_name":"Upgrade Shrine","player_choice":"Upgraded","floor":19.0,"gold_loss":0.0,"damage_taken":0.0,"cards_upgraded":["Electrodynamics"]},{"damage_healed":0.0,"max_hp_gain":0.0,"max_hp_loss":0.0,"gold_gain":0.0,"event_name":"Tomb of Lord Red Mask","player_choice":"Ignored","floor":37.0,"gold_loss":0.0,"damage_taken":0.0}],"is_beta":false,"boss_relics":[{"not_picked":["Eternal Feather","Lizard Tail"],"picked":"Empty Cage"},{"not_picked":["Calling Bell","Runic Pyramid"],"picked":"Cursed Key"}],"items_purged_floors":[3,21,39],"is_endless":false,"potions_floor_spawned":[8,13,14,16,18,24,31,33,38],"killed_by":"Spire Growth","ascension_level":18}