{"gold_per_floor":[110,130,149,149,149,149,149,33,59,59,71,82,82,95,95,95],"floor_reached":16,"playtime":918,"items_purged":["Strike_R"],"score":143,"play_id":"24aff386-dd81-42aa-aa69-2a0d1ed45ea4","local_time":"20190824194844","is_ascension_mode":true,"campfire_choices":[{"data":"Entrench","floor":7,"key":"SMITH"},{"data":"Corruption","floor":10,"key":"SMITH"},{"data":"Sentinel","floor":13,"key":"SMITH"},{"data":"Ghostly Armor","floor":15,"key":"SMITH"}],"neow_cost":"NONE","seed_source_timestamp":930044334507035,"circlet_count":0,"master_deck":["AscendersBane","Strike_R","Strike_R","Strike_R","Strike_R","Defend_R","Defend_R","Defend_R","Defend_R","Bash+1","Seeing Red+1","Entrench+1","Corruption+1","Ghostly Armor+1","Sentinel+1"],"special_seed":0,"relics":["Burning Blood","Pen Nib"],"potions_floor_usage":[11,16],"damage_taken":[{"damage":6.0,"enemies":"Cultist","floor":1.0,"turns":4.0},{"damage":8.0,"enemies":"2 Louse","floor":2.0,"turns":4.0},{"damage":10.0,"enemies":"Small Slimes","floor":3.0,"turns":5.0},{"damage":5,"enemies":"2 Fungi Beasts","floor":11,"turns":3},{"damage":7,"enemies":"Large Slime","floor":12,"turns":10},{"damage":9,"enemies":"Exordium Wildlife","floor":14,"turns":7},{"damage":65,"enemies":"Slime Boss","floor":16,"turns":12}],"seed_played":"-820031444225108327","potions_obtained":[{"floor":3.0,"key":"Explosive Potion"},{"floor":12,"key":"Block Potion"},{"floor":14,"key":"Energy Potion"}],"is_trial":false,"path_per_floor":["M","M","M","$","$","?","R","$","T","R","M","M","R","M","R","B"],"character_chosen":"IRONCLAD","items_purchased":["Ghostly Armor"],"campfire_rested":0,"item_purchase_floors":[8],"current_hp_per_floor":[72,70,66,66,66,66,66,66,66,66,67,66,66,63,63,0],"gold":95,"neow_bonus":"UPGRADE_CARD","is_prod":false,"is_daily":false,"chose_seed":false,"campfire_upgraded":4,"win_rate":0,"timestamp":1566694124,"path_taken":["M","M","?","?","$","?","R","$","T","R","M","M","R","M","R","BOSS"],"build_version":"2019-07-17","purchased_purges":1,"victory":false,"max_hp_per_floor":[80,80,80,80,80,80,80,80,80,80,80,80,80,80,80,80],"card_choices":[{"not_picked":["Heavy Blade","Sword Boomerang"],"picked":"Seeing Red","floor":1.0},{"not_picked":["Metallicize","Sword Boomerang"],"picked":"Entrench","floor":2.0},{"not_picked":["Anger","Entrench"],"picked":"Corruption","floor":3.0},{"not_picked":["Heavy Blade","Sword Boomerang"],"picked":"Sentinel","floor":11},{"not_picked":["Heavy Blade","Clothesline","Sever Soul"],"picked":"SKIP","floor":12},{"not_picked":["Bloodletting","Metallicize","Perfected Strike"],"picked":"SKIP","floor":14}],"player_experience":857400,"relics_obtained":[{"floor":9,"key":"Pen Nib"}],"event_choices":[{"damage_healed":0,"gold_gain":0,"player_choice":"Grow","damage_taken":0,"max_hp_gain":0,"max_hp_loss":0,"event_name":"Living Wall","floor":6,"gold_loss":0,"cards_upgraded":["Seeing Red"]}],"is_beta":false,"boss_relics":[],"items_purged_floors":[8],"is_endless":false,"potions_floor_spawned":[3,12,14],"killed_by":"Slime Boss","ascension_level":11}