{"gold_per_floor":[117,117,129,129,146,181,181,208,258,258,269,24,51,75,75,149,149,161,86,101,101,112,112,138,169,169,169,201,217,142,158,158,232,232,251,263,67,67,115,115,135,170,170,201,201,28,47,64,64,64],"floor_reached":51,"playtime":2547,"items_purged":["Shame","Normality"],"score":1405,"play_id":"61c6409c-04e5-4496-b6fa-cf30df695bc8","local_time":"20190826004018","is_ascension_mode":true,"campfire_choices":[{"data":"Bludgeon","floor":7.0,"key":"SMITH"},{"data":"Carnage","floor":10.0,"key":"SMITH"},{"data":"Bash","floor":15.0,"key":"SMITH"},{"data":"Ghostly Armor","floor":23.0,"key":"SMITH"},{"data":"Shrug It Off","floor":27.0,"key":"SMITH"},{"data":"Demon Form","floor":32.0,"key":"SMITH"},{"floor":40.0,"key":"REST"},{"floor":49.0,"key":"REST"}],"neow_cost":"NONE","seed_source_timestamp":982994808248410,"circlet_count":0,"master_deck":["AscendersBane","Strike_R+1","Strike_R+1","Defend_R+1","Defend_R+1","Defend_R+1","Defend_R+1","Bash+1","Shockwave","Carnage+1","Bludgeon+1","Inflame","Demon Form+1","Ghostly Armor+1","Shrug It Off+1","Double Tap","Battle Trance","Clumsy","Seeing Red+1","Purity+1","Limit Break+1"],"special_seed":0,"relics":["Burning Blood","NeowsBlessing","Pear","Orichalcum","Centennial Puzzle","War Paint","Paper Frog","Ornamental Fan","Bag of Marbles","Cursed Key","Oddly Smooth Stone","Red Mask","Letter Opener","Potion Belt","Fusion Hammer","Medical Kit","Bag of Preparation","Happy Flower","Toxic Egg 2","Bottled Tornado"],"potions_floor_usage":[50],"damage_taken":[{"damage":0.0,"enemies":"Small Slimes","floor":1.0,"turns":1.0},{"damage":0.0,"enemies":"Cultist","floor":3.0,"turns":1.0},{"damage":0.0,"enemies":"Jaw Worm","floor":5.0,"turns":1.0},{"damage":30.0,"enemies":"3 Sentries","floor":6.0,"turns":8.0},{"damage":2.0,"enemies":"Gremlin Nob","floor":8.0,"turns":3.0},{"damage":6.0,"enemies":"Red Slaver","floor":11.0,"turns":2.0},{"damage":9.0,"enemies":"3 Sentries","floor":13.0,"turns":7.0},{"damage":13.0,"enemies":"Slime Boss","floor":16.0,"turns":6.0},{"damage":4.0,"enemies":"Chosen","floor":18.0,"turns":3.0},{"damage":10.0,"enemies":"2 Thieves","floor":20.0,"turns":3.0},{"damage":0.0,"enemies":"Shelled Parasite and Fungi","floor":22.0,"turns":2.0},{"damage":7.0,"enemies":"Gremlin Leader","floor":24.0,"turns":5.0},{"damage":3.0,"enemies":"Masked Bandits","floor":25.0,"turns":4.0},{"damage":17.0,"enemies":"Slavers","floor":28.0,"turns":5.0},{"damage":0.0,"enemies":"Snake Plant","floor":29.0,"turns":1.0},{"damage":0.0,"enemies":"Centurion and Healer","floor":31.0,"turns":4.0},{"damage":17.0,"enemies":"Champ","floor":33.0,"turns":9.0},{"damage":11.0,"enemies":"3 Darklings","floor":35.0,"turns":4.0},{"damage":7.0,"enemies":"3 Shapes","floor":36.0,"turns":4.0},{"damage":13.0,"enemies":"3 Darklings","floor":41.0,"turns":4.0},{"damage":27.0,"enemies":"Reptomancer","floor":42.0,"turns":4.0},{"damage":16.0,"enemies":"Nemesis","floor":44.0,"turns":5.0},{"damage":0.0,"enemies":"Transient","floor":47.0,"turns":5.0},{"damage":18.0,"enemies":"4 Shapes","floor":48.0,"turns":4.0},{"damage":47,"enemies":"Donu and Deca","floor":50,"turns":7}],"seed_played":"1400697016571349485","potions_obtained":[{"floor":1.0,"key":"AttackPotion"},{"floor":8.0,"key":"Energy Potion"},{"floor":11.0,"key":"SkillPotion"},{"floor":16.0,"key":"Strength Potion"},{"floor":18.0,"key":"EntropicBrew"},{"floor":25.0,"key":"SkillPotion"},{"floor":28.0,"key":"SmokeBomb"},{"floor":29.0,"key":"FearPotion"},{"floor":33.0,"key":"BloodPotion"},{"floor":35.0,"key":"Dexterity Potion"},{"floor":41.0,"key":"Strength Potion"},{"floor":48.0,"key":"Strength Potion"}],"is_trial":false,"path_per_floor":["M","?","M","?","M","E","R","E","T","R","M","$","E","T","R","B",null,"M","?","M","?","M","R","E","?","T","R","E","M","$","M","R","B",null,"M","M","$","?","T","R","M","E","T","E","?","$","M","M","R","B",null],"character_chosen":"IRONCLAD","items_purchased":["Paper Frog","Medical Kit","Limit Break+1"],"campfire_rested":2,"item_purchase_floors":[12,37,46],"current_hp_per_floor":[74,84,85,85,85,61,61,65,65,65,65,65,62,62,62,55,78,80,80,76,76,82,82,81,84,84,84,73,79,79,85,85,74,82,77,76,76,76,76,85,78,78,78,68,68,68,74,62,85,44],"gold":64,"neow_bonus":"THREE_ENEMY_KILL","is_prod":false,"is_daily":false,"chose_seed":false,"campfire_upgraded":6,"win_rate":0,"timestamp":1566798018,"path_taken":["M","?","?","?","?","E","R","E","T","R","M","$","E","?","R","BOSS","M","?","M","?","M","R","E","?","T","R","E","M","$","M","R","BOSS","M","M","$","?","?","R","?","E","T","E","?","$","M","M","R","BOSS"],"build_version":"2019-07-17","purchased_purges":2,"victory":true,"max_hp_per_floor":[75,85,85,85,85,85,85,85,85,85,85,85,85,85,85,85,85,85,85,85,85,85,85,85,85,85,85,85,85,85,85,85,85,85,85,85,85,85,85,85,85,85,85,85,85,85,85,85,85,85],"card_choices":[{"not_picked":["Seeing Red","Thunderclap"],"picked":"Shockwave","floor":1.0},{"not_picked":["Spot Weakness","Perfected Strike"],"picked":"Carnage","floor":3.0},{"not_picked":["True Grit","Anger","Whirlwind"],"picked":"SKIP","floor":5.0},{"not_picked":["Intimidate","Flex","Headbutt"],"picked":"SKIP","floor":6.0},{"not_picked":["Intimidate","Flex","Headbutt"],"picked":"SKIP","floor":6.0},{"not_picked":["Bloodletting","Sword Boomerang","Havoc"],"picked":"SKIP","floor":8.0},{"not_picked":["Warcry","Anger"],"picked":"Inflame","floor":11.0},{"not_picked":["Clothesline","Uppercut","Power Through"],"picked":"SKIP","floor":13.0},{"not_picked":["Immolate","Double Tap"],"picked":"Demon Form","floor":16.0},{"not_picked":["Intimidate","Dual Wield","Reckless Charge"],"picked":"SKIP","floor":18.0},{"not_picked":["Sword Boomerang","Disarm","Anger"],"picked":"SKIP","floor":20.0},{"not_picked":["Body Slam","Thunderclap"],"picked":"Ghostly Armor","floor":22.0},{"not_picked":["Disarm","Havoc"],"picked":"Shrug It Off","floor":24.0},{"not_picked":["Whirlwind","Wild Strike","Uppercut"],"picked":"SKIP","floor":28.0},{"not_picked":["Entrench","Flex","Blood for Blood"],"picked":"SKIP","floor":29.0},{"not_picked":["Power Through","Havoc","Clash"],"picked":"SKIP","floor":31.0},{"not_picked":["Offering","Berserk"],"picked":"Double Tap","floor":33.0},{"not_picked":["Flame Barrier","Anger+1","Reckless Charge"],"picked":"SKIP","floor":35.0},{"not_picked":["Cleave","Clothesline"],"picked":"Battle Trance","floor":36.0},{"not_picked":["Power Through","Reckless Charge","Sever Soul"],"picked":"SKIP","floor":41.0},{"not_picked":["Second Wind","Fiend Fire","Bloodletting"],"picked":"SKIP","floor":42.0},{"not_picked":["Dual Wield+1","Body Slam"],"picked":"Seeing Red+1","floor":44.0},{"not_picked":["Discovery+1","Flash of Steel"],"picked":"Purity+1","floor":45.0},{"not_picked":["Flex+1","Thunderclap+1","Burning Pact+1"],"picked":"SKIP","floor":47.0},{"not_picked":["Second Wind+1","Pummel","Havoc+1"],"picked":"SKIP","floor":48.0}],"player_experience":891658,"relics_obtained":[{"floor":6.0,"key":"Orichalcum"},{"floor":8.0,"key":"Centennial Puzzle"},{"floor":9.0,"key":"War Paint"},{"floor":13.0,"key":"Ornamental Fan"},{"floor":14.0,"key":"Bag of Marbles"},{"floor":24.0,"key":"Oddly Smooth Stone"},{"floor":25.0,"key":"Red Mask"},{"floor":26.0,"key":"Letter Opener"},{"floor":28.0,"key":"Potion Belt"},{"floor":39.0,"key":"Bag of Preparation"},{"floor":42.0,"key":"Happy Flower"},{"floor":43.0,"key":"Toxic Egg 2"},{"floor":44.0,"key":"Bottled Tornado"}],"event_choices":[{"damage_healed":0.0,"max_hp_gain":0.0,"max_hp_loss":0.0,"gold_gain":0.0,"event_name":"WeMeetAgain","player_choice":"Gave Potion","floor":2.0,"gold_loss":0.0,"damage_taken":0.0,"relics_obtained":["Pear"]},{"damage_healed":0.0,"max_hp_gain":0.0,"max_hp_loss":0.0,"gold_gain":0.0,"cards_transformed":["Strike_R"],"event_name":"Transmorgrifier","player_choice":"Transformed","floor":4.0,"gold_loss":0.0,"damage_taken":0.0,"cards_obtained":["Bludgeon"]},{"cards_removed":["Strike_R"],"damage_healed":0.0,"max_hp_gain":0.0,"max_hp_loss":0.0,"gold_gain":0.0,"event_name":"Beggar","player_choice":"Gave Gold","floor":19.0,"gold_loss":75.0,"damage_taken":0.0},{"damage_healed":0.0,"max_hp_gain":0.0,"max_hp_loss":0.0,"gold_gain":0.0,"event_name":"Back to Basics","player_choice":"Simplicity","floor":21.0,"gold_loss":0.0,"damage_taken":0.0,"cards_upgraded":["Strike_R","Strike_R","Strike_R","Defend_R","Defend_R"]},{"damage_healed":0.0,"max_hp_gain":0.0,"max_hp_loss":0.0,"gold_gain":0.0,"event_name":"Masked Bandits","player_choice":"Fought Bandits","floor":25.0,"gold_loss":0.0,"damage_taken":0.0},{"cards_removed":["Strike_R"],"damage_healed":0.0,"max_hp_gain":0.0,"max_hp_loss":0.0,"gold_gain":0.0,"event_name":"Falling","player_choice":"Removed Attack","floor":38.0,"gold_loss":0.0,"damage_taken":0.0},{"damage_healed":0.0,"max_hp_gain":0.0,"max_hp_loss":0.0,"gold_gain":0.0,"event_name":"SensoryStone","player_choice":"Memory 1","floor":45.0,"gold_loss":0.0,"damage_taken":0.0}],"is_beta":false,"boss_relics":[{"not_picked":["Runic Cube","Snecko Eye"],"picked":"Cursed Key"},{"not_picked":["Eternal Feather","Tiny House"],"picked":"Fusion Hammer"}],"items_purged_floors":[30,46],"is_endless":false,"potions_floor_spawned":[1,8,11,16,18,25,28,29,33,35,41,48],"ascension_level":14}