{"gold_per_floor":[16,35,35,46,63,63,79,79,79,99,24,24,42,55,55,129,129,145,70],"floor_reached":19,"playtime":1169,"items_purged":["Defend_B"],"score":266,"play_id":"0fbe33b3-001f-4455-92c7-8457c60b18e5","local_time":"20190821220211","is_ascension_mode":true,"campfire_choices":[{"data":"Dualcast","floor":6.0,"key":"SMITH"},{"floor":8.0,"key":"REST"},{"floor":12.0,"key":"REST"},{"data":"Defragment","floor":15.0,"key":"SMITH"}],"neow_cost":"NO_GOLD","seed_source_timestamp":773721135518913,"circlet_count":0,"master_deck":["AscendersBane","Strike_B","Strike_B","Strike_B","Strike_B","Defend_B","Defend_B","Defend_B","Zap","Dualcast+1","Undo","Hologram+1","Leap","Skim","Darkness","Defragment+1","Multi-Cast","Auto Shields"],"special_seed":0,"relics":["Cracked Core","WingedGreaves","Pantograph","Odd Mushroom","Coffee Dripper"],"potions_floor_usage":[19],"damage_taken":[{"damage":1.0,"enemies":"Cultist","floor":1.0,"turns":3.0},{"damage":2.0,"enemies":"Small Slimes","floor":2.0,"turns":4.0},{"damage":3.0,"enemies":"Jaw Worm","floor":4.0,"turns":4.0},{"damage":4.0,"enemies":"3 Louse","floor":5.0,"turns":4.0},{"damage":32.0,"enemies":"Lots of Slimes","floor":7.0,"turns":5.0},{"damage":20.0,"enemies":"The Mushroom Lair","floor":10.0,"turns":6.0},{"damage":2.0,"enemies":"2 Fungi Beasts","floor":13.0,"turns":5.0},{"damage":0.0,"enemies":"Red Slaver","floor":14.0,"turns":3.0},{"damage":19.0,"enemies":"The Guardian","floor":16.0,"turns":10.0},{"damage":0,"enemies":"Spheric Guardian","floor":18,"turns":3},{"damage":31,"enemies":"2 Thieves","floor":19,"turns":4}],"seed_played":"-7458228713966958378","potions_obtained":[{"floor":2.0,"key":"Block Potion"},{"floor":4.0,"key":"EssenceOfSteel"},{"floor":10.0,"key":"Swift Potion"},{"floor":14.0,"key":"Explosive Potion"},{"floor":18,"key":"Strength Potion"}],"is_trial":false,"path_per_floor":["M","M","?","M","M","R","M","R","T","?","$","R","M","M","R","B",null,"M","M"],"character_chosen":"DEFECT","items_purchased":[],"campfire_rested":2,"item_purchase_floors":[],"current_hp_per_floor":[67,65,65,62,58,58,26,48,48,28,28,50,48,48,48,54,70,70,39],"gold":70,"neow_bonus":"ONE_RARE_RELIC","is_prod":false,"is_daily":false,"chose_seed":false,"campfire_upgraded":2,"win_rate":0,"timestamp":1566442931,"path_taken":["M","M","?","M","M","R","M","R","T","?","$","R","M","M","R","BOSS","M","M"],"build_version":"2019-07-17","purchased_purges":1,"victory":false,"max_hp_per_floor":[75,75,75,75,75,75,75,75,75,75,75,75,75,75,75,75,75,75,75],"card_choices":[{"not_picked":["Cold Snap","Lockon"],"picked":"Undo","floor":1.0},{"not_picked":["Conserve Battery","Ball Lightning"],"picked":"Hologram","floor":2.0},{"not_picked":["Gash","Rip and Tear"],"picked":"Leap","floor":4.0},{"not_picked":["Aggregate","Rebound","Chaos"],"picked":"SKIP","floor":5.0},{"not_picked":["Meteor Strike","Lockon","Reprogram"],"picked":"SKIP","floor":7.0},{"not_picked":["Gash","Beam Cell"],"picked":"Skim","floor":10.0},{"not_picked":["Glacier","Conserve Battery"],"picked":"Darkness","floor":13.0},{"not_picked":["Go for the Eyes","Sweeping Beam"],"picked":"Defragment","floor":14.0},{"not_picked":["Core Surge","Buffer"],"picked":"Multi-Cast","floor":16.0},{"not_picked":["Rebound","Storm+1"],"picked":"Auto Shields","floor":18}],"player_experience":745442,"relics_obtained":[{"floor":9.0,"key":"Pantograph"},{"floor":10.0,"key":"Odd Mushroom"}],"event_choices":[{"damage_healed":0.0,"max_hp_gain":0.0,"max_hp_loss":0.0,"gold_gain":0.0,"event_name":"Living Wall","player_choice":"Grow","floor":3.0,"gold_loss":0.0,"damage_taken":0.0,"cards_upgraded":["Hologram"]},{"damage_healed":0.0,"max_hp_gain":0.0,"max_hp_loss":0.0,"gold_gain":0.0,"event_name":"Mushrooms","player_choice":"Fought Mushrooms","floor":10.0,"gold_loss":0.0,"damage_taken":0.0}],"is_beta":false,"boss_relics":[{"not_picked":["Pandora\u0027s Box","Astrolabe"],"picked":"Coffee Dripper"}],"items_purged_floors":[11],"is_endless":false,"potions_floor_spawned":[2,4,10,14,18],"killed_by":"2 Thieves","ascension_level":13}