{"gold_per_floor":[18,18,18,18,38,78,78,99,122,122,122,161,181,52,52,146,146,169,119,119,135,6,6],"floor_reached":23,"playtime":1640,"items_purged":["Defend_B","Strike_B","Strike_B"],"score":433,"play_id":"8ee744e3-8b4f-4727-82f3-34d038aecd17","local_time":"20190905180407","is_ascension_mode":true,"campfire_choices":[{"data":"Hyperbeam","floor":7.0,"key":"SMITH"},{"floor":11.0,"key":"REST"},{"data":"Zap","floor":15.0,"key":"SMITH"}],"neow_cost":"NO_GOLD","seed_source_timestamp":56826382599162,"circlet_count":0,"master_deck":["AscendersBane","Strike_B","Defend_B","Defend_B","Defend_B","Zap+1","Dualcast+1","Machine Learning","Gash","Hyperbeam+1","Heatsinks","Undo","Gash","Scrape","All For One","Glacier","Gash","Beam Cell"],"special_seed":0,"relics":["Cracked Core","Golden Idol","PreservedInsect","Juzu Bracelet","Smiling Mask","Ancient Tea Set","Busted Crown"],"potions_floor_usage":[],"damage_taken":[{"damage":9.0,"enemies":"Jaw Worm","floor":1.0,"turns":4.0},{"damage":0.0,"enemies":"2 Louse","floor":5.0,"turns":1.0},{"damage":30.0,"enemies":"Lagavulin","floor":6.0,"turns":6.0},{"damage":0.0,"enemies":"Cultist","floor":8.0,"turns":3.0},{"damage":0.0,"enemies":"Gremlin Nob","floor":12.0,"turns":3.0},{"damage":3.0,"enemies":"3 Louse","floor":13.0,"turns":2.0},{"damage":38.0,"enemies":"The Guardian","floor":16.0,"turns":10.0},{"damage":7.0,"enemies":"3 Byrds","floor":18.0,"turns":3.0},{"damage":21,"enemies":"2 Thieves","floor":21,"turns":4},{"damage":25,"enemies":"Book of Stabbing","floor":23,"turns":2}],"seed_played":"8305564266872547764","potions_obtained":[{"floor":5.0,"key":"Ancient Potion"},{"floor":6.0,"key":"PowerPotion"},{"floor":21,"key":"SteroidPotion"}],"is_trial":false,"path_per_floor":["M","?","?","T","M","E","R","M","T","?","R","E","M","$","R","B",null,"M","$","?","M","$","E"],"character_chosen":"DEFECT","items_purchased":["Scrape","Gash","Beam Cell"],"campfire_rested":1,"item_purchase_floors":[14,22,22],"current_hp_per_floor":[55,55,55,55,55,25,25,25,25,25,44,44,41,41,41,3,49,42,42,42,21,21,0],"gold":6,"neow_bonus":"THREE_RARE_CARDS","is_prod":false,"is_daily":false,"chose_seed":false,"campfire_upgraded":2,"win_rate":0,"timestamp":1567724647,"path_taken":["M","?","?","?","M","E","R","M","T","?","R","E","M","$","R","BOSS","M","$","?","M","$","E"],"build_version":"2019-07-17","purchased_purges":3,"victory":false,"max_hp_per_floor":[71,64,64,64,64,64,64,64,64,64,64,64,64,64,64,64,64,64,64,64,64,64,64],"card_choices":[{"not_picked":["Meteor Strike","Creative AI"],"picked":"Machine Learning","floor":0.0},{"not_picked":["Beam Cell","Compile Driver"],"picked":"Gash","floor":1.0},{"not_picked":["Compile Driver","Rip and Tear","Turbo"],"picked":"SKIP","floor":5.0},{"not_picked":["Redo","Go for the Eyes"],"picked":"Heatsinks","floor":6.0},{"not_picked":["Steam","Rebound","Compile Driver"],"picked":"SKIP","floor":8.0},{"not_picked":["Creative AI","Ball Lightning"],"picked":"Undo","floor":12.0},{"not_picked":["White Noise","Melter"],"picked":"Gash","floor":13.0},{"not_picked":["Meteor Strike","Seek"],"picked":"All For One","floor":16.0},{"not_picked":[],"picked":"Glacier","floor":18.0},{"not_picked":["Chaos"],"picked":"SKIP","floor":21}],"player_experience":1110599,"relics_obtained":[{"floor":4.0,"key":"PreservedInsect"},{"floor":6.0,"key":"Juzu Bracelet"},{"floor":9.0,"key":"Smiling Mask"},{"floor":12.0,"key":"Ancient Tea Set"}],"event_choices":[{"damage_healed":0.0,"max_hp_gain":0.0,"max_hp_loss":7.0,"gold_gain":0.0,"event_name":"Golden Idol","player_choice":"Lose Max HP","floor":2.0,"gold_loss":0.0,"damage_taken":0.0,"relics_obtained":["Golden Idol"]},{"damage_healed":0.0,"max_hp_gain":0.0,"max_hp_loss":0.0,"gold_gain":0.0,"cards_transformed":["Strike_B"],"event_name":"Living Wall","player_choice":"Change","floor":3.0,"gold_loss":0.0,"damage_taken":0.0,"cards_obtained":["Hyperbeam"]},{"damage_healed":0.0,"max_hp_gain":0.0,"max_hp_loss":0.0,"gold_gain":0.0,"event_name":"Upgrade Shrine","player_choice":"Upgraded","floor":10.0,"gold_loss":0.0,"damage_taken":0.0,"cards_upgraded":["Dualcast"]},{"damage_healed":0.0,"max_hp_gain":0.0,"max_hp_loss":0.0,"gold_gain":0.0,"event_name":"Ghosts","player_choice":"Ignored","floor":20.0,"gold_loss":0.0,"damage_taken":0.0}],"is_beta":false,"boss_relics":[{"not_picked":["Velvet Choker","Orrery"],"picked":"Busted Crown"}],"items_purged_floors":[14,19,22],"is_endless":false,"potions_floor_spawned":[5,6,21],"killed_by":"Book of Stabbing","ascension_level":19}