{"gold_per_floor":[116,116,38,38,38,38,38,38,38,59,72,97,117,152,152,152],"floor_reached":16,"playtime":1163,"items_purged":[],"score":175,"play_id":"c282d331-1f56-4d2d-a61e-77f05492ce2d","local_time":"20190826154349","is_ascension_mode":true,"campfire_choices":[{"data":"Shrug It Off","floor":6.0,"key":"SMITH"},{"data":"Fiend Fire","floor":8.0,"key":"SMITH"},{"floor":15.0,"key":"REST"}],"neow_cost":"PERCENT_DAMAGE","seed_source_timestamp":1000502640439585,"circlet_count":0,"master_deck":["AscendersBane","Strike_R+1","Strike_R","Strike_R+1","Strike_R","Strike_R","Defend_R","Defend_R","Defend_R","Bash","Fiend Fire+1","Shrug It Off+1","Inflame","Warcry","Battle Trance","Second Wind"],"special_seed":0,"relics":["Burning Blood","Golden Idol","The Courier","Art of War"],"potions_floor_usage":[16],"damage_taken":[{"damage":14.0,"enemies":"Jaw Worm","floor":1.0,"turns":4.0},{"damage":3.0,"enemies":"Small Slimes","floor":10.0,"turns":4.0},{"damage":0.0,"enemies":"Cultist","floor":11.0,"turns":3.0},{"damage":0.0,"enemies":"Looter","floor":12.0,"turns":2.0},{"damage":9.0,"enemies":"Red Slaver","floor":13.0,"turns":2.0},{"damage":19.0,"enemies":"3 Sentries","floor":14.0,"turns":6.0},{"damage":44,"enemies":"Hexaghost","floor":16,"turns":11}],"seed_played":"-6227442852914250702","potions_obtained":[{"floor":11.0,"key":"AttackPotion"},{"floor":12.0,"key":"Fire Potion"},{"floor":14.0,"key":"EssenceOfSteel"}],"is_trial":false,"path_per_floor":["M","?","$","?","?","R","$","R","T","M","M","M","M","E","R","B"],"character_chosen":"IRONCLAD","items_purchased":["Inflame"],"campfire_rested":1,"item_purchase_floors":[3],"current_hp_per_floor":[42,42,42,19,19,19,19,19,19,22,28,34,31,18,38,0],"gold":152,"neow_bonus":"THREE_RARE_CARDS","is_prod":false,"is_daily":false,"chose_seed":false,"campfire_upgraded":2,"win_rate":0,"timestamp":1566852229,"path_taken":["M","?","$","?","?","R","?","R","T","M","M","M","M","E","R","BOSS"],"build_version":"2019-07-17","purchased_purges":0,"victory":false,"max_hp_per_floor":[75,75,75,75,68,68,68,68,68,68,68,68,68,68,68,68],"card_choices":[{"not_picked":["Brutality","Berserk"],"picked":"Fiend Fire","floor":0.0},{"not_picked":["Headbutt","Flex"],"picked":"Shrug It Off","floor":1.0},{"not_picked":["Pommel Strike","Anger"],"picked":"Warcry","floor":10.0},{"not_picked":["Fire Breathing","Whirlwind","Rupture"],"picked":"SKIP","floor":11.0},{"not_picked":["Pommel Strike","Anger"],"picked":"Battle Trance","floor":12.0},{"not_picked":["Clash","Flex"],"picked":"Second Wind","floor":13.0},{"not_picked":["Cleave","Metallicize","Heavy Blade"],"picked":"SKIP","floor":14.0}],"player_experience":894205,"relics_obtained":[{"floor":9.0,"key":"The Courier"},{"floor":14.0,"key":"Art of War"}],"event_choices":[{"cards_removed":["Defend_R"],"damage_healed":0.0,"max_hp_gain":0.0,"max_hp_loss":0.0,"gold_gain":0.0,"event_name":"Living Wall","player_choice":"Forget","floor":2.0,"gold_loss":0.0,"damage_taken":0.0},{"damage_healed":0.0,"max_hp_gain":0.0,"max_hp_loss":0.0,"gold_gain":0.0,"event_name":"Shining Light","player_choice":"Entered Light","floor":4.0,"gold_loss":0.0,"damage_taken":23.0,"cards_upgraded":["Strike_R","Strike_R"]},{"damage_healed":0.0,"max_hp_gain":0.0,"max_hp_loss":7.0,"gold_gain":0.0,"event_name":"Golden Idol","player_choice":"Lose Max HP","floor":5.0,"gold_loss":0.0,"damage_taken":0.0,"relics_obtained":["Golden Idol"]}],"is_beta":false,"boss_relics":[],"items_purged_floors":[],"is_endless":false,"potions_floor_spawned":[11,12,14],"killed_by":"Hexaghost","ascension_level":15}