{"gold_per_floor":[111,126,51,51,51,51,79,79,79,117,135,159,159,182,182,273,273,293,7,26,26,26,62,62,75,98,98,18,56,56],"floor_reached":30,"playtime":1874,"items_purged":["Strike_B"],"score":572,"play_id":"223cccfc-2e98-484d-828d-01bafb91e91c","local_time":"20190903203238","is_ascension_mode":true,"campfire_choices":[{"data":"Dualcast","floor":6.0,"key":"SMITH"},{"floor":15.0,"key":"REST"},{"floor":24.0,"key":"REST"},{"floor":27.0,"key":"REST"}],"neow_cost":"NONE","seed_source_timestamp":1368032724649382,"circlet_count":0,"master_deck":["AscendersBane","Strike_B+1","Defend_B","Defend_B+1","Defend_B","Zap","Dualcast+1","Ball Lightning","Go for the Eyes","Cold Snap","Conserve Battery+1","Cold Snap","Conserve Battery","Electrodynamics","Loop+1","Genetic Algorithm+1","Capacitor","Loop","White Noise"],"special_seed":0,"relics":["Cracked Core","NeowsBlessing","Ice Cream","Golden Idol","Kunai","Ancient Tea Set","Empty Cage","Bottled Tornado","War Paint","Bag of Preparation","Dodecahedron"],"potions_floor_usage":[],"damage_taken":[{"damage":0.0,"enemies":"Cultist","floor":1.0,"turns":1.0},{"damage":0.0,"enemies":"Small Slimes","floor":2.0,"turns":1.0},{"damage":0.0,"enemies":"Gremlin Nob","floor":7.0,"turns":1.0},{"damage":10.0,"enemies":"3 Sentries","floor":10.0,"turns":5.0},{"damage":0.0,"enemies":"2 Louse","floor":11.0,"turns":3.0},{"damage":1.0,"enemies":"Looter","floor":12.0,"turns":3.0},{"damage":0.0,"enemies":"Blue Slaver","floor":14.0,"turns":3.0},{"damage":13.0,"enemies":"Hexaghost","floor":16.0,"turns":9.0},{"damage":5.0,"enemies":"Spheric Guardian","floor":18.0,"turns":6.0},{"damage":0.0,"enemies":"Chosen","floor":20.0,"turns":5.0},{"damage":40.0,"enemies":"Slavers","floor":23.0,"turns":3.0},{"damage":24.0,"enemies":"Snake Plant","floor":25.0,"turns":4.0},{"damage":24.0,"enemies":"Gremlin Leader","floor":29.0,"turns":6.0},{"damage":5,"enemies":"Shelled Parasite and Fungi","floor":30,"turns":1}],"seed_played":"-1720595807038033973","potions_obtained":[{"floor":7.0,"key":"AttackPotion"},{"floor":12.0,"key":"LiquidBronze"},{"floor":14.0,"key":"Weak Potion"},{"floor":20.0,"key":"GamblersBrew"}],"is_trial":false,"path_per_floor":["M","M","$","?","?","R","E","?","T","E","M","M","?","M","R","B",null,"M","$","M","?","?","E","R","M","T","R","$","E","M"],"character_chosen":"DEFECT","items_purchased":["Bottled Tornado","Loop"],"campfire_rested":3,"item_purchase_floors":[19,28],"current_hp_per_floor":[64,64,64,64,43,43,43,43,43,33,33,32,25,25,44,31,56,51,51,51,51,51,11,30,6,6,25,25,1,0],"gold":56,"neow_bonus":"THREE_ENEMY_KILL","is_prod":false,"is_daily":false,"chose_seed":false,"campfire_upgraded":1,"win_rate":0,"timestamp":1567560758,"path_taken":["M","?","$","?","?","R","E","?","T","E","?","M","?","M","R","BOSS","M","$","M","?","?","E","R","M","T","R","$","E","M"],"build_version":"2019-07-17","purchased_purges":1,"victory":false,"max_hp_per_floor":[71,71,71,71,71,71,71,64,64,64,64,64,64,64,64,64,64,64,64,64,64,64,64,64,64,64,64,64,64,64],"card_choices":[{"not_picked":["Turbo","Streamline"],"picked":"Ball Lightning","floor":1.0},{"not_picked":["Compile Driver","Sweeping Beam","Aggregate"],"picked":"SKIP","floor":2.0},{"not_picked":["Storm","Reprogram"],"picked":"Go for the Eyes","floor":7.0},{"not_picked":["Buffer","White Noise"],"picked":"Cold Snap","floor":10.0},{"not_picked":["Compile Driver","Static Discharge"],"picked":"Conserve Battery","floor":11.0},{"not_picked":["Barrage","Storm"],"picked":"Cold Snap","floor":12.0},{"not_picked":["Double Energy","Redo"],"picked":"Conserve Battery","floor":14.0},{"not_picked":["Thunder Strike","Reboot"],"picked":"Electrodynamics","floor":16.0},{"not_picked":["Redo","Streamline"],"picked":"Loop+1","floor":18.0},{"not_picked":["Conserve Battery","Redo"],"picked":"Genetic Algorithm","floor":20.0},{"not_picked":["Conserve Battery","Streamline","Coolheaded"],"picked":"SKIP","floor":23.0},{"not_picked":["Sweeping Beam","Stack","Compile Driver"],"picked":"SKIP","floor":25.0},{"not_picked":["Creative AI","Redo"],"picked":"White Noise","floor":29.0}],"player_experience":1080198,"relics_obtained":[{"floor":7.0,"key":"Ice Cream"},{"floor":9.0,"key":"Kunai"},{"floor":10.0,"key":"Ancient Tea Set"},{"floor":23.0,"key":"War Paint"},{"floor":26.0,"key":"Bag of Preparation"},{"floor":29.0,"key":"Dodecahedron"}],"event_choices":[{"damage_healed":0.0,"max_hp_gain":0.0,"max_hp_loss":0.0,"gold_gain":0.0,"event_name":"The Cleric","player_choice":"Leave","floor":4.0,"gold_loss":0.0,"damage_taken":0.0},{"damage_healed":0.0,"max_hp_gain":0.0,"max_hp_loss":0.0,"gold_gain":0.0,"event_name":"Shining Light","player_choice":"Entered Light","floor":5.0,"gold_loss":0.0,"damage_taken":21.0,"cards_upgraded":["Strike_B","Defend_B"]},{"damage_healed":0.0,"max_hp_gain":0.0,"max_hp_loss":7.0,"gold_gain":0.0,"event_name":"Golden Idol","player_choice":"Lose Max HP","floor":8.0,"gold_loss":0.0,"damage_taken":0.0,"relics_obtained":["Golden Idol"]},{"cards_removed":["Defend_B"],"damage_healed":0.0,"max_hp_gain":0.0,"max_hp_loss":0.0,"gold_gain":0.0,"event_name":"Golden Wing","player_choice":"Card Removal","floor":13.0,"gold_loss":0.0,"damage_taken":7.0},{"damage_healed":0.0,"max_hp_gain":0.0,"max_hp_loss":0.0,"gold_gain":0.0,"event_name":"The Library","player_choice":"Read","floor":21.0,"gold_loss":0.0,"damage_taken":0.0,"cards_obtained":["Capacitor"]}],"is_beta":false,"boss_relics":[{"not_picked":["FrozenCore","Fusion Hammer"],"picked":"Empty Cage"}],"items_purged_floors":[3],"is_endless":false,"potions_floor_spawned":[7,12,14,20],"killed_by":"Shelled Parasite and Fungi","ascension_level":18}