{"gold_per_floor":[112,130,130,146,146,182,195,195,218,218,259,279,279,279,279,407,407,425,448,448,467,117,117,160,184,184,184,205,205,205,245,245,369,369,389,88,101,120,120,160,184,184,208,246,246,310,328,344,344,344],"floor_reached":51,"playtime":1845,"items_purged":["Warcry"],"score":1157,"play_id":"18b46a60-e8ca-423c-865e-0b15c17b5892","local_time":"20190907103253","daily_mods":["SealedDeck","Colorless Cards"],"is_ascension_mode":false,"campfire_choices":[{"data":"Havoc","floor":13,"key":"SMITH"},{"data":"Panache","floor":15,"key":"SMITH"},{"data":"Dramatic Entrance","floor":23,"key":"SMITH"},{"data":"Flex","floor":29,"key":"SMITH"},{"data":"Flex","floor":32,"key":"SMITH"},{"data":"Flex","floor":42,"key":"SMITH"},{"data":"Anger","floor":49,"key":"SMITH"}],"neow_cost":"","seed_source_timestamp":0,"circlet_count":0,"master_deck":["Havoc+1","Warcry","Forethought","Flex+1","Clash","Clash","Clash","Flex+1","Anger+1","Panache+1","Dark Shackles","Flex+1","Violence","Dramatic Entrance+1","Flash of Steel","Flash of Steel","Anger","Deep Breath","Anger+1","Blind","Panacea+1"],"relics":["Unceasing Top","Blood Vial","Golden Idol","Red Skull","Happy Flower","Mercury Hourglass","Empty Cage","Medical Kit","Art of War","StoneCalendar","Prayer Wheel","Black Star","HandDrill","Turnip","Bottled Tornado","Potion Belt","Torii","Dodecahedron","Letter Opener","Champion Belt"],"potions_floor_usage":[],"damage_taken":[{"damage":0,"enemies":"Jaw Worm","floor":1,"turns":1},{"damage":0,"enemies":"2 Louse","floor":2,"turns":1},{"damage":0,"enemies":"Small Slimes","floor":4,"turns":1},{"damage":0,"enemies":"Gremlin Nob","floor":6,"turns":2},{"damage":0,"enemies":"2 Fungi Beasts","floor":7,"turns":1},{"damage":0,"enemies":"Lagavulin","floor":11,"turns":1},{"damage":0,"enemies":"Red Slaver","floor":12,"turns":1},{"damage":0,"enemies":"Slime Boss","floor":16,"turns":1},{"damage":0,"enemies":"3 Byrds","floor":18,"turns":1},{"damage":0,"enemies":"2 Thieves","floor":19,"turns":1},{"damage":0,"enemies":"Snake Plant","floor":21,"turns":1},{"damage":0,"enemies":"Book of Stabbing","floor":24,"turns":1},{"damage":0,"enemies":"Centurion and Healer","floor":25,"turns":1},{"damage":0,"enemies":"Sentry and Sphere","floor":28,"turns":1},{"damage":0,"enemies":"Slavers","floor":31,"turns":1},{"damage":0,"enemies":"Collector","floor":33,"turns":1},{"damage":0,"enemies":"3 Darklings","floor":35,"turns":1},{"damage":0,"enemies":"3 Shapes","floor":37,"turns":1},{"damage":0,"enemies":"Maw","floor":38,"turns":1},{"damage":0,"enemies":"Nemesis","floor":40,"turns":1},{"damage":0,"enemies":"Writhing Mass","floor":41,"turns":1},{"damage":0,"enemies":"Giant Head","floor":44,"turns":1},{"damage":0,"enemies":"2 Orb Walkers","floor":46,"turns":1},{"damage":0,"enemies":"4 Shapes","floor":47,"turns":1},{"damage":0,"enemies":"Transient","floor":48,"turns":1},{"damage":0,"enemies":"Awakened One","floor":50,"turns":2}],"seed_played":"-8082297146997877192","potions_obtained":[{"floor":2,"key":"Weak Potion"},{"floor":4,"key":"Block Potion"},{"floor":14,"key":"Fire Potion"},{"floor":14,"key":"SmokeBomb"},{"floor":48,"key":"AttackPotion"}],"is_trial":true,"path_per_floor":["M","M","?","M","?","E","M","?","T","?","E","M","R","?","R","B",null,"M","M","?","M","$","R","E","M","T","?","M","R","?","E","R","B",null,"M","$","M","M","?","E","M","R","T","E","T","?","M","M","R","B",null],"character_chosen":"IRONCLAD","items_purchased":["Medical Kit","Flash of Steel","HandDrill","Blind"],"campfire_rested":0,"item_purchase_floors":[22,22,36,36],"current_hp_per_floor":[80,80,62,64,44,46,48,53,53,53,55,57,57,57,57,59,85,85,85,85,85,85,85,85,85,85,85,85,85,77,79,79,81,85,85,85,85,85,81,81,81,81,81,81,81,81,81,81,81,81],"gold":344,"neow_bonus":"","is_prod":false,"is_daily":false,"chose_seed":false,"campfire_upgraded":7,"win_rate":0.0,"timestamp":1567866773,"path_taken":["M","M","?","M","?","E","M","?","T","?","E","M","R","?","R","BOSS","M","M","?","M","?","R","E","?","T","?","?","R","?","E","R","BOSS","M","?","?","M","?","E","M","R","T","E","?","?","M","M","R","BOSS"],"build_version":"2019-07-17","purchased_purges":1,"victory":true,"max_hp_per_floor":[80,80,80,80,80,80,80,85,85,85,85,85,85,85,85,85,85,85,85,85,85,85,85,85,85,85,85,85,85,85,85,85,85,85,85,85,85,85,81,81,81,81,81,81,81,81,81,81,81,81],"card_choices":[{"not_picked":["Headbutt","Warcry"],"picked":"Clash","floor":1},{"not_picked":["Blind","Dropkick"],"picked":"Flex","floor":2},{"not_picked":["Rupture","Cleave"],"picked":"Anger","floor":4},{"not_picked":["Entrench","Clothesline","Thunderclap"],"picked":"SKIP","floor":6},{"not_picked":["Feel No Pain","Twin Strike"],"picked":"Panache","floor":7},{"not_picked":["Shrug It Off","Flex"],"picked":"Dark Shackles","floor":11},{"not_picked":["Body Slam","Thunderclap"],"picked":"Flex","floor":12},{"not_picked":["Feed","Limit Break"],"picked":"Violence","floor":16},{"not_picked":["Rupture+1","Twin Strike"],"picked":"Dramatic Entrance","floor":18},{"not_picked":["Body Slam","Clothesline","True Grit"],"picked":"SKIP","floor":19},{"not_picked":["Pommel Strike","Perfected Strike"],"picked":"Flash of Steel","floor":21},{"not_picked":["Cleave","Pommel Strike+1","Dual Wield"],"picked":"SKIP","floor":24},{"not_picked":["Jack Of All Trades","Iron Wave"],"picked":"Anger","floor":25},{"not_picked":["Heavy Blade","Shrug It Off"],"picked":"Deep Breath","floor":28},{"not_picked":["Sadistic Nature","Heavy Blade","Mayhem"],"picked":"SKIP","floor":31},{"not_picked":["Iron Wave+1","Trip"],"picked":"Anger+1","floor":35},{"not_picked":["Pommel Strike+1","Thunderclap","Impatience+1"],"picked":"SKIP","floor":35},{"not_picked":["Heavy Blade","Wild Strike","Havoc"],"picked":"SKIP","floor":37},{"not_picked":["Body Slam+1","Havoc","Shrug It Off+1"],"picked":"SKIP","floor":37},{"not_picked":["Wild Strike","Mind Blast+1","Havoc+1"],"picked":"SKIP","floor":38},{"not_picked":["True Grit","Enlightenment+1","Madness"],"picked":"SKIP","floor":38},{"not_picked":["Anger","Clothesline+1","Madness+1"],"picked":"SKIP","floor":40},{"not_picked":["Dual Wield+1","Carnage+1","Seeing Red+1"],"picked":"SKIP","floor":41},{"not_picked":["Ghostly Armor","Body Slam+1","Intimidate+1"],"picked":"SKIP","floor":41},{"not_picked":["Clothesline","The Bomb","Thunderclap"],"picked":"SKIP","floor":44},{"not_picked":["Clash+1","Power Through+1"],"picked":"Panacea+1","floor":47},{"not_picked":["Warcry","Heavy Blade+1","Thunderclap"],"picked":"SKIP","floor":47},{"not_picked":["Twin Strike+1","Dropkick+1","Body Slam"],"picked":"SKIP","floor":48},{"not_picked":["Headbutt","Clothesline+1","Shrug It Off"],"picked":"SKIP","floor":48}],"player_experience":15246,"relics_obtained":[{"floor":6,"key":"Red Skull"},{"floor":9,"key":"Happy Flower"},{"floor":11,"key":"Mercury Hourglass"},{"floor":24,"key":"Art of War"},{"floor":26,"key":"StoneCalendar"},{"floor":31,"key":"Prayer Wheel"},{"floor":40,"key":"Turnip"},{"floor":40,"key":"Bottled Tornado"},{"floor":43,"key":"Potion Belt"},{"floor":44,"key":"Torii"},{"floor":44,"key":"Dodecahedron"},{"floor":45,"key":"Letter Opener"},{"floor":46,"key":"Champion Belt"}],"event_choices":[{"damage_healed":0,"gold_gain":0,"player_choice":"Success","damage_taken":18,"relics_obtained":["Blood Vial"],"max_hp_gain":0,"max_hp_loss":0,"event_name":"Scrap Ooze","floor":3,"gold_loss":0},{"damage_healed":0,"gold_gain":0,"player_choice":"Take Damage","damage_taken":20,"relics_obtained":["Golden Idol"],"max_hp_gain":0,"max_hp_loss":0,"event_name":"Golden Idol","floor":5,"gold_loss":0},{"damage_healed":0,"gold_gain":0,"player_choice":"Donut","damage_taken":0,"max_hp_gain":5,"max_hp_loss":0,"event_name":"Big Fish","floor":8,"gold_loss":0},{"damage_healed":0,"gold_gain":0,"player_choice":"Ignored","damage_taken":0,"max_hp_gain":0,"max_hp_loss":0,"event_name":"Liars Game","floor":10,"gold_loss":0},{"damage_healed":0,"gold_gain":0,"player_choice":"Got Potions","damage_taken":0,"max_hp_gain":0,"max_hp_loss":0,"event_name":"Lab","floor":14,"gold_loss":0},{"cards_removed":["Forethought"],"damage_healed":0,"gold_gain":0,"player_choice":"Elegance","damage_taken":0,"max_hp_gain":0,"max_hp_loss":0,"event_name":"Back to Basics","floor":20,"gold_loss":0},{"damage_healed":0,"gold_gain":0,"player_choice":"Bought 0 Potions","damage_taken":0,"max_hp_gain":0,"max_hp_loss":0,"event_name":"The Woman in Blue","floor":27,"gold_loss":0},{"damage_healed":0,"gold_gain":0,"player_choice":"","damage_taken":8,"max_hp_gain":0,"max_hp_loss":0,"event_name":"Knowing Skull","floor":30,"potions_obtained":[],"gold_loss":0,"cards_obtained":[]},{"damage_healed":0,"gold_gain":0,"player_choice":"Max HP","damage_taken":0,"max_hp_gain":0,"max_hp_loss":4,"event_name":"Winding Halls","floor":39,"gold_loss":0},{"damage_healed":0,"gold_gain":0,"player_choice":"Fight","damage_taken":0,"max_hp_gain":0,"max_hp_loss":0,"event_name":"Mysterious Sphere","floor":46,"gold_loss":0}],"is_beta":false,"boss_relics":[{"not_picked":["Orrery","Snecko Eye"],"picked":"Empty Cage"},{"not_picked":["Mark of Pain","Coffee Dripper"],"picked":"Black Star"}],"items_purged_floors":[22],"is_endless":false,"potions_floor_spawned":[2,4,16,24,25,31,35,38,48],"ascension_level":0}