{"gold_per_floor":[117,134,134,160,160,195,120,149,149,160,21,43,61,78,78,154,154,168,168,168,182,108,108,127,127,206,238,255,255,255,284,284,357,357,370,382,257,273,76,76,76],"floor_reached":41,"playtime":3802,"items_purged":["Strike_B","Defend_B","Defend_B","Defend_B"],"score":791,"play_id":"a95dcd49-e23e-47ea-af14-44fb143e6faf","local_time":"20190821212244","is_ascension_mode":true,"campfire_choices":[{"floor":15.0,"key":"REST"},{"floor":23.0,"key":"REST"},{"floor":25.0,"key":"REST"},{"floor":32,"key":"REST"},{"floor":40,"key":"REST"}],"neow_cost":"NONE","seed_source_timestamp":768948618579818,"circlet_count":0,"master_deck":["AscendersBane","Strike_B","Strike_B+1","Strike_B+1","Defend_B","Zap","Dualcast","Darkness","Genetic Algorithm","Biased Cognition","Darkness+1","Consume+1","Redo+1","Leap+1","Hologram+1","Seek+1","Defragment","Leap+1","Undo+1","BootSequence+1","Leap+1","Leap+1"],"special_seed":0,"relics":["Fusion Hammer","Toxic Egg 2","Anchor","Meat on the Bone","Art of War","Omamori","Odd Mushroom","Sozu","Bottled Tornado","Darkstone Periapt","Enchiridion","Whetstone","Runic Pyramid"],"potions_floor_usage":[],"damage_taken":[{"damage":0.0,"enemies":"Jaw Worm","floor":1.0,"turns":3.0},{"damage":0.0,"enemies":"2 Louse","floor":2.0,"turns":3.0},{"damage":23.0,"enemies":"3 Sentries","floor":6.0,"turns":7.0},{"damage":10.0,"enemies":"Lagavulin","floor":8.0,"turns":5.0},{"damage":0.0,"enemies":"Small Slimes","floor":10.0,"turns":3.0},{"damage":6.0,"enemies":"The Mushroom Lair","floor":12.0,"turns":4.0},{"damage":0.0,"enemies":"Exordium Wildlife","floor":13.0,"turns":2.0},{"damage":0.0,"enemies":"2 Fungi Beasts","floor":14.0,"turns":2.0},{"damage":38.0,"enemies":"The Guardian","floor":16.0,"turns":8.0},{"damage":2.0,"enemies":"3 Byrds","floor":18.0,"turns":3.0},{"damage":20.0,"enemies":"2 Thieves","floor":21.0,"turns":4.0},{"damage":5.0,"enemies":"Snecko","floor":24.0,"turns":3.0},{"damage":0,"enemies":"Book of Stabbing","floor":27,"turns":4},{"damage":16,"enemies":"Shelled Parasite and Fungi","floor":28,"turns":6},{"damage":8,"enemies":"Slavers","floor":31,"turns":5},{"damage":29,"enemies":"Automaton","floor":33,"turns":8},{"damage":9,"enemies":"3 Darklings","floor":35,"turns":5},{"damage":0,"enemies":"Orb Walker","floor":36,"turns":5},{"damage":0,"enemies":"Sphere and 2 Shapes","floor":38,"turns":4},{"damage":92,"enemies":"Reptomancer","floor":41,"turns":3}],"seed_played":"4237686089386873647","potions_obtained":[{"floor":2.0,"key":"Block Potion"},{"floor":6.0,"key":"AttackPotion"},{"floor":8.0,"key":"PowerPotion"},{"floor":14.0,"key":"SmokeBomb"}],"is_trial":false,"path_per_floor":["M","M","?","T","?","E","$","E","T","M","$","?","M","M","R","B",null,"M","?","?","M","$","R","M","R","T","E","M","?","?","E","R","B",null,"M","M","$","M","$","R","E"],"character_chosen":"DEFECT","items_purchased":["Consume+1","Defragment","Leap+1"],"campfire_rested":5,"item_purchase_floors":[11,22,39],"current_hp_per_floor":[68,68,65,65,70,47,47,49,49,49,49,43,43,43,67,41,70,68,53,53,45,45,70,65,85,85,85,69,69,53,45,70,53,77,68,68,68,68,68,85,0],"gold":76,"neow_bonus":"BOSS_RELIC","is_prod":false,"is_daily":false,"chose_seed":false,"campfire_upgraded":0,"win_rate":0,"timestamp":1566440564,"path_taken":["M","M","?","?","?","E","$","E","T","M","$","?","M","M","R","BOSS","M","?","?","M","$","R","M","R","T","E","M","?","?","E","R","BOSS","M","M","$","M","$","R","E"],"build_version":"2019-07-17","purchased_purges":4,"victory":false,"max_hp_per_floor":[75,75,75,75,80,80,80,80,80,80,80,80,80,80,80,80,80,80,85,85,85,85,85,85,85,85,85,85,85,85,85,85,85,85,85,85,85,85,85,85,85],"card_choices":[{"not_picked":["Beam Cell","Auto Shields"],"picked":"Darkness","floor":1.0},{"not_picked":["Chill","Coolheaded"],"picked":"Genetic Algorithm","floor":2.0},{"not_picked":["Auto Shields+1","Chaos+1"],"picked":"Biased Cognition","floor":6.0},{"not_picked":["Meteor Strike","Gash","Ball Lightning"],"picked":"SKIP","floor":8.0},{"not_picked":["Chill+1","Force Field+1"],"picked":"Darkness+1","floor":10.0},{"not_picked":["Capacitor","Ball Lightning"],"picked":"Redo+1","floor":12.0},{"not_picked":["Go for the Eyes","Compile Driver"],"picked":"Leap+1","floor":13.0},{"not_picked":["Compile Driver","Force Field+1"],"picked":"Hologram+1","floor":14.0},{"not_picked":["Fission+1","Biased Cognition"],"picked":"Seek+1","floor":16.0},{"not_picked":["Rebound","Streamline","Coolheaded+1"],"picked":"SKIP","floor":18.0},{"not_picked":["Tempest+1","FTL","Barrage"],"picked":"SKIP","floor":21.0},{"not_picked":["Sweeping Beam","Barrage"],"picked":"Leap+1","floor":24.0},{"not_picked":["Beam Cell","Rebound","Thunder Strike"],"picked":"SKIP","floor":27},{"not_picked":["Streamline","Barrage","Ball Lightning"],"picked":"SKIP","floor":28},{"not_picked":["Sunder","Streamline+1"],"picked":"BootSequence+1","floor":31},{"not_picked":["Hello World","Genetic Algorithm+1"],"picked":"Leap+1","floor":35},{"not_picked":["Stack+1","Tempest+1","Steam+1"],"picked":"SKIP","floor":36},{"not_picked":["Coolheaded+1","Barrage","Streamline+1"],"picked":"SKIP","floor":38}],"player_experience":741640,"relics_obtained":[{"floor":4.0,"key":"Anchor"},{"floor":6.0,"key":"Meat on the Bone"},{"floor":8.0,"key":"Art of War"},{"floor":9.0,"key":"Omamori"},{"floor":12.0,"key":"Odd Mushroom"},{"floor":26.0,"key":"Bottled Tornado"},{"floor":27,"key":"Darkstone Periapt"},{"floor":30,"key":"Enchiridion"},{"floor":31,"key":"Whetstone"}],"event_choices":[{"damage_healed":0.0,"max_hp_gain":0.0,"max_hp_loss":0.0,"gold_gain":0.0,"event_name":"Scrap Ooze","player_choice":"Success","floor":3.0,"gold_loss":0.0,"damage_taken":3.0,"relics_obtained":["Toxic Egg 2"]},{"damage_healed":0.0,"max_hp_gain":5.0,"max_hp_loss":0.0,"gold_gain":0.0,"event_name":"Big Fish","player_choice":"Donut","floor":5.0,"gold_loss":0.0,"damage_taken":0.0},{"damage_healed":0.0,"max_hp_gain":0.0,"max_hp_loss":0.0,"gold_gain":0.0,"event_name":"Mushrooms","player_choice":"Fought Mushrooms","floor":12.0,"gold_loss":0.0,"damage_taken":0.0},{"damage_healed":0.0,"max_hp_gain":5.0,"max_hp_loss":0.0,"gold_gain":0.0,"event_name":"Forgotten Altar","player_choice":"Shed Blood","floor":19.0,"gold_loss":0.0,"damage_taken":20.0},{"damage_healed":0,"gold_gain":0,"player_choice":"Read","damage_taken":0,"max_hp_gain":0,"max_hp_loss":0,"event_name":"The Library","floor":29,"gold_loss":0,"cards_obtained":["Undo"]},{"damage_healed":0,"gold_gain":0,"player_choice":"Obtained Book","damage_taken":16,"max_hp_gain":0,"max_hp_loss":0,"event_name":"Cursed Tome","floor":30,"gold_loss":0}],"is_beta":false,"boss_relics":[{"not_picked":["Eternal Feather","Lizard Tail"],"picked":"Sozu"},{"not_picked":["Coffee Dripper","White Beast Statue"],"picked":"Runic Pyramid"}],"items_purged_floors":[7,11,37,39],"is_endless":false,"potions_floor_spawned":[2,6,8,14,21,24,28],"killed_by":"Reptomancer","ascension_level":13}