{"gold_per_floor":[118,134,134,59,134,134,150,50,98,131,147,171,151,171,171,264,264,283,382,46,46,46,46,46,67,94,94],"floor_reached":27,"playtime":1455,"items_purged":["Defend_G","Strike_G","Defend_G"],"score":348,"play_id":"d903533e-b66e-47d5-a5d5-1492bf165b49","local_time":"20190823233922","is_ascension_mode":true,"campfire_choices":[{"data":"Terror","floor":6.0,"key":"SMITH"},{"floor":15.0,"key":"REST"},{"floor":23.0,"key":"REST"}],"neow_cost":"NONE","seed_source_timestamp":888685970712181,"circlet_count":0,"master_deck":["AscendersBane","Strike_G","Strike_G","Strike_G","Strike_G","Defend_G","Defend_G","Defend_G","Survivor","Neutralize","Terror+1","Deflect","Poisoned Stab","Deflect","Noxious Fumes","Blur","Envenom","Poisoned Stab","Catalyst","Envenom","Footwork","Backflip"],"special_seed":0,"relics":["Ring of the Snake","NeowsBlessing","Golden Idol","Happy Flower","The Courier","Fusion Hammer","Dream Catcher","MutagenicStrength","Bag of Preparation"],"potions_floor_usage":[27],"damage_taken":[{"damage":0.0,"enemies":"Small Slimes","floor":1.0,"turns":1.0},{"damage":0.0,"enemies":"2 Louse","floor":2.0,"turns":1.0},{"damage":0.0,"enemies":"Cultist","floor":7.0,"turns":1.0},{"damage":18.0,"enemies":"3 Sentries","floor":10.0,"turns":14.0},{"damage":0.0,"enemies":"Exordium Wildlife","floor":11.0,"turns":4.0},{"damage":6.0,"enemies":"Exordium Thugs","floor":12.0,"turns":6.0},{"damage":7.0,"enemies":"Blue Slaver","floor":14.0,"turns":4.0},{"damage":6.0,"enemies":"The Guardian","floor":16.0,"turns":13.0},{"damage":4.0,"enemies":"Chosen","floor":18.0,"turns":6.0},{"damage":37,"enemies":"Spheric Guardian","floor":25,"turns":6},{"damage":37,"enemies":"Gremlin Leader","floor":27,"turns":3}],"seed_played":"2548445036910427304","potions_obtained":[{"floor":7.0,"key":"Explosive Potion"},{"floor":10.0,"key":"SpeedPotion"},{"floor":13.0,"key":"GhostInAJar"},{"floor":14.0,"key":"Poison Potion"},{"floor":16.0,"key":"Dexterity Potion"},{"floor":18.0,"key":"AttackPotion"},{"floor":25,"key":"PowerPotion"}],"is_trial":false,"path_per_floor":["M","M","?","$","?","R","M","$","T","E","M","M","?","M","R","B",null,"M","?","$","$","?","R","?","M","T","E"],"character_chosen":"THE_SILENT","items_purchased":["Catalyst","Envenom","Footwork"],"campfire_rested":2,"item_purchase_floors":[20,20,20],"current_hp_per_floor":[63,63,46,46,35,35,35,35,35,17,17,11,11,4,25,19,57,53,53,53,53,53,70,70,33,33,0],"gold":94,"neow_bonus":"THREE_ENEMY_KILL","is_prod":false,"is_daily":false,"chose_seed":false,"campfire_upgraded":1,"win_rate":0,"timestamp":1566621562,"path_taken":["M","M","?","$","?","R","M","$","T","E","M","M","?","?","R","BOSS","M","?","$","?","?","R","?","M","T","E"],"build_version":"2019-07-17","purchased_purges":3,"victory":false,"max_hp_per_floor":[70,70,70,70,70,70,70,70,70,70,70,70,70,70,70,70,70,70,70,70,70,70,70,70,70,70,70],"card_choices":[{"not_picked":["Prepared","Sucker Punch"],"picked":"Terror","floor":1.0},{"not_picked":["Dagger Throw","Backstab"],"picked":"Deflect","floor":2.0},{"not_picked":["Setup","Dagger Spray","Terror"],"picked":"SKIP","floor":7.0},{"not_picked":["Deadly Poison","All Out Attack"],"picked":"Poisoned Stab","floor":10.0},{"not_picked":["Grand Finale","Dodge and Roll"],"picked":"Deflect","floor":11.0},{"not_picked":["Endless Agony","Dodge and Roll"],"picked":"Noxious Fumes","floor":12.0},{"not_picked":["Cloak And Dagger","Accuracy"],"picked":"Blur","floor":14.0},{"not_picked":["Venomology","Die Die Die"],"picked":"Envenom","floor":16.0},{"not_picked":["Underhanded Strike","Blade Dance"],"picked":"Poisoned Stab","floor":18.0},{"not_picked":["Flying Knee","Eviscerate"],"picked":"Backflip","floor":23.0},{"not_picked":["Acrobatics","Blade Dance+1","Deadly Poison"],"picked":"SKIP","floor":25}],"player_experience":824792,"relics_obtained":[{"floor":9.0,"key":"Happy Flower"},{"floor":10.0,"key":"The Courier"},{"floor":26,"key":"Bag of Preparation"}],"event_choices":[{"damage_healed":0.0,"max_hp_gain":0.0,"max_hp_loss":0.0,"gold_gain":0.0,"event_name":"Golden Idol","player_choice":"Take Damage","floor":3.0,"gold_loss":0.0,"damage_taken":17.0,"relics_obtained":["Golden Idol"]},{"damage_healed":0.0,"max_hp_gain":0.0,"max_hp_loss":0.0,"gold_gain":75.0,"event_name":"World of Goop","player_choice":"Gather Gold","floor":5.0,"gold_loss":0.0,"damage_taken":11.0},{"damage_healed":0.0,"max_hp_gain":0.0,"max_hp_loss":0.0,"gold_gain":0.0,"event_name":"The Woman in Blue","player_choice":"Bought 1 Potion","floor":13.0,"gold_loss":0.0,"damage_taken":0.0},{"damage_healed":0.0,"max_hp_gain":0.0,"max_hp_loss":0.0,"gold_gain":99.0,"event_name":"Nest","player_choice":"Stole From Cult","floor":19.0,"gold_loss":0.0,"damage_taken":0.0},{"damage_healed":0.0,"max_hp_gain":0.0,"max_hp_loss":0.0,"gold_gain":0.0,"event_name":"The Mausoleum","player_choice":"Opened","floor":22.0,"gold_loss":0.0,"damage_taken":0.0,"relics_obtained":["Dream Catcher"]},{"damage_healed":0.0,"max_hp_gain":0.0,"max_hp_loss":0.0,"gold_gain":0.0,"event_name":"Drug Dealer","player_choice":"Inject Mutagens","floor":24.0,"gold_loss":0.0,"damage_taken":0.0,"relics_obtained":["MutagenicStrength"]}],"is_beta":false,"boss_relics":[{"not_picked":["Pandora\u0027s Box","White Beast Statue"],"picked":"Fusion Hammer"}],"items_purged_floors":[4,8,20],"is_endless":false,"potions_floor_spawned":[7,10,14,16,18,25],"killed_by":"Gremlin Leader","ascension_level":13}