{"gold_per_floor":[119,135,135,210,228,228,240,50,125,125,136,153,177,9,9,112,112,130,130,150,44,63,63,76,76],"floor_reached":25,"playtime":2426,"items_purged":[],"score":195,"play_id":"184b3127-48d9-4040-988d-a7572bc6c1d0","local_time":"20190909203954","is_ascension_mode":false,"campfire_choices":[{"data":"Brilliance","floor":6,"key":"SMITH"},{"data":"ThirdEye","floor":10,"key":"SMITH"},{"floor":15,"key":"REST"},{"data":"LessonLearned","floor":23,"key":"SMITH"}],"neow_cost":"PERCENT_DAMAGE","seed_source_timestamp":106602546857600,"circlet_count":0,"master_deck":["Strike_P","Strike_P","Defend_P","Defend_P+1","Defend_P","Eruption","Vigilance","Brilliance+1","EmptyMind+1","JustLucky","EmptyBody","Perseverance+1","ThirdEye+1","Fasting","Consecrate","CrushJoints","FollowUp+1","LessonLearned+1","DeceiveReality","CutThroughFate","DevaForm","EmptyFist","WindmillStrike+1","Evaluate+1","Collect","WindmillStrike","Weave"],"relics":["PureWater","Darkstone Periapt","Odd Mushroom","Oddly Smooth Stone","Cursed Key"],"potions_floor_usage":[16,16,18,22],"damage_taken":[{"damage":1,"enemies":"Jaw Worm","floor":1,"turns":4},{"damage":0,"enemies":"2 Louse","floor":2,"turns":1},{"damage":0,"enemies":"Cultist","floor":5,"turns":4},{"damage":0,"enemies":"Blue Slaver","floor":7,"turns":5},{"damage":1,"enemies":"3 Louse","floor":11,"turns":4},{"damage":0,"enemies":"2 Fungi Beasts","floor":12,"turns":5},{"damage":9,"enemies":"The Mushroom Lair","floor":13,"turns":5},{"damage":32,"enemies":"The Guardian","floor":16,"turns":18},{"damage":7,"enemies":"Spheric Guardian","floor":18,"turns":6},{"damage":2,"enemies":"Shell Parasite","floor":20,"turns":9},{"damage":29,"enemies":"Snake Plant","floor":22,"turns":8},{"damage":2,"enemies":"Chosen and Byrds","floor":24,"turns":8},{"damage":33,"enemies":"Slavers","floor":25,"turns":3}],"seed_played":"-1714445062416345897","potions_obtained":[{"floor":7,"key":"SmokeBomb"},{"floor":11,"key":"Dexterity Potion"},{"floor":13,"key":"LiquidBronze"},{"floor":16,"key":"GamblersBrew"},{"floor":18,"key":"PowerPotion"},{"floor":24,"key":"LiquidBronze"}],"is_trial":false,"path_per_floor":["M","M","?","?","M","R","M","$","T","R","M","M","?","$","R","B",null,"M","?","M","$","M","R","M","E"],"character_chosen":"WATCHER","items_purchased":["ThirdEye","Fasting","Consecrate","CrushJoints","Oddly Smooth Stone","CutThroughFate","Evaluate","Collect"],"campfire_rested":1,"item_purchase_floors":[8,8,8,8,14,14,21,21],"current_hp_per_floor":[46,46,39,28,28,28,28,28,28,28,27,27,18,18,37,5,65,58,65,63,63,34,34,32,0],"gold":76,"neow_bonus":"TRANSFORM_TWO_CARDS","is_prod":false,"is_daily":false,"chose_seed":false,"campfire_upgraded":3,"win_rate":0.0,"timestamp":1568075994,"path_taken":["M","M","?","?","M","R","M","$","T","R","M","M","?","$","R","BOSS","M","?","?","$","M","R","M","E"],"build_version":"2019-09-09v2","purchased_purges":0,"victory":false,"max_hp_per_floor":[65,65,65,65,65,65,65,65,65,65,65,65,65,65,65,65,65,65,65,65,65,65,65,65,65],"card_choices":[{"not_picked":["Crescendo","CrushJoints"],"picked":"JustLucky","floor":1},{"not_picked":["Halt","EmptyMind"],"picked":"EmptyBody","floor":2},{"not_picked":["EmptyMind","EmptyBody"],"picked":"Perseverance","floor":5},{"not_picked":["Establishment","Tantrum"],"picked":"Swivel","floor":7},{"not_picked":["EmptyMind","Sanctity"],"picked":"FollowUp","floor":11},{"not_picked":["Protect","JustLucky"],"picked":"LessonLearned","floor":12},{"not_picked":["FlyingSleeves","Collect"],"picked":"DeceiveReality","floor":13},{"not_picked":["MasterReality","Wallop"],"picked":"DevaForm","floor":16},{"not_picked":["InnerPeace","CutThroughFate"],"picked":"EmptyFist","floor":18},{"not_picked":["Perseverance","ThirdEye"],"picked":"WindmillStrike+1","floor":20},{"not_picked":["WreathOfFlame","EmptyBody+1"],"picked":"WindmillStrike","floor":22},{"not_picked":["FearNoEvil+1","ForeignInfluence+1"],"picked":"Weave","floor":24}],"player_experience":1161557,"relics_obtained":[{"floor":9,"key":"Darkstone Periapt"},{"floor":13,"key":"Odd Mushroom"}],"event_choices":[{"cards_removed":["Strike_P"],"damage_healed":0,"gold_gain":0,"player_choice":"Card Removal","damage_taken":7,"max_hp_gain":0,"max_hp_loss":0,"event_name":"Golden Wing","floor":3,"gold_loss":0},{"damage_healed":0,"gold_gain":75,"player_choice":"Gather Gold","damage_taken":11,"max_hp_gain":0,"max_hp_loss":0,"event_name":"World of Goop","floor":4,"gold_loss":0},{"damage_healed":0,"gold_gain":0,"player_choice":"Fought Mushrooms","damage_taken":0,"max_hp_gain":0,"max_hp_loss":0,"event_name":"Mushrooms","floor":13,"gold_loss":0},{"cards_removed":["Swivel"],"damage_healed":7,"gold_gain":0,"player_choice":"Offered Uncommon","damage_taken":0,"max_hp_gain":0,"max_hp_loss":0,"event_name":"Bonfire Elementals","floor":19,"gold_loss":0}],"is_beta":true,"boss_relics":[{"not_picked":["Philosopher\u0027s Stone","Snecko Eye"],"picked":"Cursed Key"}],"items_purged_floors":[],"is_endless":false,"potions_floor_spawned":[7,11,13,16,18,24],"killed_by":"Slavers","ascension_level":0}