{"gold_per_floor":[116,13,13,13,36,36,76,100,125,148,148,148,148,183,183,281,281,306,306,306,19,40,40,61,95,95,135,135,135,154,173,173,173],"floor_reached":33,"playtime":1959,"items_purged":[],"score":566,"play_id":"e168c230-3679-428f-9a8e-524252a21913","local_time":"20190822005631","is_ascension_mode":true,"campfire_choices":[{"data":"Redo","floor":6.0,"key":"SMITH"},{"floor":11.0,"key":"REST"},{"data":"Chill","floor":13.0,"key":"SMITH"},{"data":"Dualcast","floor":15.0,"key":"SMITH"},{"floor":23,"key":"REST"},{"data":"Loop","floor":28,"key":"SMITH"},{"floor":32,"key":"REST"}],"neow_cost":"NONE","seed_source_timestamp":784195660267859,"circlet_count":0,"master_deck":["AscendersBane","Strike_B+1","Strike_B+1","Defend_B","Zap","Dualcast+1","Sunder","Redo+1","Capacitor","Chill+1","Leap","Reboot","Cold Snap","Multi-Cast","FTL","Loop+1","Hologram","BootSequence+1","Rebound+1","Defragment","Leap+1"],"special_seed":0,"relics":["Cracked Core","Golden Idol","Whetstone","PreservedInsect","Ornamental Fan","Oddly Smooth Stone","Empty Cage","MealTicket","Bronze Scales","Singing Bowl","Gambling Chip"],"potions_floor_usage":[27,30],"damage_taken":[{"damage":0.0,"enemies":"2 Louse","floor":1.0,"turns":3.0},{"damage":1.0,"enemies":"Small Slimes","floor":5.0,"turns":3.0},{"damage":38.0,"enemies":"Gremlin Nob","floor":7.0,"turns":4.0},{"damage":7.0,"enemies":"Jaw Worm","floor":8.0,"turns":2.0},{"damage":7.0,"enemies":"Looter","floor":10.0,"turns":3.0},{"damage":0.0,"enemies":"3 Sentries","floor":14.0,"turns":3.0},{"damage":18.0,"enemies":"Slime Boss","floor":16.0,"turns":9.0},{"damage":10.0,"enemies":"2 Thieves","floor":18.0,"turns":4.0},{"damage":20,"enemies":"Spheric Guardian","floor":22,"turns":6},{"damage":6,"enemies":"Chosen and Byrds","floor":24,"turns":6},{"damage":22,"enemies":"Slavers","floor":25,"turns":8},{"damage":0,"enemies":"Gremlin Leader","floor":27,"turns":3},{"damage":3,"enemies":"Centurion and Healer","floor":30,"turns":5},{"damage":25,"enemies":"Snecko","floor":31,"turns":4},{"damage":58,"enemies":"Automaton","floor":33,"turns":6}],"seed_played":"-1825581220689553296","potions_obtained":[{"floor":5.0,"key":"AttackPotion"},{"floor":7.0,"key":"Ancient Potion"},{"floor":10.0,"key":"SkillPotion"},{"floor":14.0,"key":"FearPotion"},{"floor":18.0,"key":"Swift Potion"},{"floor":25,"key":"Explosive Potion"},{"floor":31,"key":"SteroidPotion"}],"is_trial":false,"path_per_floor":["M","$","?","?","M","R","E","M","T","M","R","?","R","E","R","B",null,"M","?","?","$","M","R","M","E","T","E","R","?","M","M","R","B"],"character_chosen":"DEFECT","items_purchased":["Redo","Capacitor","Loop","Hologram","MealTicket"],"campfire_rested":3,"item_purchase_floors":[2,2,21,21,21],"current_hp_per_floor":[75,75,80,80,79,79,41,34,34,27,51,44,44,44,44,26,67,57,57,57,57,37,61,55,33,33,35,35,35,34,9,34,0],"gold":173,"neow_bonus":"TEN_PERCENT_HP_BONUS","is_prod":false,"is_daily":false,"chose_seed":false,"campfire_upgraded":4,"win_rate":0,"timestamp":1566453391,"path_taken":["M","$","?","?","M","R","E","M","T","M","R","?","R","E","R","BOSS","M","?","?","$","M","R","M","E","T","E","R","?","M","M","R","BOSS"],"build_version":"2019-07-17","purchased_purges":0,"victory":false,"max_hp_per_floor":[82,82,87,81,81,81,81,81,81,81,81,81,81,81,81,81,81,81,81,81,81,81,81,81,81,81,83,83,83,85,85,85,85],"card_choices":[{"not_picked":["Go for the Eyes","Streamline"],"picked":"Sunder","floor":1.0},{"not_picked":["Hello World","Coolheaded","Reinforced Body"],"picked":"SKIP","floor":5.0},{"not_picked":["Fusion","Meteor Strike","Compile Driver"],"picked":"SKIP","floor":7.0},{"not_picked":["BootSequence","Conserve Battery"],"picked":"Chill","floor":8.0},{"not_picked":["Recycle","Scrape"],"picked":"Leap","floor":10.0},{"not_picked":["Compile Driver","Meteor Strike","Turbo"],"picked":"SKIP","floor":14.0},{"not_picked":["Creative AI","Amplify"],"picked":"Reboot","floor":16.0},{"not_picked":["Gash","Rebound"],"picked":"Cold Snap","floor":18.0},{"not_picked":["Darkness","Turbo"],"picked":"BootSequence+1","floor":22},{"not_picked":["Rebound+1","Redo","Stack"],"picked":"SKIP","floor":24},{"not_picked":["Reprogram","Scrape"],"picked":"Rebound+1","floor":25},{"not_picked":["Recycle","Coolheaded","Creative AI"],"picked":"Singing Bowl","floor":27},{"not_picked":["Gash","Chaos","Blizzard"],"picked":"Singing Bowl","floor":30},{"not_picked":["Beam Cell+1","Streamline"],"picked":"Leap+1","floor":31}],"player_experience":754285,"relics_obtained":[{"floor":7.0,"key":"Whetstone"},{"floor":9.0,"key":"PreservedInsect"},{"floor":14.0,"key":"Oddly Smooth Stone"},{"floor":25,"key":"Bronze Scales"},{"floor":26,"key":"Singing Bowl"},{"floor":27,"key":"Gambling Chip"}],"event_choices":[{"damage_healed":0.0,"max_hp_gain":5.0,"max_hp_loss":0.0,"gold_gain":0.0,"event_name":"Big Fish","player_choice":"Donut","floor":3.0,"gold_loss":0.0,"damage_taken":0.0},{"damage_healed":0.0,"max_hp_gain":0.0,"max_hp_loss":6.0,"gold_gain":0.0,"event_name":"Golden Idol","player_choice":"Lose Max HP","floor":4.0,"gold_loss":0.0,"damage_taken":0.0,"relics_obtained":["Golden Idol"]},{"damage_healed":0.0,"max_hp_gain":0.0,"max_hp_loss":0.0,"gold_gain":0.0,"event_name":"Scrap Ooze","player_choice":"Success","floor":12.0,"gold_loss":0.0,"damage_taken":7.0,"relics_obtained":["Ornamental Fan"]},{"damage_healed":0.0,"max_hp_gain":0.0,"max_hp_loss":0.0,"gold_gain":0.0,"cards_transformed":["Strike_B","Defend_B"],"event_name":"Drug Dealer","player_choice":"Became Test Subject","floor":19.0,"gold_loss":0.0,"damage_taken":0.0,"cards_obtained":["Multi-Cast","FTL"]},{"cards_removed":["Strike_B"],"damage_healed":0.0,"max_hp_gain":0.0,"max_hp_loss":0.0,"gold_gain":0.0,"event_name":"Back to Basics","player_choice":"Elegance","floor":20.0,"gold_loss":0.0,"damage_taken":0.0},{"damage_healed":0,"gold_gain":0,"player_choice":"Read","damage_taken":0,"max_hp_gain":0,"max_hp_loss":0,"event_name":"The Library","floor":29,"gold_loss":0,"cards_obtained":["Defragment"]}],"is_beta":false,"boss_relics":[{"not_picked":["Orrery","FrozenCore"],"picked":"Empty Cage"}],"items_purged_floors":[],"is_endless":false,"potions_floor_spawned":[5,7,10,14,18,25,31],"killed_by":"Automaton","ascension_level":13}