{"gold_per_floor":[118,118,132,149,163,196,196,271,296,321,336,2,2,16,16,121,121,136,61,160,170,19,19,36,61,84,6,17,29,29,48,48,152,152,168,180,105,105,205,233,84,84,135,163,163,10,10,26,26,26,26,26,26,57,57],"floor_reached":56,"playtime":6362,"items_purged":["Defend_B"],"score":1225,"play_id":"e49db8d1-b724-4d30-b401-eab6ea427e27","local_time":"20190911043134","is_ascension_mode":false,"campfire_choices":[{"floor":7,"key":"REST"},{"floor":13,"key":"REST"},{"data":"Defragment","floor":15,"key":"SMITH"},{"data":"Heatsinks","floor":23,"key":"SMITH"},{"floor":32,"key":"REST"},{"floor":45,"key":"RECALL"},{"data":"Echo Form","floor":47,"key":"SMITH"},{"data":"Doom and Gloom","floor":49,"key":"SMITH"},{"data":"Static Discharge","floor":52,"key":"SMITH"}],"neow_cost":"NONE","seed_source_timestamp":7558839554091,"circlet_count":0,"master_deck":["Strike_B","Strike_B","Strike_B","Defend_B","Defend_B","Defend_B","Zap+1","Dualcast","Glacier","Heatsinks+1","Conserve Battery","Defragment+1","Leap","Meteor Strike","Static Discharge+1","Coolheaded+1","Leap+1","Auto Shields+1","Creative AI","Amplify+1","Skim+1","Doom and Gloom+1","Echo Form+1","Meteor Strike","Mayhem","Self Repair+1","Double Energy+1"],"relics":["Cracked Core","Juzu Bracelet","Bag of Preparation","Odd Mushroom","Toxic Egg 2","Snecko Eye","Bronze Scales","Pen Nib","Nuclear Battery","FossilizedHelix","Orichalcum","Anchor","Vajra","Blood Vial","Lantern","Bottled Flame"],"potions_floor_usage":[6,16,16,16,28,33,55,55,55],"damage_taken":[{"damage":7,"enemies":"Small Slimes","floor":1,"turns":3},{"damage":0,"enemies":"2 Louse","floor":3,"turns":2},{"damage":1,"enemies":"Jaw Worm","floor":4,"turns":4},{"damage":2,"enemies":"2 Fungi Beasts","floor":5,"turns":3},{"damage":52,"enemies":"Gremlin Nob","floor":6,"turns":8},{"damage":3,"enemies":"The Mushroom Lair","floor":10,"turns":5},{"damage":5,"enemies":"3 Louse","floor":11,"turns":4},{"damage":1,"enemies":"Looter","floor":14,"turns":4},{"damage":4,"enemies":"Hexaghost","floor":16,"turns":15},{"damage":0,"enemies":"Chosen","floor":18,"turns":3},{"damage":6,"enemies":"3 Byrds","floor":21,"turns":5},{"damage":0,"enemies":"Snecko","floor":24,"turns":4},{"damage":12,"enemies":"Slavers","floor":25,"turns":5},{"damage":10,"enemies":"Centurion and Healer","floor":28,"turns":3},{"damage":18,"enemies":"Shelled Parasite and Fungi","floor":29,"turns":3},{"damage":0,"enemies":"Snecko","floor":31,"turns":4},{"damage":36,"enemies":"Collector","floor":33,"turns":10},{"damage":5,"enemies":"Orb Walker","floor":35,"turns":3},{"damage":3,"enemies":"3 Darklings","floor":36,"turns":3},{"damage":0,"enemies":"Mind Bloom Boss Battle","floor":39,"turns":5},{"damage":13,"enemies":"Reptomancer","floor":40,"turns":6},{"damage":6,"enemies":"Nemesis","floor":44,"turns":3},{"damage":0,"enemies":"Maw","floor":48,"turns":4},{"damage":0,"enemies":"Donu and Deca","floor":50,"turns":5},{"damage":7,"enemies":"Shield and Spear","floor":54,"turns":3},{"damage":48,"enemies":"The Heart","floor":55,"turns":8}],"seed_played":"-2799059809763179226","potions_obtained":[{"floor":3,"key":"Block Potion"},{"floor":4,"key":"Energy Potion"},{"floor":6,"key":"Weak Potion"},{"floor":10,"key":"EssenceOfSteel"},{"floor":16,"key":"Ancient Potion"},{"floor":18,"key":"Strength Potion"},{"floor":25,"key":"Swift Potion"},{"floor":36,"key":"LiquidBronze"},{"floor":39,"key":"FocusPotion"},{"floor":54,"key":"EssenceOfSteel"}],"is_trial":false,"path_per_floor":["M","?","M","M","M","E","R","?","T","?","M","$","R","M","R","B",null,"M","?","?","M","$","R","M","E","T","$","M","M","?","M","R","B",null,"M","M","$","?","?","E","$","?","T","E","R","$","R","M","R","B",null,"R","$","E","B",null],"character_chosen":"DEFECT","items_purchased":["Toxic Egg 2","Coolheaded+1","Leap+1","Bronze Scales","Skim+1","Anchor","Lantern"],"campfire_rested":3,"item_purchase_floors":[12,12,12,22,27,41,46],"current_hp_per_floor":[75,75,75,74,72,20,44,33,33,30,25,25,49,48,48,44,82,82,82,82,76,76,76,76,64,64,64,54,36,36,36,60,24,82,77,74,74,74,74,61,61,61,61,55,55,55,55,57,57,69,82,82,82,82,44],"gold":57,"neow_bonus":"TEN_PERCENT_HP_BONUS","is_prod":false,"is_daily":false,"chose_seed":false,"campfire_upgraded":5,"win_rate":0,"timestamp":1568169094,"path_taken":["M","?","M","M","M","E","R","?","T","?","M","$","R","M","R","BOSS","M","?","?","M","$","R","M","E","T","$","M","M","?","M","R","BOSS","M","M","$","?","?","E","$","?","T","E","R","?","R","M","R","BOSS","R","$","E","BOSS"],"build_version":"2019-07-17","purchased_purges":1,"victory":true,"max_hp_per_floor":[82,82,82,82,82,82,82,82,82,82,82,82,82,82,82,82,82,82,82,82,82,82,82,82,82,82,82,82,82,82,82,82,82,82,82,82,82,82,82,82,82,82,82,82,82,82,82,82,82,82,82,82,82,82,82],"card_choices":[{"not_picked":["Leap","Chill"],"picked":"Glacier","floor":1},{"not_picked":["Leap","Glacier"],"picked":"Heatsinks","floor":3},{"not_picked":["Steam","Loop"],"picked":"Conserve Battery","floor":4},{"not_picked":["Genetic Algorithm","Gash"],"picked":"Defragment","floor":5},{"not_picked":["Sunder","Streamline"],"picked":"Leap","floor":6},{"not_picked":["Hello World","Stack"],"picked":"Meteor Strike","floor":10},{"not_picked":["Undo","Steam"],"picked":"Static Discharge","floor":11},{"not_picked":["Lockon","Cold Snap"],"picked":"Auto Shields+1","floor":14},{"not_picked":["Amplify+1","Biased Cognition"],"picked":"Creative AI","floor":16},{"not_picked":["Cold Snap","Stack+1","Beam Cell"],"picked":"SKIP","floor":18},{"not_picked":["Ball Lightning+1","Redo+1","Undo+1"],"picked":"SKIP","floor":21},{"not_picked":["Stack+1","Cold Snap","Redo+1"],"picked":"SKIP","floor":24},{"not_picked":["Conserve Battery+1","Cold Snap+1"],"picked":"Amplify+1","floor":25},{"not_picked":["Redo+1","Blizzard","Lockon"],"picked":"SKIP","floor":28},{"not_picked":["Storm+1","Chill+1"],"picked":"Doom and Gloom","floor":29},{"not_picked":["Beam Cell","Streamline"],"picked":"Loop","floor":31},{"not_picked":["Core Surge","Thunder Strike"],"picked":"Echo Form","floor":33},{"not_picked":["Rebound+1","Turbo+1","Coolheaded+1"],"picked":"SKIP","floor":35},{"not_picked":["Auto Shields+1","Coolheaded+1","Sweeping Beam+1"],"picked":"SKIP","floor":36},{"not_picked":["Machine Learning","Coolheaded+1"],"picked":"Meteor Strike","floor":40},{"not_picked":["Good Instincts+1","Deep Breath+1"],"picked":"Mayhem","floor":42},{"not_picked":["Leap+1","BootSequence+1","Reprogram+1"],"picked":"SKIP","floor":44},{"not_picked":["Streamline+1","Sweeping Beam+1"],"picked":"Self Repair+1","floor":48},{"not_picked":["Stack+1","Aggregate+1"],"picked":"Double Energy+1","floor":54}],"player_experience":877159,"relics_obtained":[{"floor":6,"key":"Juzu Bracelet"},{"floor":9,"key":"Bag of Preparation"},{"floor":10,"key":"Odd Mushroom"},{"floor":25,"key":"Pen Nib"},{"floor":39,"key":"FossilizedHelix"},{"floor":40,"key":"Orichalcum"},{"floor":43,"key":"Vajra"},{"floor":44,"key":"Blood Vial"},{"floor":54,"key":"Bottled Flame"}],"event_choices":[{"damage_healed":0,"gold_gain":0,"player_choice":"Grow","damage_taken":0,"max_hp_gain":0,"max_hp_loss":0,"event_name":"Living Wall","floor":2,"gold_loss":0,"cards_upgraded":["Zap"]},{"damage_healed":0,"gold_gain":75,"player_choice":"Gather Gold","damage_taken":11,"max_hp_gain":0,"max_hp_loss":0,"event_name":"World of Goop","floor":8,"gold_loss":0},{"damage_healed":0,"gold_gain":0,"player_choice":"Fought Mushrooms","damage_taken":0,"max_hp_gain":0,"max_hp_loss":0,"event_name":"Mushrooms","floor":10,"gold_loss":0},{"cards_removed":["Strike_B"],"damage_healed":0,"gold_gain":0,"player_choice":"Gave Gold","damage_taken":0,"max_hp_gain":0,"max_hp_loss":0,"event_name":"Beggar","floor":19,"gold_loss":75},{"damage_healed":0,"gold_gain":99,"player_choice":"Stole From Cult","damage_taken":0,"max_hp_gain":0,"max_hp_loss":0,"event_name":"Nest","floor":20,"gold_loss":0},{"damage_healed":0,"gold_gain":0,"player_choice":"Ignored","damage_taken":0,"max_hp_gain":0,"max_hp_loss":0,"event_name":"Ghosts","floor":30,"gold_loss":0},{"cards_removed":["Loop"],"damage_healed":0,"gold_gain":0,"player_choice":"Removed Power","damage_taken":0,"max_hp_gain":0,"max_hp_loss":0,"event_name":"Falling","floor":38,"gold_loss":0},{"damage_healed":0,"gold_gain":0,"player_choice":"Fight","damage_taken":0,"max_hp_gain":0,"max_hp_loss":0,"event_name":"MindBloom","floor":39,"gold_loss":0},{"damage_healed":0,"gold_gain":0,"player_choice":"Memory 1","damage_taken":0,"max_hp_gain":0,"max_hp_loss":0,"event_name":"SensoryStone","floor":42,"gold_loss":0}],"is_beta":false,"boss_relics":[{"not_picked":["Velvet Choker","Sozu"],"picked":"Snecko Eye"},{"not_picked":["Pandora\u0027s Box","Fusion Hammer"],"picked":"Nuclear Battery"}],"items_purged_floors":[37],"is_endless":false,"potions_floor_spawned":[3,4,6,10,16,18,25,36,39,40,54],"ascension_level":0}