{"gold_per_floor":[411,168,187,24,24,24,52,70,70,81,107,107,182,182],"floor_reached":14,"playtime":867,"items_purged":[],"score":152,"play_id":"8b75f57e-a8e8-4ad8-9576-6b578e0b9e7a","local_time":"20190824204015","is_ascension_mode":true,"campfire_choices":[{"data":"Apotheosis","floor":6.0,"key":"SMITH"},{"data":"Body Slam","floor":12,"key":"SMITH"}],"neow_cost":"TEN_PERCENT_HP_LOSS","seed_source_timestamp":933043435704751,"circlet_count":0,"master_deck":["AscendersBane","Strike_R","Strike_R","Strike_R","Strike_R","Strike_R","Defend_R","Defend_R","Defend_R","Defend_R","Bash","Body Slam+1","Inflame","Apotheosis+1","Body Slam+1","Seeing Red","Pommel Strike+1","Warcry+1"],"special_seed":0,"relics":["Burning Blood","Old Coin","Molten Egg 2","Question Card","Toxic Egg 2","Vajra"],"potions_floor_usage":[10,11,11],"damage_taken":[{"damage":11.0,"enemies":"Jaw Worm","floor":1.0,"turns":5.0},{"damage":6.0,"enemies":"Small Slimes","floor":3.0,"turns":5.0},{"damage":30.0,"enemies":"Gremlin Nob","floor":7.0,"turns":4.0},{"damage":9.0,"enemies":"2 Louse","floor":8.0,"turns":4.0},{"damage":4,"enemies":"Exordium Wildlife","floor":10,"turns":5},{"damage":9,"enemies":"Lagavulin","floor":11,"turns":7},{"damage":28,"enemies":"Exordium Thugs","floor":14,"turns":3}],"seed_played":"-1630705406999739989","potions_obtained":[{"floor":3.0,"key":"Dexterity Potion"},{"floor":8.0,"key":"Weak Potion"},{"floor":10,"key":"SpeedPotion"}],"is_trial":false,"path_per_floor":["M","$","M","$","?","R","E","M","T","M","E","R","?","M"],"character_chosen":"IRONCLAD","items_purchased":["Molten Egg 2","Apotheosis"],"campfire_rested":0,"item_purchase_floors":[2,4],"current_hp_per_floor":[67,67,67,67,67,67,43,40,40,42,39,39,28,0],"gold":182,"neow_bonus":"ONE_RARE_RELIC","is_prod":false,"is_daily":false,"chose_seed":false,"campfire_upgraded":2,"win_rate":0,"timestamp":1566697215,"path_taken":["M","$","M","$","?","R","E","M","T","M","E","R","?","M"],"build_version":"2019-07-17","purchased_purges":0,"victory":false,"max_hp_per_floor":[72,72,72,72,72,72,72,72,72,72,72,72,72,72],"card_choices":[{"not_picked":["Headbutt","Warcry"],"picked":"Body Slam","floor":1.0},{"not_picked":["Power Through","Battle Trance"],"picked":"Inflame","floor":3.0},{"not_picked":["Uppercut+1","Anger+1"],"picked":"Body Slam+1","floor":7.0},{"not_picked":["Sword Boomerang+1","Anger+1","Blood for Blood+1"],"picked":"Seeing Red","floor":8.0},{"not_picked":["Wild Strike+1","Blood for Blood+1","Flame Barrier+1"],"picked":"Pommel Strike+1","floor":10},{"not_picked":["Uppercut+1","Juggernaut","Sword Boomerang+1"],"picked":"Warcry+1","floor":11}],"player_experience":860243,"relics_obtained":[{"floor":7.0,"key":"Question Card"},{"floor":9.0,"key":"Toxic Egg 2"},{"floor":11,"key":"Vajra"}],"event_choices":[{"damage_healed":0.0,"max_hp_gain":0.0,"max_hp_loss":0.0,"gold_gain":0.0,"event_name":"Liars Game","player_choice":"Ignored","floor":5.0,"gold_loss":0.0,"damage_taken":0.0},{"damage_healed":0,"gold_gain":75,"player_choice":"Gather Gold","damage_taken":11,"max_hp_gain":0,"max_hp_loss":0,"event_name":"World of Goop","floor":13,"gold_loss":0}],"is_beta":false,"boss_relics":[],"items_purged_floors":[],"is_endless":false,"potions_floor_spawned":[3,8,10],"killed_by":"Exordium Thugs","ascension_level":11}