{"gold_per_floor":[111,128,78,78,29,29,59,59,59,59,59,76,103,114,114,114],"floor_reached":16,"playtime":1215,"items_purged":[],"score":167,"play_id":"477bdf00-23d9-42e5-ae27-489c03165bcb","local_time":"20190824175501","is_ascension_mode":true,"campfire_choices":[{"data":"Armaments","floor":6.0,"key":"SMITH"},{"data":"Pommel Strike","floor":8.0,"key":"SMITH"},{"data":"Bash","floor":10.0,"key":"SMITH"},{"floor":15,"key":"REST"}],"neow_cost":"PERCENT_DAMAGE","seed_source_timestamp":923096928504261,"circlet_count":0,"master_deck":["AscendersBane","Strike_R","Strike_R","Strike_R","Strike_R","Defend_R","Defend_R","Defend_R","Defend_R","Bash+1","Pommel Strike+1","Armaments+1","Warcry+1","Flex+1","Flex+1"],"special_seed":0,"relics":["Burning Blood","StoneCalendar","Self Forming Clay","Toxic Egg 2","Ornamental Fan"],"potions_floor_usage":[13,16,16],"damage_taken":[{"damage":11.0,"enemies":"Small Slimes","floor":1.0,"turns":5.0},{"damage":7.0,"enemies":"Jaw Worm","floor":2.0,"turns":3.0},{"damage":45.0,"enemies":"3 Sentries","floor":7.0,"turns":7.0},{"damage":0.0,"enemies":"2 Louse","floor":12.0,"turns":4.0},{"damage":22,"enemies":"Gremlin Nob","floor":13,"turns":4},{"damage":3,"enemies":"Blue Slaver","floor":14,"turns":3},{"damage":75,"enemies":"Hexaghost","floor":16,"turns":11}],"seed_played":"-8058981350463794970","potions_obtained":[{"floor":1.0,"key":"SneckoOil"},{"floor":2.0,"key":"BloodPotion"},{"floor":12.0,"key":"SkillPotion"},{"floor":14,"key":"Fire Potion"}],"is_trial":false,"path_per_floor":["M","M","?","?","$","R","E","R","T","R","$","M","E","M","R","B"],"character_chosen":"IRONCLAD","items_purchased":["Armaments"],"campfire_rested":1,"item_purchase_floors":[5],"current_hp_per_floor":[46,45,45,71,71,71,52,52,52,52,52,58,42,45,69,0],"gold":114,"neow_bonus":"ONE_RARE_RELIC","is_prod":false,"is_daily":false,"chose_seed":false,"campfire_upgraded":3,"win_rate":0,"timestamp":1566687301,"path_taken":["M","M","?","?","$","R","E","R","T","R","?","M","E","M","R","BOSS"],"build_version":"2019-07-17","purchased_purges":0,"victory":false,"max_hp_per_floor":[80,80,80,80,80,80,80,80,80,80,80,80,80,80,80,80],"card_choices":[{"not_picked":["Intimidate","Clothesline"],"picked":"Pommel Strike","floor":1.0},{"not_picked":["True Grit","Metallicize","Fire Breathing"],"picked":"SKIP","floor":2.0},{"not_picked":["Headbutt","Thunderclap","Bloodletting"],"picked":"SKIP","floor":7.0},{"not_picked":["Rampage","Combust"],"picked":"Warcry+1","floor":12.0},{"not_picked":["Clash","Blood for Blood"],"picked":"Flex+1","floor":13},{"not_picked":["Havoc+1","Armaments+1"],"picked":"Flex+1","floor":14}],"player_experience":851044,"relics_obtained":[{"floor":7.0,"key":"Self Forming Clay"},{"floor":9.0,"key":"Toxic Egg 2"},{"floor":13,"key":"Ornamental Fan"}],"event_choices":[{"cards_removed":["Strike_R"],"damage_healed":0.0,"max_hp_gain":0.0,"max_hp_loss":0.0,"gold_gain":0.0,"event_name":"The Cleric","player_choice":"Card Removal","floor":3.0,"gold_loss":50.0,"damage_taken":0.0},{"damage_healed":26.0,"max_hp_gain":0.0,"max_hp_loss":0.0,"gold_gain":0.0,"event_name":"Big Fish","player_choice":"Banana","floor":4.0,"gold_loss":0.0,"damage_taken":0.0}],"is_beta":false,"boss_relics":[],"items_purged_floors":[],"is_endless":false,"potions_floor_spawned":[1,2,12,14],"killed_by":"Hexaghost","ascension_level":11}