{"gold_per_floor":[17,17,42,61,61,61,61,61,87,3,53,72,72,92,92,92],"floor_reached":16,"playtime":520,"items_purged":[],"score":171,"play_id":"fd28f4d7-5199-4f46-8752-c4d0a46e54fc","local_time":"20190908064806","is_ascension_mode":true,"campfire_choices":[{"data":"Dark Embrace","floor":6.0,"key":"SMITH"},{"data":"Second Wind","floor":8.0,"key":"SMITH"},{"floor":15.0,"key":"REST"}],"neow_cost":"NO_GOLD","seed_source_timestamp":159533827252667,"circlet_count":0,"master_deck":["AscendersBane","Strike_R","Strike_R","Strike_R","Strike_R","Strike_R","Defend_R","Defend_R","Defend_R","Bash","Dark Embrace+1","Second Wind+1","Feel No Pain","True Grit"],"special_seed":0,"relics":["Burning Blood","Golden Idol","Bag of Marbles","Mercury Hourglass"],"potions_floor_usage":[16],"damage_taken":[{"damage":7.0,"enemies":"Jaw Worm","floor":1.0,"turns":3.0},{"damage":4.0,"enemies":"2 Louse","floor":3.0,"turns":3.0},{"damage":2.0,"enemies":"Cultist","floor":4.0,"turns":4.0},{"damage":17.0,"enemies":"3 Louse","floor":12.0,"turns":6.0},{"damage":15.0,"enemies":"Large Slime","floor":14.0,"turns":6.0},{"damage":57,"enemies":"Slime Boss","floor":16,"turns":10}],"seed_played":"6835880525579628279","potions_obtained":[{"floor":4.0,"key":"Strength Potion"},{"floor":12.0,"key":"Weak Potion"}],"is_trial":false,"path_per_floor":["M","?","M","M","$","R","?","R","T","$","?","M","?","M","R","B"],"character_chosen":"IRONCLAD","items_purchased":["Feel No Pain"],"campfire_rested":1,"item_purchase_floors":[10],"current_hp_per_floor":[67,67,68,68,68,68,68,68,68,68,62,51,40,31,51,0],"gold":92,"neow_bonus":"THREE_RARE_CARDS","is_prod":false,"is_daily":false,"chose_seed":false,"campfire_upgraded":2,"win_rate":0,"timestamp":1567943286,"path_taken":["M","?","M","M","$","R","?","R","T","$","?","?","?","M","R","BOSS"],"build_version":"2019-07-17","purchased_purges":0,"victory":false,"max_hp_per_floor":[75,68,68,68,68,68,68,68,68,68,68,68,68,68,68,68],"card_choices":[{"not_picked":["Demon Form","Impervious"],"picked":"Dark Embrace","floor":0.0},{"not_picked":["Perfected Strike","Blood for Blood","Dual Wield"],"picked":"SKIP","floor":1.0},{"not_picked":["True Grit","Havoc"],"picked":"Second Wind","floor":3.0},{"not_picked":["Clash","Rampage","Clothesline"],"picked":"SKIP","floor":4.0},{"not_picked":["Twin Strike","Anger"],"picked":"True Grit","floor":12.0},{"not_picked":["Anger","Whirlwind","Headbutt"],"picked":"SKIP","floor":14.0}],"player_experience":1139067,"relics_obtained":[{"floor":9.0,"key":"Bag of Marbles"}],"event_choices":[{"damage_healed":0.0,"max_hp_gain":0.0,"max_hp_loss":7.0,"gold_gain":0.0,"event_name":"Golden Idol","player_choice":"Lose Max HP","floor":2.0,"gold_loss":0.0,"damage_taken":0.0,"relics_obtained":["Golden Idol"]},{"cards_removed":["Defend_R"],"damage_healed":0.0,"max_hp_gain":0.0,"max_hp_loss":0.0,"gold_gain":0.0,"event_name":"Living Wall","player_choice":"Forget","floor":7.0,"gold_loss":0.0,"damage_taken":0.0},{"damage_healed":0.0,"max_hp_gain":0.0,"max_hp_loss":0.0,"gold_gain":50.0,"event_name":"FaceTrader","player_choice":"Touch","floor":11.0,"gold_loss":0.0,"damage_taken":6.0},{"damage_healed":0.0,"max_hp_gain":0.0,"max_hp_loss":0.0,"gold_gain":0.0,"event_name":"Scrap Ooze","player_choice":"Success","floor":13.0,"gold_loss":0.0,"damage_taken":11.0,"relics_obtained":["Mercury Hourglass"]}],"is_beta":false,"boss_relics":[],"items_purged_floors":[],"is_endless":false,"potions_floor_spawned":[4,12],"killed_by":"Slime Boss","ascension_level":18}