{"gold_per_floor":[110,110,12,32,48,48,83,98,98,116,131,131,131,148,148,243,243,213,213],"floor_reached":19,"playtime":1023,"items_purged":[],"score":232,"play_id":"1787fc0c-9b8d-44e7-a61d-8769b0fbe83d","local_time":"20190909123424","is_ascension_mode":true,"campfire_choices":[{"data":"Coolheaded","floor":6,"key":"SMITH"},{"floor":13,"key":"DIG"},{"floor":15,"key":"REST"}],"neow_cost":"NONE","seed_source_timestamp":228880752880365,"circlet_count":0,"master_deck":["Strike_B","Strike_B","Strike_B","Strike_B","Defend_B","Defend_B","Defend_B","Defend_B","Zap","Dualcast","Cold Snap","Coolheaded+1","Darkness","Tempest","Redo","Electrodynamics","White Noise","Pain","Conserve Battery","Machine Learning","Stack"],"relics":["Cracked Core","NeowsBlessing","Question Card","Ice Cream","Shovel","WarpedTongs","Ancient Tea Set","Runic Pyramid"],"potions_floor_usage":[],"damage_taken":[{"damage":0,"enemies":"Cultist","floor":1,"turns":1},{"damage":0,"enemies":"2 Louse","floor":4,"turns":1},{"damage":0,"enemies":"Small Slimes","floor":5,"turns":1},{"damage":31,"enemies":"Gremlin Nob","floor":7,"turns":5},{"damage":16,"enemies":"Gremlin Gang","floor":8,"turns":7},{"damage":0,"enemies":"Large Slime","floor":10,"turns":5},{"damage":0,"enemies":"Blue Slaver","floor":11,"turns":5},{"damage":11,"enemies":"Looter","floor":14,"turns":4},{"damage":3,"enemies":"Slime Boss","floor":16,"turns":4},{"damage":57,"enemies":"2 Thieves","floor":18,"turns":5},{"damage":20,"enemies":"Shell Parasite","floor":19,"turns":5}],"seed_played":"-1859281724141290083","potions_obtained":[{"floor":5,"key":"Dexterity Potion"},{"floor":10,"key":"Energy Potion"},{"floor":14,"key":"SteroidPotion"},{"floor":16,"key":"Block Potion"}],"is_trial":false,"path_per_floor":["M","?","?","M","M","R","E","M","T","M","M","?","R","M","R","B",null,"M","M"],"character_chosen":"DEFECT","items_purchased":[],"campfire_rested":1,"item_purchase_floors":[],"current_hp_per_floor":[75,75,75,75,75,75,44,28,28,28,28,28,28,17,39,36,75,18,0],"gold":213,"neow_bonus":"THREE_ENEMY_KILL","is_prod":false,"is_daily":false,"chose_seed":false,"campfire_upgraded":1,"win_rate":0,"timestamp":1568046864,"path_taken":["M","?","?","M","?","R","E","M","T","M","M","?","R","?","R","BOSS","M","M"],"build_version":"2019-08-26","purchased_purges":0,"victory":false,"max_hp_per_floor":[75,75,75,75,75,75,75,75,75,75,75,75,75,75,75,75,75,75,75],"card_choices":[{"not_picked":["Hologram","Genetic Algorithm"],"picked":"Cold Snap","floor":1},{"not_picked":["Hologram","Steam","Go for the Eyes"],"picked":"Coolheaded","floor":4},{"not_picked":["Fusion","Stack","Rebound"],"picked":"Darkness","floor":5},{"not_picked":["Coolheaded","Scrape","BootSequence"],"picked":"Tempest","floor":7},{"not_picked":["Barrage","Steam Power","Storm"],"picked":"Redo","floor":8},{"not_picked":["Hologram","Blizzard","Ball Lightning"],"picked":"Electrodynamics","floor":10},{"not_picked":["Reprogram","Chaos","Barrage"],"picked":"White Noise","floor":11},{"not_picked":["Go for the Eyes","Ball Lightning","Stack"],"picked":"Conserve Battery","floor":14},{"not_picked":["Rainbow","Multi-Cast","All For One"],"picked":"Machine Learning","floor":16},{"not_picked":["Beam Cell","Rebound","Conserve Battery"],"picked":"Stack","floor":18}],"player_experience":26215,"relics_obtained":[{"floor":7,"key":"Ice Cream"},{"floor":9,"key":"Shovel"},{"floor":13,"key":"Ancient Tea Set"}],"event_choices":[{"damage_healed":0,"gold_gain":0,"player_choice":"Ignored","damage_taken":0,"max_hp_gain":0,"max_hp_loss":0,"event_name":"Liars Game","floor":2,"gold_loss":0},{"damage_healed":0,"gold_gain":0,"player_choice":"Paid Gold","damage_taken":0,"relics_obtained":["Question Card"],"max_hp_gain":0,"max_hp_loss":0,"event_name":"WeMeetAgain","floor":3,"gold_loss":98},{"damage_healed":0,"gold_gain":0,"player_choice":"Rummage","damage_taken":0,"relics_obtained":["WarpedTongs"],"max_hp_gain":0,"max_hp_loss":0,"event_name":"Accursed Blacksmith","floor":12,"gold_loss":0,"cards_obtained":["Pain"]}],"is_beta":true,"boss_relics":[{"not_picked":["Busted Crown","Sozu"],"picked":"Runic Pyramid"}],"items_purged_floors":[],"is_endless":false,"potions_floor_spawned":[5,10,14,16],"killed_by":"Shell Parasite","ascension_level":1}