{"gold_per_floor":[116,116,116,116,191,216,1,1,25,60,60,72,92,102,102,181,181,194,194,194,33,50,50],"floor_reached":23,"playtime":1415,"items_purged":[],"score":482,"play_id":"9f9e964e-cc3b-40fb-9b14-da1d430f57a6","local_time":"20190829223410","is_ascension_mode":true,"campfire_choices":[{"data":"Noxious Fumes","floor":8.0,"key":"SMITH"},{"data":"Dodge and Roll","floor":11.0,"key":"SMITH"},{"floor":15.0,"key":"REST"}],"neow_cost":"NONE","seed_source_timestamp":1168761847232381,"circlet_count":0,"master_deck":["AscendersBane","Strike_G+1","Strike_G+1","Strike_G+1","Strike_G+1","Defend_G+1","Defend_G+1","Defend_G+1","Defend_G+1","Survivor","Neutralize","Noxious Fumes+1","Dodge and Roll+1","Backstab","Escape Plan","Envenom","Poisoned Stab"],"special_seed":0,"relics":["Ring of the Snake","NeowsBlessing","Orichalcum","ClockworkSouvenir","Centennial Puzzle","Meat on the Bone","Cursed Key","Omamori"],"potions_floor_usage":[],"damage_taken":[{"damage":0.0,"enemies":"2 Louse","floor":1.0,"turns":1.0},{"damage":0.0,"enemies":"Gremlin Nob","floor":6.0,"turns":1.0},{"damage":0.0,"enemies":"3 Sentries","floor":10.0,"turns":1.0},{"damage":0.0,"enemies":"Jaw Worm","floor":12.0,"turns":4.0},{"damage":3.0,"enemies":"Small Slimes","floor":13.0,"turns":5.0},{"damage":1.0,"enemies":"3 Louse","floor":14.0,"turns":3.0},{"damage":38.0,"enemies":"Hexaghost","floor":16.0,"turns":13.0},{"damage":11.0,"enemies":"Spheric Guardian","floor":18.0,"turns":8.0},{"damage":0,"enemies":"Chosen","floor":22,"turns":5},{"damage":64,"enemies":"Gremlin Leader","floor":23,"turns":5}],"seed_played":"8251686329470443305","potions_obtained":[{"floor":1.0,"key":"SteroidPotion"},{"floor":12.0,"key":"FairyPotion"},{"floor":13.0,"key":"GhostInAJar"}],"is_trial":false,"path_per_floor":["M","?","?","?","?","E","$","R","T","E","R","M","M","M","R","B",null,"M","?","?","$","M","E"],"character_chosen":"THE_SILENT","items_purchased":["ClockworkSouvenir","Omamori"],"campfire_rested":1,"item_purchase_floors":[7,21],"current_hp_per_floor":[59,39,39,39,28,28,28,28,28,28,28,40,37,36,55,29,57,46,46,46,46,46,0],"gold":50,"neow_bonus":"THREE_ENEMY_KILL","is_prod":false,"is_daily":false,"chose_seed":false,"campfire_upgraded":2,"win_rate":0,"timestamp":1567136050,"path_taken":["M","?","?","?","?","E","$","R","T","E","R","M","M","M","R","BOSS","M","?","?","$","?","E"],"build_version":"2019-07-17","purchased_purges":0,"victory":false,"max_hp_per_floor":[66,66,66,66,66,66,66,66,66,66,66,66,66,66,66,66,66,66,66,66,66,66,66],"card_choices":[{"not_picked":["Underhanded Strike","All Out Attack","Riddle With Holes"],"picked":"SKIP","floor":1.0},{"not_picked":["Grand Finale","Deadly Poison","Dodge and Roll"],"picked":"SKIP","floor":6.0},{"not_picked":["Deflect","Dagger Spray"],"picked":"Dodge and Roll","floor":10.0},{"not_picked":["Bane","Prepared","Underhanded Strike"],"picked":"SKIP","floor":12.0},{"not_picked":["Dash","Outmaneuver"],"picked":"Backstab","floor":13.0},{"not_picked":["Sucker Punch","Phantasmal Killer"],"picked":"Escape Plan","floor":14.0},{"not_picked":["Adrenaline","Wraith Form v2"],"picked":"Envenom","floor":16.0},{"not_picked":["Dodge and Roll","Flechettes"],"picked":"Poisoned Stab","floor":18.0},{"not_picked":["Quick Slash","Outmaneuver","Prepared"],"picked":"SKIP","floor":22}],"player_experience":987033,"relics_obtained":[{"floor":6.0,"key":"Orichalcum"},{"floor":9.0,"key":"Centennial Puzzle"},{"floor":10.0,"key":"Meat on the Bone"}],"event_choices":[{"damage_healed":0.0,"max_hp_gain":0.0,"max_hp_loss":0.0,"gold_gain":0.0,"event_name":"Shining Light","player_choice":"Entered Light","floor":2.0,"gold_loss":0.0,"damage_taken":20.0,"cards_upgraded":["Defend_G","Strike_G"]},{"damage_healed":0.0,"max_hp_gain":0.0,"max_hp_loss":0.0,"gold_gain":0.0,"cards_transformed":["Strike_G"],"event_name":"Living Wall","player_choice":"Change","floor":3.0,"gold_loss":0.0,"damage_taken":0.0,"cards_obtained":["Noxious Fumes"]},{"damage_healed":0.0,"max_hp_gain":0.0,"max_hp_loss":0.0,"gold_gain":0.0,"event_name":"Liars Game","player_choice":"Ignored","floor":4.0,"gold_loss":0.0,"damage_taken":0.0},{"damage_healed":0.0,"max_hp_gain":0.0,"max_hp_loss":0.0,"gold_gain":75.0,"event_name":"World of Goop","player_choice":"Gather Gold","floor":5.0,"gold_loss":0.0,"damage_taken":11.0},{"damage_healed":0.0,"max_hp_gain":0.0,"max_hp_loss":0.0,"gold_gain":0.0,"event_name":"Back to Basics","player_choice":"Simplicity","floor":19.0,"gold_loss":0.0,"damage_taken":0.0,"cards_upgraded":["Strike_G","Strike_G","Strike_G","Defend_G","Defend_G","Defend_G","Defend_G"]},{"cards_removed":["Defend_G"],"damage_healed":0.0,"max_hp_gain":0.0,"max_hp_loss":0.0,"gold_gain":0.0,"event_name":"Bonfire Elementals","player_choice":"Offered Basic","floor":20.0,"gold_loss":0.0,"damage_taken":0.0}],"is_beta":false,"boss_relics":[{"not_picked":["Philosopher\u0027s Stone","Snecko Eye"],"picked":"Cursed Key"}],"items_purged_floors":[],"is_endless":false,"potions_floor_spawned":[1,12,13],"killed_by":"Gremlin Leader","ascension_level":19}