{"gold_per_floor":[117,9,9,9,24,24,52,66,66,141,155,174,189,224,224,328,328,338,338,350,376,388,421,440,440],"floor_reached":25,"playtime":3781,"items_purged":[],"score":260,"play_id":"b6983632-627f-41ee-aed9-98b567a9eea2","local_time":"20190909192846","is_ascension_mode":false,"campfire_choices":[{"data":"Deep Breath","floor":6.0,"key":"SMITH"},{"data":"ThirdEye","floor":15.0,"key":"SMITH"}],"neow_cost":"NONE","seed_source_timestamp":0,"circlet_count":0,"master_deck":["Strike_P","Strike_P","Strike_P","Defend_P+1","Defend_P","Defend_P+1","Eruption","Vigilance","Fasting","Deep Breath+1","Crescendo","Crescendo","ThirdEye+1","Protect","FollowUp","Weave","Vault","DeceiveReality","EmptyFist","Brilliance","CutThroughFate","Collect+1","CleanseEvil+1","WindmillStrike","Sanctity"],"special_seed":0,"relics":["PureWater","NeowsBlessing","Torii","Gremlin Horn","Lizard Tail","SlaversCollar","War Paint","Bag of Marbles"],"potions_floor_usage":[],"damage_taken":[{"damage":0.0,"enemies":"2 Louse","floor":1.0,"turns":1.0},{"damage":0.0,"enemies":"Small Slimes","floor":5.0,"turns":1.0},{"damage":0.0,"enemies":"Lagavulin","floor":7.0,"turns":1.0},{"damage":1.0,"enemies":"Jaw Worm","floor":8.0,"turns":4.0},{"damage":1.0,"enemies":"Large Slime","floor":11.0,"turns":3.0},{"damage":0.0,"enemies":"Lots of Slimes","floor":12.0,"turns":3.0},{"damage":12.0,"enemies":"Exordium Thugs","floor":13.0,"turns":4.0},{"damage":9.0,"enemies":"3 Sentries","floor":14.0,"turns":7.0},{"damage":58.0,"enemies":"Slime Boss","floor":16.0,"turns":13.0},{"damage":13.0,"enemies":"3 Byrds","floor":18.0,"turns":9.0},{"damage":1.0,"enemies":"Chosen","floor":20.0,"turns":5.0},{"damage":13.0,"enemies":"Snake Plant","floor":22.0,"turns":9.0},{"damage":18.0,"enemies":"Book of Stabbing","floor":23.0,"turns":6.0},{"damage":15.0,"enemies":"Centurion and Healer","floor":24.0,"turns":5.0},{"damage":19,"enemies":"3 Cultists","floor":25,"turns":2}],"seed_played":"-8451364086911780706","potions_obtained":[{"floor":1.0,"key":"Energy Potion"},{"floor":11.0,"key":"Strength Potion"},{"floor":14.0,"key":"DuplicationPotion"},{"floor":16.0,"key":"Poison Potion"},{"floor":20.0,"key":"PowerPotion"}],"is_trial":false,"path_per_floor":["M","$","?","?","M","R","E","M","T","?","M","M","M","E","R","B",null,"M","?","M","T","M","E","M","M"],"character_chosen":"WATCHER","items_purchased":["Deep Breath","Crescendo"],"campfire_rested":0,"item_purchase_floors":[2,2],"current_hp_per_floor":[65,65,65,70,70,70,70,69,69,58,57,57,45,36,36,21,70,57,57,56,56,43,25,10,0],"gold":440,"neow_bonus":"THREE_ENEMY_KILL","is_prod":false,"is_daily":false,"chose_seed":false,"campfire_upgraded":2,"win_rate":0.0,"timestamp":1568071726,"path_taken":["M","$","?","?","M","R","E","M","T","?","?","M","M","E","R","BOSS","M","?","?","?","?","E","M","M"],"build_version":"2019-09-09","purchased_purges":0,"victory":false,"max_hp_per_floor":[65,65,65,70,70,70,70,70,70,70,70,70,70,70,70,70,70,70,70,70,70,70,70,70,70],"card_choices":[{"not_picked":["Establishment","Vengeance"],"picked":"Fasting","floor":1.0},{"not_picked":["BowlingBash","Halt"],"picked":"ThirdEye","floor":5.0},{"not_picked":["Omniscience","CrushJoints"],"picked":"Protect","floor":7.0},{"not_picked":["Sanctity","Halt"],"picked":"FollowUp","floor":8.0},{"not_picked":["Sanctity","Consecrate"],"picked":"Weave","floor":11.0},{"not_picked":["EmptyMind","CutThroughFate"],"picked":"Vault","floor":12.0},{"not_picked":["FlyingSleeves","Sanctity"],"picked":"DeceiveReality","floor":13.0},{"not_picked":["Weave","Consecrate"],"picked":"EmptyFist","floor":14.0},{"not_picked":["DeusExMachina","SignatureMove"],"picked":"Brilliance","floor":16.0},{"not_picked":["Halt","SandsOfTime"],"picked":"CutThroughFate","floor":18.0},{"not_picked":["CrushJoints","Protect+1"],"picked":"Collect+1","floor":20.0},{"not_picked":["ThirdEye","Consecrate+1"],"picked":"CleanseEvil+1","floor":22.0},{"not_picked":["FlurryOfBlows","EmptyFist+1"],"picked":"WindmillStrike","floor":23.0},{"not_picked":["FollowUp","Perseverance"],"picked":"Sanctity","floor":24.0}],"player_experience":32209,"relics_obtained":[{"floor":7.0,"key":"Torii"},{"floor":9.0,"key":"Gremlin Horn"},{"floor":14.0,"key":"Lizard Tail"},{"floor":21.0,"key":"War Paint"},{"floor":23.0,"key":"Bag of Marbles"}],"event_choices":[{"damage_healed":0.0,"max_hp_gain":0.0,"max_hp_loss":0.0,"gold_gain":0.0,"cards_transformed":["Strike_P"],"event_name":"Living Wall","player_choice":"Change","floor":3.0,"gold_loss":0.0,"damage_taken":0.0,"cards_obtained":["Crescendo"]},{"damage_healed":0.0,"max_hp_gain":5.0,"max_hp_loss":0.0,"gold_gain":0.0,"event_name":"Big Fish","player_choice":"Donut","floor":4.0,"gold_loss":0.0,"damage_taken":0.0},{"damage_healed":0.0,"max_hp_gain":0.0,"max_hp_loss":0.0,"gold_gain":75.0,"event_name":"World of Goop","player_choice":"Gather Gold","floor":10.0,"gold_loss":0.0,"damage_taken":11.0},{"cards_removed":["Defend_P"],"damage_healed":0.0,"max_hp_gain":0.0,"max_hp_loss":0.0,"gold_gain":0.0,"event_name":"Purifier","player_choice":"Purged","floor":19.0,"gold_loss":0.0,"damage_taken":0.0}],"is_beta":true,"boss_relics":[{"not_picked":["Calling Bell","Runic Pyramid"],"picked":"SlaversCollar"}],"items_purged_floors":[],"is_endless":false,"potions_floor_spawned":[1,11,14,16,20],"killed_by":"3 Cultists","ascension_level":0}