{"gold_per_floor":[109,122,3,16,1,31,51,51,74,89,106,106,116,128,128,128],"floor_reached":16,"playtime":1220,"items_purged":[],"score":108,"play_id":"392444c4-07c1-4772-b93c-2ce9d77adc15","local_time":"20190909231433","is_ascension_mode":false,"campfire_choices":[{"floor":12.0,"key":"REST"},{"data":"Omniscience","floor":15.0,"key":"SMITH"}],"neow_cost":"NONE","seed_source_timestamp":266736224436219,"circlet_count":0,"master_deck":["Strike_P","Strike_P","Strike_P","Strike_P","Defend_P","Defend_P","Defend_P","Defend_P","Eruption","Vigilance","ThirdEye","CutThroughFate","Omniscience+1","EmptyMind","EmptyFist","SpiritShield","FearNoEvil","Consecrate","DeusExMachina","EmptyFist","Worship"],"special_seed":0,"relics":["PureWater","NeowsBlessing","Omamori","Strawberry"],"potions_floor_usage":[16],"damage_taken":[{"damage":0.0,"enemies":"Cultist","floor":1.0,"turns":1.0},{"damage":0.0,"enemies":"Small Slimes","floor":2.0,"turns":1.0},{"damage":0.0,"enemies":"Jaw Worm","floor":4.0,"turns":1.0},{"damage":3.0,"enemies":"Exordium Thugs","floor":5.0,"turns":2.0},{"damage":37.0,"enemies":"Lagavulin","floor":6.0,"turns":7.0},{"damage":17.0,"enemies":"Red Slaver","floor":7.0,"turns":6.0},{"damage":4.0,"enemies":"Exordium Wildlife","floor":10.0,"turns":3.0},{"damage":9.0,"enemies":"Large Slime","floor":11.0,"turns":5.0},{"damage":8.0,"enemies":"Exordium Thugs","floor":13.0,"turns":6.0},{"damage":4.0,"enemies":"Gremlin Gang","floor":14.0,"turns":3.0},{"damage":20,"enemies":"Hexaghost","floor":16,"turns":7}],"seed_played":"-326760582670954037","potions_obtained":[{"floor":1.0,"key":"SmokeBomb"},{"floor":4.0,"key":"SmokeBomb"},{"floor":10.0,"key":"Strength Potion"},{"floor":13.0,"key":"Fruit Juice"},{"floor":14.0,"key":"Strength Potion"}],"is_trial":false,"path_per_floor":["M","M","$","M","M","E","M","$","T","M","M","R","M","M","R","B"],"character_chosen":"WATCHER","items_purchased":["Omniscience","EmptyMind"],"campfire_rested":1,"item_purchase_floors":[3,3],"current_hp_per_floor":[65,65,65,65,62,25,8,8,15,11,2,23,20,16,16,0],"gold":128,"neow_bonus":"THREE_ENEMY_KILL","is_prod":false,"is_daily":false,"chose_seed":false,"campfire_upgraded":1,"win_rate":0.0,"timestamp":1568085273,"path_taken":["M","M","$","M","M","E","M","$","T","M","M","R","M","?","R","BOSS"],"build_version":"2019-09-09","purchased_purges":0,"victory":false,"max_hp_per_floor":[65,65,65,65,65,65,65,65,72,72,72,72,77,77,77,77],"card_choices":[{"not_picked":["Tantrum","EmptyMind"],"picked":"ThirdEye","floor":1.0},{"not_picked":["ClearTheMind","FlyingSleeves"],"picked":"CutThroughFate","floor":2.0},{"not_picked":["EmptyMind","Crescendo"],"picked":"EmptyFist","floor":4.0},{"not_picked":["Halt","EmptyBody"],"picked":"SpiritShield","floor":6.0},{"not_picked":["StepAndStrike","DeceiveReality"],"picked":"FearNoEvil","floor":7.0},{"not_picked":["Devotion","Collect"],"picked":"Consecrate","floor":10.0},{"not_picked":["FlyingSleeves","CutThroughFate"],"picked":"DeusExMachina","floor":11.0},{"not_picked":["WreathOfFlame","EmptyMind"],"picked":"EmptyFist","floor":13.0},{"not_picked":["Halt","Crescendo"],"picked":"Worship","floor":14.0}],"player_experience":46817,"relics_obtained":[{"floor":6.0,"key":"Omamori"},{"floor":9.0,"key":"Strawberry"}],"event_choices":[],"is_beta":true,"boss_relics":[],"items_purged_floors":[],"is_endless":false,"potions_floor_spawned":[1,4,10,13,14],"killed_by":"Hexaghost","ascension_level":0}