{"gold_per_floor":[116,36,55,55,73,73,92,92,92,92,109,32,32],"floor_reached":13,"playtime":400,"items_purged":[],"score":131,"play_id":"51f043f2-13da-411f-852c-6538886f1095","local_time":"20190831211713","is_ascension_mode":true,"campfire_choices":[{"data":"Genetic Algorithm","floor":6,"key":"SMITH"},{"data":"Fusion","floor":8,"key":"SMITH"},{"data":"Redo","floor":10,"key":"SMITH"}],"neow_cost":"NONE","seed_source_timestamp":1252757344921520,"circlet_count":0,"master_deck":["AscendersBane","Strike_B","Strike_B","Strike_B","Strike_B","Defend_B","Defend_B","Defend_B","Zap","Dualcast","Fusion+1","Genetic Algorithm+1","Redo+1","Auto Shields","Leap","Sunder","Defragment"],"relics":["Cracked Core","NeowsBlessing","Cables"],"potions_floor_usage":[11],"damage_taken":[{"damage":0,"enemies":"2 Louse","floor":1,"turns":1},{"damage":0,"enemies":"Small Slimes","floor":3,"turns":1},{"damage":0,"enemies":"Jaw Worm","floor":5,"turns":1},{"damage":24,"enemies":"3 Louse","floor":7,"turns":6},{"damage":14,"enemies":"Exordium Wildlife","floor":11,"turns":4},{"damage":21,"enemies":"Exordium Thugs","floor":13,"turns":2}],"seed_played":"4328015311184501424","potions_obtained":[{"floor":1,"key":"Fire Potion"},{"floor":3,"key":"Energy Potion"}],"is_trial":false,"path_per_floor":["M","$","M","?","M","R","M","R","T","R","M","$","M"],"character_chosen":"DEFECT","items_purchased":["Genetic Algorithm","Defragment"],"campfire_rested":0,"item_purchase_floors":[2,12],"current_hp_per_floor":[64,64,64,57,57,57,33,33,33,33,19,19,0],"gold":32,"neow_bonus":"THREE_ENEMY_KILL","is_prod":false,"is_daily":false,"chose_seed":false,"campfire_upgraded":3,"win_rate":0,"timestamp":1567304233,"path_taken":["M","$","M","?","M","R","M","R","T","R","M","$","M"],"build_version":"2019-07-17","purchased_purges":0,"victory":false,"max_hp_per_floor":[71,71,71,71,71,71,71,71,71,71,71,71,71],"card_choices":[{"not_picked":["Steam","Turbo"],"picked":"Fusion","floor":1},{"not_picked":["Compile Driver","Static Discharge"],"picked":"Redo","floor":3},{"not_picked":["Sweeping Beam","Conserve Battery"],"picked":"Auto Shields","floor":5},{"not_picked":["Steam","Ball Lightning"],"picked":"Leap","floor":7},{"not_picked":["Thunder Strike","White Noise"],"picked":"Sunder","floor":11}],"player_experience":1023419,"relics_obtained":[{"floor":9,"key":"Cables"}],"event_choices":[{"cards_removed":["Defend_B"],"damage_healed":0,"gold_gain":0,"player_choice":"Card Removal","damage_taken":7,"max_hp_gain":0,"max_hp_loss":0,"event_name":"Golden Wing","floor":4,"gold_loss":0}],"is_beta":false,"boss_relics":[],"items_purged_floors":[],"is_endless":false,"potions_floor_spawned":[1,3],"killed_by":"Exordium Thugs","ascension_level":15}