{"gold_per_floor":[362,33,33,53,70,70,395,395,395,411,439,459,459,494,494,596,596,610,192,204,223,86,121,121,121,121,133,133,150,185,208,220,333,345,370,382,409,448,188,188,113,141,141,158,158,175,204,304,304,304],"floor_reached":50,"playtime":5916,"items_purged":["Shame","Strike_B","Defend_B"],"score":637,"play_id":"38790f80-439d-4f5e-99a6-5f3cb5df81f0","local_time":"20190911024445","is_ascension_mode":false,"campfire_choices":[{"data":"Zap","floor":6,"key":"SMITH"},{"data":"Dualcast","floor":8,"key":"SMITH"},{"floor":13,"key":"REST"},{"data":"Defragment","floor":15,"key":"SMITH"},{"data":"Creative AI","floor":25,"key":"SMITH"},{"data":"Self Repair","floor":28,"key":"SMITH"},{"data":"Heatsinks","floor":32,"key":"SMITH"},{"floor":40,"key":"RECALL"},{"data":"Barrage","floor":45,"key":"SMITH"},{"data":"Capacitor","floor":49,"key":"SMITH"}],"neow_cost":"CURSE","seed_source_timestamp":1621919707937,"circlet_count":0,"master_deck":["Strike_B","Strike_B","Strike_B","Defend_B","Defend_B","Defend_B","Zap+1","Dualcast+1","Cold Snap","Defragment+1","Doom and Gloom","Go for the Eyes","Consume","Glacier","All For One","FTL","Self Repair+1","BootSequence","Conserve Battery","Electrodynamics","Loop","Heatsinks+1","Creative AI+1","Gash+1","Beam Cell","Apotheosis","Capacitor+1","Barrage+1","Gash","Self Repair"],"relics":["Cracked Core","Vajra","Old Coin","Unceasing Top","Gremlin Horn","Incense Burner","Sozu","Mercury Hourglass","Happy Flower","Mango","MawBank","Nuclear Battery","Pen Nib","Potion Belt","Ancient Tea Set","Pocketwatch","Gambling Chip"],"potions_floor_usage":[7,11,16,16,33],"damage_taken":[{"damage":0,"enemies":"Cultist","floor":1,"turns":4},{"damage":1,"enemies":"2 Louse","floor":3,"turns":2},{"damage":1,"enemies":"Jaw Worm","floor":4,"turns":2},{"damage":5,"enemies":"Looter","floor":5,"turns":3},{"damage":28,"enemies":"Gremlin Nob","floor":7,"turns":5},{"damage":13,"enemies":"Exordium Wildlife","floor":10,"turns":2},{"damage":4,"enemies":"3 Sentries","floor":11,"turns":5},{"damage":8,"enemies":"Large Slime","floor":12,"turns":4},{"damage":6,"enemies":"Gremlin Nob","floor":14,"turns":4},{"damage":15,"enemies":"The Guardian","floor":16,"turns":8},{"damage":0,"enemies":"Spheric Guardian","floor":18,"turns":3},{"damage":0,"enemies":"Chosen","floor":20,"turns":4},{"damage":4,"enemies":"Centurion and Healer","floor":21,"turns":5},{"damage":8,"enemies":"Book of Stabbing","floor":23,"turns":6},{"damage":32,"enemies":"3 Cultists","floor":27,"turns":5},{"damage":18,"enemies":"Shelled Parasite and Fungi","floor":29,"turns":15},{"damage":7,"enemies":"Slavers","floor":30,"turns":3},{"damage":13,"enemies":"Snecko","floor":31,"turns":4},{"damage":27,"enemies":"Automaton","floor":33,"turns":7},{"damage":15,"enemies":"3 Darklings","floor":35,"turns":3},{"damage":0,"enemies":"Orb Walker","floor":37,"turns":2},{"damage":0,"enemies":"Giant Head","floor":42,"turns":9},{"damage":0,"enemies":"Sphere and 2 Shapes","floor":44,"turns":3},{"damage":0,"enemies":"Maw","floor":46,"turns":5},{"damage":0,"enemies":"Nemesis","floor":47,"turns":5},{"damage":22,"enemies":"Mind Bloom Boss Battle","floor":48,"turns":5},{"damage":123,"enemies":"Awakened One","floor":50,"turns":8}],"seed_played":"-6476952883603751260","potions_obtained":[{"floor":1,"key":"SpeedPotion"},{"floor":10,"key":"Poison Potion"},{"floor":11,"key":"PowerPotion"},{"floor":12,"key":"Energy Potion"},{"floor":16,"key":"SteroidPotion"}],"is_trial":false,"path_per_floor":["M","$","M","M","M","R","E","R","T","M","E","M","R","E","R","B",null,"M","$","M","M","$","E","?","R","T","M","R","M","E","M","R","B",null,"M","?","M","T","$","R","$","E","T","M","R","M","E","?","R","B"],"character_chosen":"DEFECT","items_purchased":["Defragment","Vajra","Doom and Gloom","Heatsinks","Mercury Hourglass","Creative AI","Pen Nib","Capacitor"],"campfire_rested":1,"item_purchase_floors":[2,2,2,19,19,22,39,41],"current_hp_per_floor":[75,75,74,73,68,68,40,40,40,27,23,22,44,45,45,37,75,75,75,75,75,75,74,74,74,88,63,63,55,58,55,55,38,89,84,84,84,84,84,84,84,89,89,89,89,89,89,84,84,0],"gold":304,"neow_bonus":"TWO_FIFTY_GOLD","is_prod":false,"is_daily":false,"chose_seed":false,"campfire_upgraded":8,"win_rate":0,"timestamp":1568162685,"path_taken":["M","$","M","M","M","R","E","R","T","M","E","M","R","E","R","BOSS","M","$","M","M","$","E","?","R","T","M","R","M","E","M","R","BOSS","M","?","M","?","$","R","$","E","T","M","R","M","E","?","R","BOSS"],"build_version":"2019-07-17","purchased_purges":3,"victory":false,"max_hp_per_floor":[75,75,75,75,75,75,75,75,75,75,75,75,75,75,75,75,75,75,75,75,75,75,75,75,75,89,89,89,89,89,89,89,89,89,89,89,89,89,89,89,89,89,89,89,89,89,89,89,89,89],"card_choices":[{"not_picked":["Tempest","Streamline"],"picked":"Cold Snap","floor":1},{"not_picked":["Sweeping Beam","Barrage"],"picked":"Go for the Eyes","floor":3},{"not_picked":["Conserve Battery","White Noise"],"picked":"Consume","floor":4},{"not_picked":["Cold Snap","Streamline"],"picked":"Glacier","floor":5},{"not_picked":["Beam Cell","Conserve Battery"],"picked":"All For One","floor":7},{"not_picked":["Storm","Rebound"],"picked":"FTL","floor":10},{"not_picked":["Tempest","Hologram"],"picked":"Self Repair","floor":11},{"not_picked":["Gash","Go for the Eyes"],"picked":"BootSequence","floor":12},{"not_picked":["Leap","Sweeping Beam"],"picked":"Conserve Battery","floor":14},{"not_picked":["Rainbow","All For One"],"picked":"Electrodynamics","floor":16},{"not_picked":["Steam","Rebound+1"],"picked":"Loop","floor":18},{"not_picked":["Cold Snap+1","Streamline+1","Sunder"],"picked":"SKIP","floor":20},{"not_picked":["Steam","Blizzard+1","Lockon"],"picked":"SKIP","floor":21},{"not_picked":["Chill+1","Auto Shields","Sunder"],"picked":"SKIP","floor":23},{"not_picked":["Doom and Gloom","Reinforced Body","Streamline"],"picked":"SKIP","floor":27},{"not_picked":["Reprogram+1","Sunder+1"],"picked":"Gash+1","floor":29},{"not_picked":["Reprogram","Fusion","Force Field"],"picked":"SKIP","floor":30},{"not_picked":["Glacier","Reinforced Body"],"picked":"Beam Cell","floor":31},{"not_picked":["Ball Lightning","Rebound","Leap+1"],"picked":"SKIP","floor":35},{"not_picked":["Secret Weapon","Trip"],"picked":"Apotheosis","floor":36},{"not_picked":["Stack+1","Turbo+1","Coolheaded"],"picked":"SKIP","floor":37},{"not_picked":["Leap","Compile Driver"],"picked":"Barrage","floor":42},{"not_picked":["Turbo","Lockon"],"picked":"Gash","floor":44},{"not_picked":["Glacier","Leap","Redo"],"picked":"SKIP","floor":46},{"not_picked":["Compile Driver+1","Glacier+1"],"picked":"Self Repair","floor":47}],"player_experience":871243,"relics_obtained":[{"floor":7,"key":"Old Coin"},{"floor":9,"key":"Unceasing Top"},{"floor":11,"key":"Gremlin Horn"},{"floor":14,"key":"Incense Burner"},{"floor":23,"key":"Happy Flower"},{"floor":26,"key":"Mango"},{"floor":30,"key":"MawBank"},{"floor":42,"key":"Potion Belt"},{"floor":43,"key":"Ancient Tea Set"},{"floor":47,"key":"Pocketwatch"},{"floor":48,"key":"Gambling Chip"}],"event_choices":[{"damage_healed":0,"gold_gain":0,"player_choice":"Ignored","damage_taken":0,"max_hp_gain":0,"max_hp_loss":0,"event_name":"Ghosts","floor":24,"gold_loss":0},{"damage_healed":0,"gold_gain":0,"player_choice":"Memory 1","damage_taken":0,"max_hp_gain":0,"max_hp_loss":0,"event_name":"SensoryStone","floor":36,"gold_loss":0},{"damage_healed":0,"gold_gain":0,"player_choice":"Fight","damage_taken":0,"max_hp_gain":0,"max_hp_loss":0,"event_name":"MindBloom","floor":48,"gold_loss":0}],"is_beta":false,"boss_relics":[{"not_picked":["Black Star","FrozenCore"],"picked":"Sozu"},{"not_picked":["Philosopher\u0027s Stone","Runic Dome"],"picked":"Nuclear Battery"}],"items_purged_floors":[2,19,39],"is_endless":false,"potions_floor_spawned":[1,10,11,12,16,21,23,27,29,33,35,46,47],"killed_by":"Awakened One","ascension_level":0}