{"gold_per_floor":[118,129,144,319,394,394,171,204,229,229,229,246,246,297,297,398,398,398],"floor_reached":18,"playtime":928,"items_purged":["Strike_R"],"score":245,"play_id":"03a20cee-a9d3-480c-8122-bec956a8cb3c","local_time":"20190824173348","is_ascension_mode":true,"campfire_choices":[{"data":"Corruption","floor":6.0,"key":"SMITH"},{"data":"Bash","floor":10.0,"key":"SMITH"},{"data":"Entrench","floor":13.0,"key":"SMITH"},{"floor":15.0,"key":"REST"}],"neow_cost":"CURSE","seed_source_timestamp":921979969634378,"circlet_count":0,"master_deck":["AscendersBane","Strike_R","Strike_R","Strike_R","Strike_R","Defend_R","Defend_R","Defend_R","Defend_R","Bash+1","Pain","Corruption+1","Entrench+1","Doubt","Fiend Fire","Reaper"],"special_seed":0,"relics":["Burning Blood","Du-Vu Doll","Bag of Marbles","Boot","Red Skull","Art of War","Ectoplasm"],"potions_floor_usage":[],"damage_taken":[{"damage":10.0,"enemies":"Jaw Worm","floor":1.0,"turns":3.0},{"damage":4.0,"enemies":"2 Louse","floor":2.0,"turns":4.0},{"damage":2.0,"enemies":"Small Slimes","floor":3.0,"turns":3.0},{"damage":39.0,"enemies":"Gremlin Nob","floor":8.0,"turns":5.0},{"damage":4.0,"enemies":"Exordium Wildlife","floor":12.0,"turns":4.0},{"damage":61.0,"enemies":"The Guardian","floor":16.0,"turns":13.0},{"damage":0,"enemies":"2 Thieves","floor":18,"turns":1}],"seed_played":"-1198886810654909927","potions_obtained":[{"floor":1.0,"key":"SteroidPotion"},{"floor":2.0,"key":"Energy Potion"},{"floor":16.0,"key":"Energy Potion"}],"is_trial":false,"path_per_floor":["M","M","M","?","?","R","$","E","T","R","?","M","R","T","R","B",null,"M"],"character_chosen":"IRONCLAD","items_purchased":["Bag of Marbles"],"campfire_rested":1,"item_purchase_floors":[7],"current_hp_per_floor":[68,70,74,74,63,63,63,30,30,30,56,58,58,58,80,25,66,66],"gold":398,"neow_bonus":"ONE_RARE_RELIC","is_prod":false,"is_daily":false,"chose_seed":false,"campfire_upgraded":3,"win_rate":0,"timestamp":1566686028,"path_taken":["M","M","M","?","?","R","$","E","T","R","?","M","R","?","R","BOSS","M"],"build_version":"2019-07-17","purchased_purges":1,"victory":false,"max_hp_per_floor":[80,80,80,80,80,80,80,80,80,80,80,80,80,80,80,80,80,80],"card_choices":[{"not_picked":["Rampage","Spot Weakness"],"picked":"Corruption","floor":1.0},{"not_picked":["Cleave","Headbutt","Clothesline"],"picked":"SKIP","floor":2.0},{"not_picked":["Headbutt","Thunderclap"],"picked":"Entrench","floor":3.0},{"not_picked":["Havoc","Anger"],"picked":"Fiend Fire","floor":8.0},{"not_picked":["Sword Boomerang","Dual Wield","Pummel"],"picked":"SKIP","floor":12.0},{"not_picked":["Fiend Fire","Offering"],"picked":"Reaper","floor":16.0}],"player_experience":850116,"relics_obtained":[{"floor":8.0,"key":"Boot"},{"floor":9.0,"key":"Red Skull"},{"floor":14.0,"key":"Art of War"}],"event_choices":[{"damage_healed":0.0,"max_hp_gain":0.0,"max_hp_loss":0.0,"gold_gain":175.0,"event_name":"Liars Game","player_choice":"AGREE","floor":4.0,"gold_loss":0.0,"damage_taken":0.0,"cards_obtained":["Doubt"]},{"damage_healed":0.0,"max_hp_gain":0.0,"max_hp_loss":0.0,"gold_gain":75.0,"event_name":"World of Goop","player_choice":"Gather Gold","floor":5.0,"gold_loss":0.0,"damage_taken":11.0},{"damage_healed":26.0,"max_hp_gain":0.0,"max_hp_loss":0.0,"gold_gain":0.0,"event_name":"Big Fish","player_choice":"Banana","floor":11.0,"gold_loss":0.0,"damage_taken":0.0}],"is_beta":false,"boss_relics":[{"not_picked":["Coffee Dripper","Snecko Eye"],"picked":"Ectoplasm"}],"items_purged_floors":[7],"is_endless":false,"potions_floor_spawned":[1,2,16],"killed_by":"2 Thieves","ascension_level":11}