{"gold_per_floor":[115,133,4,4,16,16,91,102,102,120,120,132,132],"floor_reached":13,"playtime":541,"items_purged":[],"score":77,"play_id":"73624dc5-b0ff-4317-b035-b7d283b6f417","local_time":"20190909150852","is_ascension_mode":false,"campfire_choices":[{"data":"Establishment","floor":6,"key":"SMITH"},{"data":"Wallop","floor":11,"key":"SMITH"}],"neow_cost":"NONE","seed_source_timestamp":238630997483142,"circlet_count":0,"master_deck":["Strike_P","Strike_P","Strike_P","Strike_P","Defend_P","Defend_P","Defend_P","Defend_P","Eruption","Vigilance","Vengeance","Meditate","Establishment+1","FlyingSleeves","Wallop+1","Protect","Injury","Conclude","EmptyBody"],"relics":["Cursed Key","Frozen Egg 2","Eternal Feather"],"potions_floor_usage":[10,12],"damage_taken":[{"damage":0,"enemies":"Cultist","floor":1,"turns":2},{"damage":10,"enemies":"Small Slimes","floor":2,"turns":3},{"damage":10,"enemies":"Jaw Worm","floor":5,"turns":4},{"damage":8,"enemies":"Red Slaver","floor":8,"turns":2},{"damage":0,"enemies":"Looter","floor":10,"turns":3},{"damage":16,"enemies":"Large Slime","floor":12,"turns":6},{"damage":13,"enemies":"Lots of Slimes","floor":13,"turns":2}],"seed_played":"-1310802726771184957","potions_obtained":[{"floor":1,"key":"SneckoOil"},{"floor":2,"key":"Energy Potion"},{"floor":5,"key":"Poison Potion"}],"is_trial":false,"path_per_floor":["M","M","$","?","M","R","?","M","T","M","R","M","M"],"character_chosen":"WATCHER","items_purchased":["Establishment","FlyingSleeves"],"campfire_rested":0,"item_purchase_floors":[3,3],"current_hp_per_floor":[65,55,55,43,33,33,27,19,19,19,28,12,0],"gold":132,"neow_bonus":"BOSS_RELIC","is_prod":false,"is_daily":false,"chose_seed":false,"campfire_upgraded":2,"win_rate":0.0,"timestamp":1568056132,"path_taken":["M","?","$","?","M","R","?","M","T","M","R","?","M"],"build_version":"2019-09-09","purchased_purges":0,"victory":false,"max_hp_per_floor":[65,65,65,65,65,65,65,65,65,65,65,65,65],"card_choices":[{"not_picked":["Sanctity","Weave"],"picked":"Vengeance","floor":1},{"not_picked":["Weave","Evaluate"],"picked":"Meditate","floor":2},{"not_picked":["Weave","JustLucky"],"picked":"Wallop","floor":5},{"not_picked":["EmptyFist","WreathOfFlame"],"picked":"Protect","floor":8},{"not_picked":["CrushJoints","EmptyFist"],"picked":"Conclude","floor":10},{"not_picked":["Scrawl","ThirdEye"],"picked":"EmptyBody","floor":12}],"player_experience":31668,"relics_obtained":[{"floor":9,"key":"Eternal Feather"}],"event_choices":[{"damage_healed":0,"gold_gain":0,"player_choice":"Success","damage_taken":12,"relics_obtained":["Frozen Egg 2"],"max_hp_gain":0,"max_hp_loss":0,"event_name":"Scrap Ooze","floor":4,"gold_loss":0},{"damage_healed":0,"gold_gain":75,"player_choice":"Touch","damage_taken":6,"max_hp_gain":0,"max_hp_loss":0,"event_name":"FaceTrader","floor":7,"gold_loss":0}],"is_beta":true,"boss_relics":[],"items_purged_floors":[],"is_endless":false,"potions_floor_spawned":[1,2,5],"killed_by":"Lots of Slimes","ascension_level":0}