{"gold_per_floor":[109,109,284,284,309,343,343,343],"floor_reached":8,"playtime":371,"items_purged":[],"score":57,"play_id":"d6eaaf8a-67c7-4e3b-bda2-5c217ab00aae","local_time":"20190908005430","is_ascension_mode":true,"campfire_choices":[],"neow_cost":"CURSE","seed_source_timestamp":101115832061773,"circlet_count":0,"master_deck":["blademaster:Strike","blademaster:Strike","blademaster:Strike","blademaster:Defend","blademaster:Defend","blademaster:Defend","blademaster:RagingBlow","blademaster:HighVoltage","blademaster:BladeDance","blademaster:StanceMastery","blademaster:BladeMastery","Doubt","blademaster:AwakeningStrike","blademaster:ParryingStrike"],"relics":["blademaster:DancersAmulet","Golden Idol","Potion Belt"],"potions_floor_usage":[],"damage_taken":[{"damage":2,"enemies":"Small Slimes","floor":1,"turns":3},{"damage":0,"enemies":"2 Louse","floor":5,"turns":5},{"damage":47,"enemies":"Lagavulin","floor":6,"turns":9},{"damage":35,"enemies":"Gremlin Nob","floor":8,"turns":4}],"seed_played":"-7112878646757930275","potions_obtained":[{"floor":1,"key":"GamblersBrew"},{"floor":5,"key":"LiquidBronze"}],"is_trial":false,"path_per_floor":["M","?","?","?","M","E","?","E"],"character_chosen":"THE_BLADEMASTER","items_purchased":[],"campfire_rested":0,"item_purchase_floors":[],"current_hp_per_floor":[73,55,55,55,55,8,33,0],"gold":343,"neow_bonus":"TRANSFORM_TWO_CARDS","is_prod":false,"is_daily":false,"chose_seed":false,"campfire_upgraded":0,"win_rate":1,"timestamp":1567918470,"path_taken":["M","?","?","?","M","E","?","E"],"build_version":"2019-07-17","purchased_purges":0,"victory":false,"max_hp_per_floor":[75,75,75,75,75,75,75,75],"card_choices":[{"not_picked":["blademaster:SharpBlades","blademaster:ChargingUp"],"picked":"blademaster:BladeMastery","floor":1},{"not_picked":["blademaster:IcyWind","blademaster:Rupture"],"picked":"blademaster:AwakeningStrike","floor":5},{"not_picked":["blademaster:Slice","blademaster:Overcharge"],"picked":"blademaster:ParryingStrike","floor":6}],"player_experience":35561,"relics_obtained":[{"floor":6,"key":"Potion Belt"},{"floor":6,"key":"blademaster:BleedingMoreDamagePerk"}],"event_choices":[{"damage_healed":0,"gold_gain":0,"player_choice":"Take Damage","damage_taken":18,"relics_obtained":["Golden Idol"],"max_hp_gain":0,"max_hp_loss":0,"event_name":"Golden Idol","floor":2,"gold_loss":0},{"damage_healed":0,"gold_gain":175,"player_choice":"AGREE","damage_taken":0,"max_hp_gain":0,"max_hp_loss":0,"event_name":"Liars Game","floor":3,"gold_loss":0,"cards_obtained":["Doubt"]},{"cards_removed":["Pain"],"damage_healed":0,"gold_gain":0,"player_choice":"Forget","damage_taken":0,"max_hp_gain":0,"max_hp_loss":0,"event_name":"Living Wall","floor":4,"gold_loss":0},{"damage_healed":25,"gold_gain":0,"player_choice":"Banana","damage_taken":0,"max_hp_gain":0,"max_hp_loss":0,"event_name":"Big Fish","floor":7,"gold_loss":0}],"is_beta":false,"boss_relics":[],"items_purged_floors":[],"is_endless":false,"potions_floor_spawned":[1,5],"killed_by":"Gremlin Nob","ascension_level":1}