{"gold_per_floor":[162,177,192,38,57,57,57,57,57,86,86,86,118,83,83,156,156,167,183,183,183,26,26,26,36,62,62,74,74,99,112,112,112],"floor_reached":33,"playtime":2263,"items_purged":["Strike_G","Defend_G"],"score":532,"play_id":"72b25412-0391-4f7c-92d5-48d3c9549ac5","local_time":"20190830173532","is_ascension_mode":true,"campfire_choices":[{"data":"Noxious Fumes","floor":6.0,"key":"SMITH"},{"data":"Dash","floor":8.0,"key":"SMITH"},{"data":"Footwork","floor":11.0,"key":"SMITH"},{"floor":12.0,"key":"REST"},{"floor":15.0,"key":"REST"},{"floor":23.0,"key":"REST"},{"floor":27.0,"key":"REST"},{"data":"Acrobatics","floor":32.0,"key":"SMITH"}],"neow_cost":"NONE","seed_source_timestamp":1201590676458915,"circlet_count":0,"master_deck":["AscendersBane","Strike_G","Strike_G","Strike_G","Strike_G","Defend_G","Defend_G","Defend_G","Defend_G","Survivor+1","Neutralize","Poisoned Stab","Crippling Poison","Dodge and Roll","Noxious Fumes+1","Dash+1","Footwork+1","Bullet Time","Phantasmal Killer","Backflip","Backflip","Bane+1","Acrobatics+1"],"special_seed":0,"relics":["Tiny House","Tough Bandages","Torii","WingedGreaves","Pen Nib","Velvet Choker","MutagenicStrength","PreservedInsect","Smiling Mask"],"potions_floor_usage":[33],"damage_taken":[{"damage":3.0,"enemies":"Cultist","floor":1.0,"turns":5.0},{"damage":0.0,"enemies":"Small Slimes","floor":2.0,"turns":4.0},{"damage":0.0,"enemies":"Jaw Worm","floor":3.0,"turns":4.0},{"damage":17.0,"enemies":"Large Slime","floor":5.0,"turns":9.0},{"damage":9.0,"enemies":"Gremlin Nob","floor":10.0,"turns":4.0},{"damage":30.0,"enemies":"3 Sentries","floor":13.0,"turns":9.0},{"damage":50.0,"enemies":"Hexaghost","floor":16.0,"turns":13.0},{"damage":14.0,"enemies":"3 Byrds","floor":18.0,"turns":6.0},{"damage":6.0,"enemies":"Shell Parasite","floor":19.0,"turns":8.0},{"damage":0.0,"enemies":"Centurion and Healer","floor":25.0,"turns":7.0},{"damage":1.0,"enemies":"Sentry and Sphere","floor":28.0,"turns":5.0},{"damage":1.0,"enemies":"Gremlin Leader","floor":30.0,"turns":6.0},{"damage":0.0,"enemies":"Snake Plant","floor":31.0,"turns":5.0},{"damage":65,"enemies":"Automaton","floor":33,"turns":6}],"seed_played":"1038055279112685273","potions_obtained":[{"floor":0.0,"key":"Ancient Potion"},{"floor":5.0,"key":"SpeedPotion"},{"floor":13.0,"key":"EssenceOfSteel"},{"floor":16.0,"key":"Poison Potion"},{"floor":18.0,"key":"SkillPotion"},{"floor":29.0,"key":"SkillPotion"}],"is_trial":false,"path_per_floor":["M","M","M","$","M","R","?","R","T","E","R","R","E","?","R","B",null,"M","M","?","?","$","R","$","M","T","R","M","?","E","M","R","B"],"character_chosen":"THE_SILENT","items_purchased":["Noxious Fumes","Backflip"],"campfire_rested":4,"item_purchase_floors":[4,22],"current_hp_per_floor":[61,61,61,61,44,44,33,33,33,24,24,45,15,32,53,3,54,40,34,34,14,14,36,36,36,36,58,57,57,56,56,56,0],"gold":112,"neow_bonus":"BOSS_RELIC","is_prod":false,"is_daily":false,"chose_seed":false,"campfire_upgraded":4,"win_rate":0,"timestamp":1567204532,"path_taken":["M","?","M","$","M","R","?","R","T","E","R","R","E","?","R","BOSS","M","M","?","?","$","R","?","M","T","R","?","?","E","M","R","BOSS"],"build_version":"2019-07-17","purchased_purges":2,"victory":false,"max_hp_per_floor":[71,71,71,71,71,71,71,71,71,71,71,71,71,71,71,71,71,71,71,71,76,76,76,76,76,76,76,76,76,76,76,76,76],"card_choices":[{"not_picked":["Dagger Throw","Sucker Punch"],"picked":"Poisoned Stab","floor":0.0},{"not_picked":["Finisher","Deflect"],"picked":"Crippling Poison","floor":1.0},{"not_picked":["All Out Attack","Slice","Masterful Stab"],"picked":"SKIP","floor":2.0},{"not_picked":["Deadly Poison","Quick Slash"],"picked":"Dodge and Roll","floor":3.0},{"not_picked":["Skewer","Eviscerate"],"picked":"Dash","floor":5.0},{"not_picked":["Blur","Sucker Punch"],"picked":"Footwork","floor":10.0},{"not_picked":["Flying Knee","Deflect"],"picked":"Bullet Time","floor":13.0},{"not_picked":["Night Terror","A Thousand Cuts"],"picked":"Phantasmal Killer","floor":16.0},{"not_picked":["Quick Slash","Poisoned Stab","Flying Knee"],"picked":"SKIP","floor":18.0},{"not_picked":["Slice","Crippling Poison","Accuracy+1"],"picked":"SKIP","floor":19.0},{"not_picked":["Prepared","Choke","Bane"],"picked":"SKIP","floor":25.0},{"not_picked":["Reflex+1","Poisoned Stab"],"picked":"Backflip","floor":28.0},{"not_picked":["Backflip","Endless Agony"],"picked":"Bane+1","floor":30.0},{"not_picked":["Deflect","Concentrate"],"picked":"Acrobatics","floor":31.0}],"player_experience":1001580,"relics_obtained":[{"floor":9.0,"key":"Torii"},{"floor":10.0,"key":"WingedGreaves"},{"floor":13.0,"key":"Pen Nib"},{"floor":26.0,"key":"PreservedInsect"},{"floor":30.0,"key":"Smiling Mask"}],"event_choices":[{"damage_healed":0.0,"max_hp_gain":0.0,"max_hp_loss":0.0,"gold_gain":0.0,"event_name":"Scrap Ooze","player_choice":"Success","floor":7.0,"gold_loss":0.0,"damage_taken":11.0,"relics_obtained":["Tough Bandages"]},{"damage_healed":17.0,"max_hp_gain":0.0,"max_hp_loss":0.0,"gold_gain":0.0,"event_name":"The Cleric","player_choice":"Healed","floor":14.0,"gold_loss":35.0,"damage_taken":0.0},{"damage_healed":0.0,"max_hp_gain":0.0,"max_hp_loss":0.0,"gold_gain":0.0,"event_name":"Drug Dealer","player_choice":"Inject Mutagens","floor":20.0,"gold_loss":0.0,"damage_taken":0.0,"relics_obtained":["MutagenicStrength"]},{"damage_healed":0.0,"max_hp_gain":5.0,"max_hp_loss":0.0,"gold_gain":0.0,"event_name":"Forgotten Altar","player_choice":"Shed Blood","floor":21.0,"gold_loss":0.0,"damage_taken":25.0},{"damage_healed":0.0,"max_hp_gain":0.0,"max_hp_loss":0.0,"gold_gain":0.0,"event_name":"Lab","player_choice":"Got Potions","floor":29.0,"gold_loss":0.0,"damage_taken":0.0}],"is_beta":false,"boss_relics":[{"not_picked":["HoveringKite","Coffee Dripper"],"picked":"Velvet Choker"}],"items_purged_floors":[4,22],"is_endless":false,"potions_floor_spawned":[5,13,16,18],"killed_by":"Automaton","ascension_level":19}