{"gold_per_floor":[117,42,42,42,53,88,88,106,155,155,206,206,219,254,254,254],"floor_reached":16,"playtime":435,"items_purged":["Strike_R"],"score":253,"play_id":"d98f3725-f41e-47e3-82a6-775f71b0506f","local_time":"20190908102903","is_ascension_mode":true,"campfire_choices":[{"data":"Body Slam","floor":7.0,"key":"SMITH"},{"data":"Shrug It Off","floor":10.0,"key":"SMITH"},{"floor":15.0,"key":"REST"}],"neow_cost":"NONE","seed_source_timestamp":166970784369489,"circlet_count":0,"master_deck":["AscendersBane","Strike_R","Strike_R","Strike_R","Defend_R","Defend_R","Defend_R","Defend_R","Bash","Body Slam+1","Shrug It Off+1","Ghostly Armor","Armaments+1"],"special_seed":0,"relics":["Burning Blood","NeowsBlessing","CultistMask","Lantern","Ancient Tea Set","Anchor","Toxic Egg 2"],"potions_floor_usage":[16],"damage_taken":[{"damage":0.0,"enemies":"Jaw Worm","floor":1.0,"turns":1.0},{"damage":0.0,"enemies":"Cultist","floor":5.0,"turns":1.0},{"damage":0.0,"enemies":"3 Sentries","floor":6.0,"turns":2.0},{"damage":4.0,"enemies":"Small Slimes","floor":8.0,"turns":5.0},{"damage":4.0,"enemies":"Gremlin Gang","floor":13.0,"turns":4.0},{"damage":57.0,"enemies":"Gremlin Nob","floor":14.0,"turns":5.0},{"damage":46,"enemies":"Slime Boss","floor":16,"turns":7}],"seed_played":"-564196548552853125","potions_obtained":[{"floor":5.0,"key":"Strength Potion"},{"floor":6.0,"key":"PowerPotion"}],"is_trial":false,"path_per_floor":["M","$","?","?","M","E","R","M","T","R","T","?","M","E","R","B"],"character_chosen":"IRONCLAD","items_purchased":[],"campfire_rested":1,"item_purchase_floors":[],"current_hp_per_floor":[74,74,74,74,75,75,75,75,75,75,75,75,75,24,46,0],"gold":254,"neow_bonus":"THREE_ENEMY_KILL","is_prod":false,"is_daily":false,"chose_seed":false,"campfire_upgraded":2,"win_rate":0,"timestamp":1567956543,"path_taken":["M","$","?","?","?","E","R","M","T","R","?","?","?","E","R","BOSS"],"build_version":"2019-07-17","purchased_purges":1,"victory":false,"max_hp_per_floor":[75,75,75,75,75,75,75,75,75,75,75,75,75,75,75,75],"card_choices":[{"not_picked":["Anger","Cleave"],"picked":"Body Slam","floor":1.0},{"not_picked":["Rage","Sword Boomerang"],"picked":"Shrug It Off","floor":5.0},{"not_picked":["True Grit","Clothesline","Fire Breathing"],"picked":"SKIP","floor":6.0},{"not_picked":["Blood for Blood","Shrug It Off"],"picked":"Ghostly Armor","floor":8.0},{"not_picked":["Pommel Strike","Headbutt","Rupture"],"picked":"SKIP","floor":13.0},{"not_picked":["Infernal Blade","Dual Wield"],"picked":"Armaments","floor":14.0}],"player_experience":1141604,"relics_obtained":[{"floor":6.0,"key":"Lantern"},{"floor":9.0,"key":"Ancient Tea Set"},{"floor":11.0,"key":"Anchor"},{"floor":14.0,"key":"Toxic Egg 2"}],"event_choices":[{"damage_healed":0.0,"max_hp_gain":0.0,"max_hp_loss":0.0,"gold_gain":0.0,"event_name":"The Cleric","player_choice":"Leave","floor":3.0,"gold_loss":0.0,"damage_taken":0.0},{"damage_healed":0.0,"max_hp_gain":0.0,"max_hp_loss":0.0,"gold_gain":0.0,"event_name":"FaceTrader","player_choice":"Trade","floor":4.0,"gold_loss":0.0,"damage_taken":0.0,"relics_obtained":["CultistMask"]},{"cards_removed":["Strike_R"],"damage_healed":0.0,"max_hp_gain":0.0,"max_hp_loss":0.0,"gold_gain":0.0,"event_name":"Bonfire Elementals","player_choice":"Offered Basic","floor":12.0,"gold_loss":0.0,"damage_taken":0.0}],"is_beta":false,"boss_relics":[],"items_purged_floors":[2],"is_endless":false,"potions_floor_spawned":[5,6],"killed_by":"Slime Boss","ascension_level":18}