{"gold_per_floor":[115,115,115,135,22,22,57,57,57,72,72,72,72,110,110,234,234,255,255,289,314,314,352,352,387,441,467,493,210,210,229,229,229],"floor_reached":33,"playtime":2573,"items_purged":["Pain"],"score":416,"play_id":"7d179b88-c983-4811-838c-5aa3e90232d5","local_time":"20190907115718","daily_mods":["Insanity","Green Cards"],"is_ascension_mode":false,"campfire_choices":[{"data":"Heatsinks","floor":6,"key":"SMITH"},{"data":"Storm","floor":11,"key":"SMITH"},{"data":"Heatsinks","floor":15,"key":"SMITH"},{"data":"Expertise","floor":24,"key":"SMITH"},{"data":"Prepared","floor":32,"key":"SMITH"}],"neow_cost":"","seed_source_timestamp":49828010931035,"circlet_count":0,"master_deck":["Backflip","Barrage","Dodge and Roll","Endless Agony","Barrage","Caltrops","Deflect","Go for the Eyes","Glacier","Acrobatics","Footwork","Turbo","Redo","Cloak And Dagger","Crippling Poison","Hologram","Aggregate","Redo","Deflect","Cloak And Dagger","Expertise+1","Outmaneuver","Steam","Tempest","Eviscerate","Redo+1","Heatsinks+1","Leg Sweep+1","Expertise","PiercingWail","Slice","Cloak And Dagger","Prepared+1","Heatsinks+1","FTL","Fusion","Darkness","Deflect","Blur","Backflip","Go for the Eyes","Redo","Conserve Battery","Sucker Punch","Reprogram","Deflect","Concentrate","Beam Cell","Setup","Rip and Tear","Dagger Throw","Noxious Fumes","Cold Snap","Storm+1","Hello World","Doppelganger","Calculated Gamble","Expertise","Caltrops","Footwork","Compile Driver","Coolheaded","Defragment","Skim","Master of Strategy"],"relics":["Cracked Core","Golden Idol","WarpedTongs","Juzu Bracelet","Bag of Preparation","Pantograph","Runic Dome","Red Mask","Enchiridion","Nunchaku","Regal Pillow","MawBank"],"potions_floor_usage":[16,16,16,23,25,25,31],"damage_taken":[{"damage":0,"enemies":"Jaw Worm","floor":1,"turns":2},{"damage":11,"enemies":"Cultist","floor":4,"turns":4},{"damage":16,"enemies":"Gremlin Nob","floor":7,"turns":4},{"damage":0,"enemies":"2 Louse","floor":10,"turns":2},{"damage":3,"enemies":"3 Sentries","floor":14,"turns":5},{"damage":12,"enemies":"Hexaghost","floor":16,"turns":5},{"damage":0,"enemies":"Spheric Guardian","floor":18,"turns":3},{"damage":0,"enemies":"Masked Bandits","floor":20,"turns":4},{"damage":8,"enemies":"Shell Parasite","floor":21,"turns":6},{"damage":11,"enemies":"Book of Stabbing","floor":23,"turns":5},{"damage":0,"enemies":"Gremlin Leader","floor":25,"turns":5},{"damage":0,"enemies":"Centurion and Healer","floor":27,"turns":4},{"damage":0,"enemies":"Cultist and Chosen","floor":28,"turns":4},{"damage":7,"enemies":"Snake Plant","floor":31,"turns":3},{"damage":83,"enemies":"Collector","floor":33,"turns":7}],"seed_played":"6683663904752396388","potions_obtained":[{"floor":4,"key":"Strength Potion"},{"floor":7,"key":"GamblersBrew"},{"floor":10,"key":"FearPotion"},{"floor":20,"key":"Fire Potion"},{"floor":21,"key":"Regen Potion"},{"floor":23,"key":"Explosive Potion"},{"floor":28,"key":"AttackPotion"}],"is_trial":true,"path_per_floor":["M","?","?","M","$","R","E","?","T","M","R","$","?","E","R","B",null,"M","?","?","M","?","E","R","E","T","M","M","$","?","M","R","B"],"character_chosen":"DEFECT","items_purchased":["Noxious Fumes","Defragment","Skim","Master of Strategy"],"campfire_rested":0,"item_purchase_floors":[5,29,29,29],"current_hp_per_floor":[75,57,57,46,46,46,30,35,35,35,35,35,19,16,16,29,80,80,80,80,72,56,59,59,59,59,59,59,59,59,52,52,0],"gold":229,"neow_bonus":"","is_prod":false,"is_daily":false,"chose_seed":false,"campfire_upgraded":5,"win_rate":0.0,"timestamp":1567871838,"path_taken":["M","?","?","M","$","R","E","?","T","M","R","$","?","E","R","BOSS","M","?","?","M","?","E","R","E","T","M","M","$","?","M","R","BOSS"],"build_version":"2019-07-17","purchased_purges":1,"victory":false,"max_hp_per_floor":[75,75,75,75,75,75,75,80,80,80,80,80,80,80,80,80,80,80,80,80,80,80,80,80,80,80,80,80,80,80,80,80,80],"card_choices":[{"not_picked":["Fusion","Sucker Punch"],"picked":"Rip and Tear","floor":1},{"not_picked":["Distraction","Beam Cell"],"picked":"Dagger Throw","floor":4},{"not_picked":["Auto Shields","Backflip"],"picked":"Cold Snap","floor":7},{"not_picked":["Blur","Glacier"],"picked":"Storm","floor":10},{"not_picked":["Barrage","Undo"],"picked":"Hello World","floor":14},{"not_picked":["Rainbow","Storm of Steel"],"picked":"Doppelganger","floor":16},{"not_picked":["Scrape+1","Streamline"],"picked":"Calculated Gamble","floor":18},{"not_picked":["Outmaneuver","Bane"],"picked":"Expertise","floor":20},{"not_picked":["Streamline","Sunder"],"picked":"Caltrops","floor":21},{"not_picked":["Dodge and Roll","Endless Agony","Cloak And Dagger"],"picked":"SKIP","floor":23},{"not_picked":["Sucker Punch","Chaos"],"picked":"Footwork","floor":25},{"not_picked":["Chill","Steam"],"picked":"Compile Driver","floor":27},{"not_picked":["Streamline","Backflip"],"picked":"Coolheaded","floor":28},{"not_picked":["Dagger Spray+1","Undo","Distraction"],"picked":"SKIP","floor":31}],"player_experience":19514,"relics_obtained":[{"floor":7,"key":"Juzu Bracelet"},{"floor":9,"key":"Bag of Preparation"},{"floor":14,"key":"Pantograph"},{"floor":20,"key":"Red Mask"},{"floor":22,"key":"Enchiridion"},{"floor":23,"key":"Nunchaku"},{"floor":25,"key":"Regal Pillow"},{"floor":26,"key":"MawBank"}],"event_choices":[{"damage_healed":0,"gold_gain":0,"player_choice":"Take Damage","damage_taken":18,"relics_obtained":["Golden Idol"],"max_hp_gain":0,"max_hp_loss":0,"event_name":"Golden Idol","floor":2,"gold_loss":0},{"damage_healed":0,"gold_gain":0,"player_choice":"Rummage","damage_taken":0,"relics_obtained":["WarpedTongs"],"max_hp_gain":0,"max_hp_loss":0,"event_name":"Accursed Blacksmith","floor":3,"gold_loss":0,"cards_obtained":["Pain"]},{"damage_healed":0,"gold_gain":0,"player_choice":"Donut","damage_taken":0,"max_hp_gain":5,"max_hp_loss":0,"event_name":"Big Fish","floor":8,"gold_loss":0},{"damage_healed":0,"gold_gain":0,"player_choice":"Entered Light","damage_taken":16,"max_hp_gain":0,"max_hp_loss":0,"event_name":"Shining Light","floor":13,"gold_loss":0,"cards_upgraded":["Redo","Leg Sweep"]},{"damage_healed":0,"gold_gain":0,"player_choice":"Ignored","damage_taken":0,"max_hp_gain":0,"max_hp_loss":0,"event_name":"The Mausoleum","floor":19,"gold_loss":0},{"damage_healed":0,"gold_gain":0,"player_choice":"Fought Bandits","damage_taken":0,"max_hp_gain":0,"max_hp_loss":0,"event_name":"Masked Bandits","floor":20,"gold_loss":0},{"damage_healed":0,"gold_gain":0,"player_choice":"Obtained Book","damage_taken":16,"max_hp_gain":0,"max_hp_loss":0,"event_name":"Cursed Tome","floor":22,"gold_loss":0},{"cards_removed":["Bouncing Flask"],"damage_healed":0,"gold_gain":0,"player_choice":"Purged","damage_taken":0,"max_hp_gain":0,"max_hp_loss":0,"event_name":"Purifier","floor":30,"gold_loss":0}],"is_beta":false,"boss_relics":[{"not_picked":["White Beast Statue","Sozu"],"picked":"Runic Dome"}],"items_purged_floors":[5],"is_endless":false,"potions_floor_spawned":[4,7,10,14,20,21,23,28],"killed_by":"Collector","ascension_level":0}