{"gold_per_floor":[109,126,139,64,79,114,126,161,161,161,193,193,268,281,281,281],"floor_reached":16,"playtime":2232,"items_purged":["Strike_B"],"score":201,"play_id":"ccc1edf9-1d16-45d7-883a-64258cc8c82a","local_time":"20190821193110","is_ascension_mode":true,"campfire_choices":[{"floor":10,"key":"REST"},{"floor":12,"key":"REST"},{"data":"Dualcast","floor":15,"key":"SMITH"}],"neow_cost":"NONE","seed_source_timestamp":765643134182311,"circlet_count":0,"master_deck":["AscendersBane","Strike_B","Strike_B","Strike_B","Defend_B","Defend_B","Defend_B","Defend_B","Zap","Dualcast+1","Sunder","Undo","Hologram","Coolheaded","Cold Snap","Self Repair","Go for the Eyes"],"special_seed":0,"relics":["Cracked Core","Boot","Lantern","DataDisk","Bronze Scales"],"potions_floor_usage":[16],"damage_taken":[{"damage":0.0,"enemies":"Cultist","floor":1.0,"turns":3.0},{"damage":7.0,"enemies":"Small Slimes","floor":2.0,"turns":3.0},{"damage":1.0,"enemies":"2 Louse","floor":3.0,"turns":2.0},{"damage":14.0,"enemies":"Red Slaver","floor":5.0,"turns":4.0},{"damage":8.0,"enemies":"3 Sentries","floor":6.0,"turns":7.0},{"damage":10,"enemies":"Gremlin Gang","floor":7,"turns":5},{"damage":24,"enemies":"Lagavulin","floor":8,"turns":10},{"damage":26,"enemies":"Gremlin Nob","floor":11,"turns":5},{"damage":2,"enemies":"Exordium Wildlife","floor":14,"turns":4},{"damage":37,"enemies":"The Guardian","floor":16,"turns":12}],"seed_played":"6487556367357204502","potions_obtained":[{"floor":1.0,"key":"EssenceOfSteel"},{"floor":3.0,"key":"Regen Potion"},{"floor":5.0,"key":"Fire Potion"},{"floor":8,"key":"LiquidBronze"},{"floor":11,"key":"SkillPotion"}],"is_trial":false,"path_per_floor":["M","M","M","$","M","E","M","E","T","R","E","R","?","M","R","B"],"character_chosen":"DEFECT","items_purchased":[],"campfire_rested":2,"item_purchase_floors":[],"current_hp_per_floor":[75,68,67,67,53,45,35,11,11,35,16,40,29,34,34,0],"gold":281,"neow_bonus":"TEN_PERCENT_HP_BONUS","is_prod":false,"is_daily":false,"chose_seed":false,"campfire_upgraded":1,"win_rate":0,"timestamp":1566433870,"path_taken":["M","?","M","$","M","E","M","E","T","R","E","R","?","M","R","BOSS"],"build_version":"2019-07-17","purchased_purges":1,"victory":false,"max_hp_per_floor":[82,82,82,82,82,82,82,82,82,82,82,82,82,82,82,82],"card_choices":[{"not_picked":["Go for the Eyes","Rip and Tear"],"picked":"Sunder","floor":1.0},{"not_picked":["White Noise","Blizzard"],"picked":"Undo","floor":2.0},{"not_picked":["Stack","Beam Cell"],"picked":"Hologram","floor":3.0},{"not_picked":["Force Field","Ball Lightning","Tempest"],"picked":"SKIP","floor":5.0},{"not_picked":["Rebound","Beam Cell"],"picked":"Coolheaded","floor":6.0},{"not_picked":["BootSequence","Gash"],"picked":"Cold Snap","floor":7},{"not_picked":["Blizzard","Rebound"],"picked":"Self Repair","floor":8},{"not_picked":["Creative AI","Beam Cell"],"picked":"Go for the Eyes","floor":11},{"not_picked":["Hologram","Redo","Melter"],"picked":"SKIP","floor":14}],"player_experience":738686,"relics_obtained":[{"floor":6.0,"key":"Boot"},{"floor":8,"key":"Lantern"},{"floor":9,"key":"DataDisk"},{"floor":11,"key":"Bronze Scales"}],"event_choices":[{"damage_healed":0,"gold_gain":75,"player_choice":"Gather Gold","damage_taken":11,"max_hp_gain":0,"max_hp_loss":0,"event_name":"World of Goop","floor":13,"gold_loss":0}],"is_beta":false,"boss_relics":[],"items_purged_floors":[4],"is_endless":false,"potions_floor_spawned":[1,3,5,8,11],"killed_by":"The Guardian","ascension_level":13}