{"gold_per_floor":[112,112,37,37,37,65,76,93,119,119,132,151,151,181,181,253,253,269,303,31,48,48,48,65,115,115,115],"floor_reached":27,"playtime":2063,"items_purged":["Defend_G","Strike_G"],"score":467,"play_id":"be976dfa-2b6a-4ea8-8289-e2bb2e4a4d8e","local_time":"20190829172337","is_ascension_mode":true,"campfire_choices":[{"data":"Dash","floor":10.0,"key":"SMITH"},{"data":"Phantasmal Killer","floor":13.0,"key":"SMITH"},{"data":"Leg Sweep","floor":15.0,"key":"SMITH"},{"data":"Dodge and Roll","floor":23,"key":"SMITH"}],"neow_cost":"NONE","seed_source_timestamp":1153557849540017,"circlet_count":0,"master_deck":["AscendersBane","Strike_G","Strike_G","Strike_G","Defend_G","Defend_G+1","Defend_G","Survivor+1","Neutralize","Dash+1","Well Laid Plans","Backstab","Dodge and Roll+1","Phantasmal Killer+1","Leg Sweep+1","Die Die Die","Backflip"],"special_seed":0,"relics":["Ring of the Snake","NeowsBlessing","War Paint","Bronze Scales","Meat on the Bone","Velvet Choker","Red Mask","Bag of Marbles","Strawberry","Ornamental Fan"],"potions_floor_usage":[27,27],"damage_taken":[{"damage":0.0,"enemies":"Cultist","floor":1.0,"turns":1.0},{"damage":0.0,"enemies":"Lagavulin","floor":6.0,"turns":1.0},{"damage":0.0,"enemies":"2 Louse","floor":7.0,"turns":1.0},{"damage":0.0,"enemies":"Small Slimes","floor":8.0,"turns":3.0},{"damage":2.0,"enemies":"Exordium Wildlife","floor":11.0,"turns":4.0},{"damage":0.0,"enemies":"3 Louse","floor":12.0,"turns":2.0},{"damage":14.0,"enemies":"Gremlin Nob","floor":14.0,"turns":4.0},{"damage":11.0,"enemies":"Hexaghost","floor":16.0,"turns":13.0},{"damage":0.0,"enemies":"Chosen","floor":18.0,"turns":4.0},{"damage":38.0,"enemies":"Masked Bandits","floor":19.0,"turns":4.0},{"damage":0,"enemies":"2 Thieves","floor":21,"turns":2},{"damage":3,"enemies":"Snecko","floor":24,"turns":6},{"damage":60,"enemies":"Gremlin Leader","floor":27,"turns":6}],"seed_played":"-5649729135881819871","potions_obtained":[{"floor":6.0,"key":"Fire Potion"},{"floor":8.0,"key":"Regen Potion"},{"floor":11.0,"key":"Poison Potion"},{"floor":19.0,"key":"SpeedPotion"},{"floor":24,"key":"SpeedPotion"}],"is_trial":false,"path_per_floor":["M","?","$","?","?","E","M","M","T","R","M","M","R","E","R","B",null,"M","?","$","M","T","R","M","?","T","E"],"character_chosen":"THE_SILENT","items_purchased":["Bag of Marbles"],"campfire_rested":0,"item_purchase_floors":[20],"current_hp_per_floor":[59,59,59,52,52,52,52,52,52,52,50,50,50,48,48,37,59,59,33,33,45,52,52,49,49,49,0],"gold":115,"neow_bonus":"THREE_ENEMY_KILL","is_prod":false,"is_daily":false,"chose_seed":false,"campfire_upgraded":4,"win_rate":0,"timestamp":1567117417,"path_taken":["M","?","?","?","?","E","M","M","T","R","M","M","R","E","R","BOSS","M","?","$","M","?","R","M","?","T","E"],"build_version":"2019-07-17","purchased_purges":2,"victory":false,"max_hp_per_floor":[66,66,66,66,66,66,66,66,66,66,66,66,66,66,66,66,66,66,66,66,66,73,73,73,73,73,73],"card_choices":[{"not_picked":["Outmaneuver","Quick Slash"],"picked":"Dash","floor":1.0},{"not_picked":["Noxious Fumes","Leg Sweep"],"picked":"Well Laid Plans","floor":6.0},{"not_picked":["Deadly Poison","Eviscerate"],"picked":"Backstab","floor":7.0},{"not_picked":["Well Laid Plans","Quick Slash"],"picked":"Dodge and Roll","floor":8.0},{"not_picked":["All Out Attack","Bouncing Flask"],"picked":"Phantasmal Killer","floor":11.0},{"not_picked":["Dagger Throw","Acrobatics"],"picked":"Leg Sweep","floor":12.0},{"not_picked":["Dagger Spray","Outmaneuver","A Thousand Cuts"],"picked":"SKIP","floor":14.0},{"not_picked":["A Thousand Cuts","Malaise"],"picked":"Die Die Die","floor":16.0},{"not_picked":["Cloak And Dagger","Acrobatics","Deadly Poison"],"picked":"SKIP","floor":18.0},{"not_picked":["Tactician","Poisoned Stab","Underhanded Strike"],"picked":"SKIP","floor":21},{"not_picked":["Reflex","Bane"],"picked":"Backflip","floor":24}],"player_experience":975421,"relics_obtained":[{"floor":6.0,"key":"War Paint"},{"floor":9.0,"key":"Bronze Scales"},{"floor":14.0,"key":"Meat on the Bone"},{"floor":19.0,"key":"Red Mask"},{"floor":22,"key":"Strawberry"},{"floor":26,"key":"Ornamental Fan"}],"event_choices":[{"cards_removed":["Strike_G"],"damage_healed":0.0,"max_hp_gain":0.0,"max_hp_loss":0.0,"gold_gain":0.0,"event_name":"Bonfire Elementals","player_choice":"Offered Basic","floor":2.0,"gold_loss":0.0,"damage_taken":0.0},{"cards_removed":["Defend_G"],"damage_healed":0.0,"max_hp_gain":0.0,"max_hp_loss":0.0,"gold_gain":0.0,"event_name":"Golden Wing","player_choice":"Card Removal","floor":4.0,"gold_loss":0.0,"damage_taken":7.0},{"damage_healed":0.0,"max_hp_gain":0.0,"max_hp_loss":0.0,"gold_gain":0.0,"event_name":"Liars Game","player_choice":"Ignored","floor":5.0,"gold_loss":0.0,"damage_taken":0.0},{"damage_healed":0.0,"max_hp_gain":0.0,"max_hp_loss":0.0,"gold_gain":0.0,"event_name":"Masked Bandits","player_choice":"Fought Bandits","floor":19.0,"gold_loss":0.0,"damage_taken":0.0},{"damage_healed":0,"gold_gain":50,"player_choice":"Pray","damage_taken":0,"max_hp_gain":0,"max_hp_loss":0,"event_name":"Golden Shrine","floor":25,"gold_loss":0}],"is_beta":false,"boss_relics":[{"not_picked":["White Beast Statue","Pandora\u0027s Box"],"picked":"Velvet Choker"}],"items_purged_floors":[3,20],"is_endless":false,"potions_floor_spawned":[6,8,11,19,24],"killed_by":"Gremlin Leader","ascension_level":18}