{"gold_per_floor":[119,129,204,204,204,204,154,178,178,192,89,102,102,102],"floor_reached":14,"playtime":472,"items_purged":["Defend_B","Strike_B"],"score":152,"play_id":"c355c299-81e9-4784-96b7-936273daa11c","local_time":"20190903224152","is_ascension_mode":true,"campfire_choices":[{"data":"Streamline","floor":6.0,"key":"SMITH"}],"neow_cost":"NONE","seed_source_timestamp":1375656217982008,"circlet_count":0,"master_deck":["AscendersBane","Strike_B","Strike_B","Defend_B","Defend_B","Zap","Dualcast","Streamline+1","Echo Form","Streamline"],"special_seed":0,"relics":["Cracked Core","Smiling Mask","Golden Idol","Ornamental Fan"],"potions_floor_usage":[12],"damage_taken":[{"damage":8.0,"enemies":"2 Louse","floor":1.0,"turns":3.0},{"damage":7.0,"enemies":"Small Slimes","floor":2.0,"turns":3.0},{"damage":4.0,"enemies":"Jaw Worm","floor":8.0,"turns":3.0},{"damage":6.0,"enemies":"Blue Slaver","floor":10.0,"turns":3.0},{"damage":20,"enemies":"Gremlin Gang","floor":12,"turns":4},{"damage":0,"enemies":"Large Slime","floor":14,"turns":1}],"seed_played":"8523537027491206084","potions_obtained":[{"floor":2.0,"key":"PowerPotion"}],"is_trial":false,"path_per_floor":["M","M","?","?","?","R","$","M","T","M","$","M","?","M"],"character_chosen":"DEFECT","items_purchased":["Streamline"],"campfire_rested":0,"item_purchase_floors":[11],"current_hp_per_floor":[56,49,38,38,31,31,31,27,27,21,21,1,1,1],"gold":102,"neow_bonus":"RANDOM_COMMON_RELIC","is_prod":false,"is_daily":false,"chose_seed":false,"campfire_upgraded":1,"win_rate":0,"timestamp":1567568512,"path_taken":["M","M","?","?","?","R","?","M","T","M","$","?","?","?"],"build_version":"2019-07-17","purchased_purges":2,"victory":false,"max_hp_per_floor":[71,71,71,64,64,64,64,64,64,64,64,64,64,64],"card_choices":[{"not_picked":["Steam","Tempest","Barrage"],"picked":"SKIP","floor":1.0},{"not_picked":["Turbo","Compile Driver"],"picked":"Streamline","floor":2.0},{"not_picked":["Aggregate","Sweeping Beam","Hello World"],"picked":"SKIP","floor":8.0},{"not_picked":["Steam","BootSequence"],"picked":"Echo Form","floor":10.0},{"not_picked":["Stack","Aggregate","Fusion"],"picked":"SKIP","floor":12}],"player_experience":1085873,"relics_obtained":[{"floor":9.0,"key":"Ornamental Fan"}],"event_choices":[{"damage_healed":0.0,"max_hp_gain":0.0,"max_hp_loss":0.0,"gold_gain":75.0,"event_name":"World of Goop","player_choice":"Gather Gold","floor":3.0,"gold_loss":0.0,"damage_taken":11.0},{"damage_healed":0.0,"max_hp_gain":0.0,"max_hp_loss":7.0,"gold_gain":0.0,"event_name":"Golden Idol","player_choice":"Lose Max HP","floor":4.0,"gold_loss":0.0,"damage_taken":0.0,"relics_obtained":["Golden Idol"]},{"cards_removed":["Strike_B"],"damage_healed":0.0,"max_hp_gain":0.0,"max_hp_loss":0.0,"gold_gain":0.0,"event_name":"Golden Wing","player_choice":"Card Removal","floor":5.0,"gold_loss":0.0,"damage_taken":7.0},{"cards_removed":["Defend_B"],"damage_healed":0,"gold_gain":0,"player_choice":"Card Removal","damage_taken":0,"max_hp_gain":0,"max_hp_loss":0,"event_name":"Wheel of Change","floor":13,"gold_loss":0}],"is_beta":false,"boss_relics":[],"items_purged_floors":[7,11],"is_endless":false,"potions_floor_spawned":[2],"killed_by":"Large Slime","ascension_level":18}