{"gold_per_floor":[116,136,155,155,80,115,115,146,172,172,172,183,202,219,219,219],"floor_reached":16,"playtime":653,"items_purged":["Regret"],"score":207,"play_id":"d87d1af8-25d0-4497-95f6-cf5aba548c48","local_time":"20190907120356","is_ascension_mode":true,"campfire_choices":[{"data":"Corruption","floor":7,"key":"SMITH"},{"floor":10,"key":"REST"},{"floor":15,"key":"REST"}],"neow_cost":"NONE","seed_source_timestamp":131123782876988,"circlet_count":0,"master_deck":["AscendersBane","Strike_R","Strike_R","Strike_R","Strike_R","Strike_R","Defend_R","Defend_R","Defend_R","Defend_R","Bash","Corruption+1","True Grit+1","Second Wind","Shockwave","Shrug It Off","Pommel Strike"],"relics":["Burning Blood","Strawberry","Pen Nib","PreservedInsect","Lantern","Ancient Tea Set"],"potions_floor_usage":[6,16],"damage_taken":[{"damage":6,"enemies":"2 Louse","floor":1,"turns":3},{"damage":7,"enemies":"Small Slimes","floor":2,"turns":3},{"damage":24,"enemies":"Cultist","floor":3,"turns":6},{"damage":31,"enemies":"Gremlin Nob","floor":6,"turns":5},{"damage":37,"enemies":"Lagavulin","floor":8,"turns":6},{"damage":11,"enemies":"Blue Slaver","floor":12,"turns":4},{"damage":6,"enemies":"Red Slaver","floor":13,"turns":4},{"damage":16,"enemies":"Lots of Slimes","floor":14,"turns":6},{"damage":60,"enemies":"The Guardian","floor":16,"turns":8}],"seed_played":"4036922902821766168","potions_obtained":[{"floor":1,"key":"BloodPotion"},{"floor":13,"key":"Weak Potion"}],"is_trial":false,"path_per_floor":["M","M","M","?","$","E","R","E","T","R","?","M","M","M","R","B"],"character_chosen":"IRONCLAD","items_purchased":[],"campfire_rested":2,"item_purchase_floors":[],"current_hp_per_floor":[75,74,56,56,56,51,51,20,20,44,44,39,39,29,53,0],"gold":219,"neow_bonus":"RANDOM_COMMON_RELIC","is_prod":false,"is_daily":false,"chose_seed":false,"campfire_upgraded":1,"win_rate":0,"timestamp":1567875836,"path_taken":["M","M","M","?","$","E","R","E","T","R","?","M","M","?","R","BOSS"],"build_version":"2019-07-17","purchased_purges":1,"victory":false,"max_hp_per_floor":[82,82,82,82,82,82,82,82,82,82,82,82,82,82,82,82],"card_choices":[{"not_picked":["Twin Strike","Wild Strike","Sever Soul"],"picked":"SKIP","floor":1},{"not_picked":["Heavy Blade","Clothesline"],"picked":"Corruption","floor":2},{"not_picked":["Wild Strike","Cleave"],"picked":"True Grit","floor":3},{"not_picked":["True Grit","Headbutt"],"picked":"Second Wind","floor":6},{"not_picked":["Disarm","Berserk","Hemokinesis"],"picked":"SKIP","floor":8},{"not_picked":["Cleave","True Grit"],"picked":"Shockwave","floor":12},{"not_picked":["Uppercut","Warcry"],"picked":"Shrug It Off","floor":13},{"not_picked":["Wild Strike","Pummel"],"picked":"Pommel Strike","floor":14}],"player_experience":1122059,"relics_obtained":[{"floor":6,"key":"PreservedInsect"},{"floor":8,"key":"Lantern"},{"floor":9,"key":"Ancient Tea Set"}],"event_choices":[{"damage_healed":0,"gold_gain":0,"player_choice":"Box","damage_taken":0,"relics_obtained":["Pen Nib"],"max_hp_gain":0,"max_hp_loss":0,"event_name":"Big Fish","floor":4,"gold_loss":0,"cards_obtained":["Regret"]},{"damage_healed":0,"gold_gain":0,"player_choice":"Upgraded","damage_taken":0,"max_hp_gain":0,"max_hp_loss":0,"event_name":"Upgrade Shrine","floor":11,"gold_loss":0,"cards_upgraded":["True Grit"]}],"is_beta":false,"boss_relics":[],"items_purged_floors":[5],"is_endless":false,"potions_floor_spawned":[1,13],"killed_by":"The Guardian","ascension_level":17}