{"gold_per_floor":[361,379,20,33,33,33,49,49,75,75,88,124,140,165,165,289,289,313,125,156,174,104,104,19,19,44,83,133,157,157,201,201,320,320,335,356,134,259,169,169,169,194,219,243,93,93,93,117,117,117],"floor_reached":51,"playtime":7771,"items_purged":["Defend_G","Defend_G","Strike_G","Strike_G"],"score":963,"play_id":"8a573058-6499-4774-b7b3-14756f11787d","local_time":"20190821185151","is_ascension_mode":true,"campfire_choices":[{"floor":6.0,"key":"REST"},{"data":"Blur","floor":10.0,"key":"SMITH"},{"floor":15.0,"key":"REST"},{"floor":23.0,"key":"REST"},{"data":"Noxious Fumes","floor":25.0,"key":"SMITH"},{"floor":30.0,"key":"REST"},{"floor":32.0,"key":"REST"},{"data":"Backflip","floor":40.0,"key":"SMITH"},{"data":"Footwork","floor":41.0,"key":"SMITH"},{"data":"Footwork","floor":47,"key":"SMITH"},{"floor":49,"key":"REST"}],"neow_cost":"PERCENT_DAMAGE","seed_source_timestamp":756821471119975,"circlet_count":0,"master_deck":["AscendersBane","Strike_G","Strike_G","Defend_G","Defend_G+1","Defend_G+1","Survivor","Neutralize","Infinite Blades","Noxious Fumes+1","Cloak And Dagger+1","Blur+1","Cloak And Dagger","Cloak And Dagger+1","Calculated Gamble","Envenom","Trip+1","Backflip+1","Dash","Footwork+1","Leg Sweep","Slice","Envenom","Slice+1","Backflip","Footwork+1","Leg Sweep+1","Backflip+1"],"special_seed":0,"relics":["Ring of the Snake","Paper Crane","Golden Idol","Anchor","Odd Mushroom","WristBlade","Red Mask","Omamori","War Paint","Matryoshka","Pocketwatch","Cursed Key","WingedGreaves","Boot","Ancient Tea Set"],"potions_floor_usage":[50,50],"damage_taken":[{"damage":1.0,"enemies":"Cultist","floor":1.0,"turns":4.0},{"damage":0.0,"enemies":"Small Slimes","floor":2.0,"turns":3.0},{"damage":4.0,"enemies":"2 Louse","floor":4.0,"turns":3.0},{"damage":1.0,"enemies":"2 Fungi Beasts","floor":7.0,"turns":3.0},{"damage":1.0,"enemies":"Large Slime","floor":11.0,"turns":6.0},{"damage":5.0,"enemies":"The Mushroom Lair","floor":12.0,"turns":5.0},{"damage":12.0,"enemies":"Gremlin Gang","floor":13.0,"turns":6.0},{"damage":0.0,"enemies":"2 Fungi Beasts","floor":14.0,"turns":4.0},{"damage":23.0,"enemies":"The Guardian","floor":16.0,"turns":15.0},{"damage":10.0,"enemies":"Spheric Guardian","floor":18.0,"turns":5.0},{"damage":19.0,"enemies":"Masked Bandits","floor":20.0,"turns":5.0},{"damage":5.0,"enemies":"2 Thieves","floor":21.0,"turns":4.0},{"damage":13.0,"enemies":"Slavers","floor":27.0,"turns":6.0},{"damage":8.0,"enemies":"Cultist and Chosen","floor":29.0,"turns":7.0},{"damage":22.0,"enemies":"Gremlin Leader","floor":31.0,"turns":6.0},{"damage":27.0,"enemies":"Champ","floor":33.0,"turns":12.0},{"damage":0.0,"enemies":"3 Shapes","floor":35.0,"turns":6.0},{"damage":4.0,"enemies":"Orb Walker","floor":36.0,"turns":4.0},{"damage":0.0,"enemies":"Mind Bloom Boss Battle","floor":38.0,"turns":7.0},{"damage":8.0,"enemies":"Transient","floor":42.0,"turns":5.0},{"damage":2.0,"enemies":"Maw","floor":44.0,"turns":8.0},{"damage":1,"enemies":"Jaw Worm Horde","floor":48,"turns":4},{"damage":6,"enemies":"Awakened One","floor":50,"turns":18}],"seed_played":"-6546577366893838609","potions_obtained":[{"floor":1.0,"key":"Swift Potion"},{"floor":4.0,"key":"SpeedPotion"},{"floor":14.0,"key":"Strength Potion"},{"floor":16.0,"key":"Block Potion"},{"floor":18.0,"key":"SteroidPotion"},{"floor":29.0,"key":"SpeedPotion"},{"floor":33.0,"key":"Block Potion"},{"floor":36.0,"key":"Swift Potion"},{"floor":38.0,"key":"Ancient Potion"}],"is_trial":false,"path_per_floor":["M","M","$","M","?","R","M","?","T","R","M","?","M","M","R","B",null,"M","$","?","M","$","R","?","R","T","E","?","M","R","E","R","B",null,"M","M","$","?","?","R","R","M","T","M","$","?","R","M","R","B",null],"character_chosen":"THE_SILENT","items_purchased":["Noxious Fumes","Paper Crane","Trip","Footwork","Backflip","Footwork"],"campfire_rested":6,"item_purchase_floors":[3,3,19,22,37,37],"current_hp_per_floor":[44,44,44,40,26,47,46,46,46,46,45,40,28,28,47,24,55,45,45,26,21,21,40,40,40,40,27,27,19,38,16,35,8,51,51,47,47,47,47,47,47,39,39,37,37,37,37,36,55,49],"gold":117,"neow_bonus":"TWO_FIFTY_GOLD","is_prod":false,"is_daily":false,"chose_seed":false,"campfire_upgraded":5,"win_rate":0,"timestamp":1566431511,"path_taken":["M","?","$","M","?","R","M","?","T","R","M","?","M","M","R","BOSS","M","$","?","M","$","R","?","R","T","E","?","?","R","E","R","BOSS","M","?","$","?","?","R","R","M","T","?","$","?","R","M","R","BOSS"],"build_version":"2019-07-17","purchased_purges":4,"victory":true,"max_hp_per_floor":[70,70,70,70,70,70,70,65,65,65,65,65,65,65,65,65,65,65,65,65,65,65,65,65,65,65,65,65,65,65,65,65,65,65,65,65,65,65,65,65,65,65,65,65,65,65,65,65,65,65],"card_choices":[{"not_picked":["Caltrops","Poisoned Stab"],"picked":"Infinite Blades","floor":1.0},{"not_picked":["Flying Knee","Choke","Distraction"],"picked":"SKIP","floor":2.0},{"not_picked":["Dagger Throw","Acrobatics"],"picked":"Cloak And Dagger","floor":4.0},{"not_picked":["Accuracy","Underhanded Strike"],"picked":"Blur","floor":7.0},{"not_picked":["Outmaneuver","Deadly Poison","Finisher"],"picked":"SKIP","floor":11.0},{"not_picked":["Sucker Punch","Infinite Blades"],"picked":"Cloak And Dagger","floor":12.0},{"not_picked":["Eviscerate","Deadly Poison"],"picked":"Cloak And Dagger","floor":13.0},{"not_picked":["Setup","Dagger Spray"],"picked":"Calculated Gamble","floor":14.0},{"not_picked":["Glass Knife","Adrenaline"],"picked":"Envenom","floor":16.0},{"not_picked":["Catalyst","Dagger Spray","Flying Knee"],"picked":"SKIP","floor":18.0},{"not_picked":["Concentrate","Outmaneuver"],"picked":"Backflip","floor":20.0},{"not_picked":["Dodge and Roll","Sucker Punch"],"picked":"Dash","floor":21.0},{"not_picked":["Malaise","Reflex"],"picked":"Leg Sweep","floor":27.0},{"not_picked":["Outmaneuver","Dagger Spray+1"],"picked":"Slice","floor":29.0},{"not_picked":["Bouncing Flask","Sucker Punch","Dodge and Roll"],"picked":"SKIP","floor":31.0},{"not_picked":["Glass Knife","Phantasmal Killer"],"picked":"Envenom","floor":33.0},{"not_picked":["Choke","Finisher+1"],"picked":"Slice+1","floor":35.0},{"not_picked":["Skewer","Dagger Spray","Expertise"],"picked":"SKIP","floor":36.0},{"not_picked":["Cloak And Dagger","Poisoned Stab+1"],"picked":"Leg Sweep+1","floor":38.0},{"not_picked":["Outmaneuver","Expertise+1","Caltrops+1"],"picked":"SKIP","floor":42.0},{"not_picked":["Setup+1","Crippling Poison","PiercingWail"],"picked":"SKIP","floor":44.0},{"not_picked":["Distraction+1","Sucker Punch"],"picked":"Backflip+1","floor":48}],"player_experience":730915,"relics_obtained":[{"floor":9.0,"key":"Anchor"},{"floor":12.0,"key":"Odd Mushroom"},{"floor":20.0,"key":"Red Mask"},{"floor":26.0,"key":"War Paint"},{"floor":27.0,"key":"Matryoshka"},{"floor":31.0,"key":"Pocketwatch"},{"floor":38.0,"key":"WingedGreaves"},{"floor":43.0,"key":"Boot"},{"floor":43.0,"key":"Ancient Tea Set"}],"event_choices":[{"damage_healed":0.0,"max_hp_gain":0.0,"max_hp_loss":0.0,"gold_gain":0.0,"event_name":"Shining Light","player_choice":"Entered Light","floor":5.0,"gold_loss":0.0,"damage_taken":14.0,"cards_upgraded":["Cloak And Dagger","Defend_G"]},{"damage_healed":0.0,"max_hp_gain":0.0,"max_hp_loss":5.0,"gold_gain":0.0,"event_name":"Golden Idol","player_choice":"Lose Max HP","floor":8.0,"gold_loss":0.0,"damage_taken":0.0,"relics_obtained":["Golden Idol"]},{"damage_healed":0.0,"max_hp_gain":0.0,"max_hp_loss":0.0,"gold_gain":0.0,"event_name":"Mushrooms","player_choice":"Fought Mushrooms","floor":12.0,"gold_loss":0.0,"damage_taken":0.0},{"damage_healed":0.0,"max_hp_gain":0.0,"max_hp_loss":0.0,"gold_gain":0.0,"event_name":"Masked Bandits","player_choice":"Fought Bandits","floor":20.0,"gold_loss":0.0,"damage_taken":0.0},{"damage_healed":0.0,"max_hp_gain":0.0,"max_hp_loss":0.0,"gold_gain":0.0,"event_name":"Addict","player_choice":"Obtained Relic","floor":24.0,"gold_loss":85.0,"damage_taken":0.0,"relics_obtained":["Omamori"]},{"damage_healed":0.0,"max_hp_gain":0.0,"max_hp_loss":0.0,"gold_gain":100.0,"event_name":"The Joust","player_choice":"Bet on Murderer","floor":28.0,"gold_loss":50.0,"damage_taken":0.0},{"damage_healed":0.0,"max_hp_gain":0.0,"max_hp_loss":0.0,"gold_gain":0.0,"event_name":"MindBloom","player_choice":"Fight","floor":38.0,"gold_loss":0.0,"damage_taken":0.0},{"cards_removed":["Strike_G"],"damage_healed":0.0,"max_hp_gain":0.0,"max_hp_loss":0.0,"gold_gain":0.0,"event_name":"Designer","player_choice":"Upgrade and Remove","floor":39.0,"gold_loss":90.0,"damage_taken":0.0,"cards_upgraded":["Trip"]},{"damage_healed":0,"gold_gain":0,"player_choice":"Memory 1","damage_taken":0,"max_hp_gain":0,"max_hp_loss":0,"event_name":"SensoryStone","floor":46,"gold_loss":0}],"is_beta":false,"boss_relics":[{"not_picked":["Runic Pyramid","Velvet Choker"],"picked":"WristBlade"},{"not_picked":["Runic Dome","Lizard Tail"],"picked":"Cursed Key"}],"items_purged_floors":[3,19,37,45],"is_endless":false,"potions_floor_spawned":[1,4,14,16,18,29,33,36,38,42],"ascension_level":10}