{"gold_per_floor":[212,231,243,12,29,54,54,87,87,122,122,122,72,89,89,89],"floor_reached":16,"playtime":1278,"items_purged":[],"score":192,"play_id":"6b6c770a-e646-457c-9cf3-caf9cf02c98d","local_time":"20190823135433","is_ascension_mode":true,"campfire_choices":[{"data":"Adrenaline","floor":7.0,"key":"SMITH"},{"floor":11.0,"key":"REST"},{"data":"Neutralize","floor":15,"key":"SMITH"}],"neow_cost":"NONE","seed_source_timestamp":859658443625374,"circlet_count":0,"master_deck":["AscendersBane","Strike_G","Strike_G","Strike_G","Strike_G","Strike_G","Defend_G","Defend_G","Defend_G","Defend_G","Survivor","Neutralize+1","Deflect","Deflect","Adrenaline+1","Slice","Expertise","Backflip","Well Laid Plans+1"],"special_seed":0,"relics":["Ring of the Snake","PreservedInsect","Mummified Hand","Ornamental Fan","Dodecahedron","Frozen Egg 2"],"potions_floor_usage":[],"damage_taken":[{"damage":0.0,"enemies":"2 Louse","floor":1.0,"turns":3.0},{"damage":1.0,"enemies":"Small Slimes","floor":2.0,"turns":6.0},{"damage":2.0,"enemies":"Cultist","floor":3.0,"turns":5.0},{"damage":1.0,"enemies":"Exordium Thugs","floor":5.0,"turns":9.0},{"damage":18.0,"enemies":"3 Sentries","floor":6.0,"turns":10.0},{"damage":24.0,"enemies":"Gremlin Nob","floor":8.0,"turns":5.0},{"damage":26.0,"enemies":"Lagavulin","floor":10.0,"turns":8.0},{"damage":1,"enemies":"Red Slaver","floor":14,"turns":4},{"damage":22,"enemies":"Slime Boss","floor":16,"turns":9}],"seed_played":"5685802411098956512","potions_obtained":[{"floor":5.0,"key":"FairyPotion"},{"floor":10.0,"key":"Ancient Potion"}],"is_trial":false,"path_per_floor":["M","M","M","$","M","E","R","E","T","E","R","?","?","M","R","B"],"character_chosen":"THE_SILENT","items_purchased":["PreservedInsect","Adrenaline"],"campfire_rested":1,"item_purchase_floors":[4,4],"current_hp_per_floor":[63,62,60,60,59,41,41,17,17,7,28,28,28,27,27,5],"gold":89,"neow_bonus":"HUNDRED_GOLD","is_prod":false,"is_daily":false,"chose_seed":false,"campfire_upgraded":2,"win_rate":0,"timestamp":1566586473,"path_taken":["M","M","M","$","M","E","R","E","T","E","R","?","?","M","R","BOSS"],"build_version":"2019-07-17","purchased_purges":0,"victory":false,"max_hp_per_floor":[70,70,70,70,70,70,70,70,70,70,70,70,70,70,70,70],"card_choices":[{"not_picked":["Quick Slash","Flying Knee","Distraction"],"picked":"SKIP","floor":1.0},{"not_picked":["Acrobatics","Blade Dance"],"picked":"Deflect","floor":2.0},{"not_picked":["Dagger Spray","Sucker Punch"],"picked":"Deflect","floor":3.0},{"not_picked":["Deflect","Cloak And Dagger"],"picked":"Slice","floor":5.0},{"not_picked":["Dagger Spray","Riddle With Holes"],"picked":"Expertise","floor":6.0},{"not_picked":["Corpse Explosion","Quick Slash","Reflex"],"picked":"SKIP","floor":8.0},{"not_picked":["Flechettes","Outmaneuver"],"picked":"Backflip","floor":10.0},{"not_picked":["Infinite Blades+1","Quick Slash"],"picked":"Well Laid Plans+1","floor":14}],"player_experience":802916,"relics_obtained":[{"floor":6.0,"key":"Mummified Hand"},{"floor":8.0,"key":"Ornamental Fan"},{"floor":9.0,"key":"Dodecahedron"},{"floor":10.0,"key":"Frozen Egg 2"}],"event_choices":[{"damage_healed":0,"gold_gain":0,"player_choice":"Searched \u00270\u0027 times","damage_taken":0,"max_hp_gain":0,"max_hp_loss":0,"event_name":"Dead Adventurer","floor":12,"gold_loss":0},{"cards_removed":["Defend_G"],"damage_healed":0,"gold_gain":0,"player_choice":"Card Removal","damage_taken":0,"max_hp_gain":0,"max_hp_loss":0,"event_name":"The Cleric","floor":13,"gold_loss":50}],"is_beta":false,"boss_relics":[],"items_purged_floors":[],"is_endless":false,"potions_floor_spawned":[5,10],"killed_by":"Slime Boss","ascension_level":12}