{"gold_per_floor":[115,135,60,72,89,89,120,120,120,120,132,132,132,148,148,148],"floor_reached":16,"playtime":562,"items_purged":["Defend_R"],"score":173,"play_id":"e5262dd8-ed92-40b3-957a-0234475f521d","local_time":"20190825222103","is_ascension_mode":true,"campfire_choices":[{"data":"Shrug It Off","floor":6.0,"key":"SMITH"},{"data":"Shrug It Off","floor":8.0,"key":"SMITH"},{"floor":10.0,"key":"REST"},{"floor":15,"key":"REST"}],"neow_cost":"NONE","seed_source_timestamp":978961432142737,"circlet_count":0,"master_deck":["AscendersBane","Strike_R","Strike_R","Strike_R","Strike_R","Strike_R","Defend_R","Defend_R","Defend_R","Bash","Shrug It Off+1","Entrench","Shrug It Off+1","Inflame","Decay"],"special_seed":0,"relics":["Burning Blood","NeowsBlessing","Torii","Champion Belt","Incense Burner"],"potions_floor_usage":[14],"damage_taken":[{"damage":0.0,"enemies":"Small Slimes","floor":1.0,"turns":1.0},{"damage":0.0,"enemies":"Cultist","floor":2.0,"turns":1.0},{"damage":0.0,"enemies":"Jaw Worm","floor":4.0,"turns":1.0},{"damage":12.0,"enemies":"Looter","floor":5.0,"turns":4.0},{"damage":53.0,"enemies":"Lagavulin","floor":7.0,"turns":8.0},{"damage":18.0,"enemies":"Large Slime","floor":11.0,"turns":10.0},{"damage":8,"enemies":"3 Louse","floor":14,"turns":5},{"damage":0,"enemies":"The Guardian","floor":16,"turns":1}],"seed_played":"2526618412008640324","potions_obtained":[{"floor":1.0,"key":"Dexterity Potion"},{"floor":4.0,"key":"Poison Potion"},{"floor":14,"key":"Fire Potion"}],"is_trial":false,"path_per_floor":["M","M","$","M","M","R","E","R","T","R","M","?","?","M","R","B"],"character_chosen":"IRONCLAD","items_purchased":[],"campfire_rested":2,"item_purchase_floors":[],"current_hp_per_floor":[74,75,75,75,69,69,22,22,22,44,32,32,32,30,52,52],"gold":148,"neow_bonus":"THREE_ENEMY_KILL","is_prod":false,"is_daily":false,"chose_seed":false,"campfire_upgraded":2,"win_rate":0,"timestamp":1566789663,"path_taken":["M","M","$","M","M","R","E","R","T","R","M","?","?","?","R","BOSS"],"build_version":"2019-07-17","purchased_purges":1,"victory":false,"max_hp_per_floor":[75,75,75,75,75,75,75,75,75,75,75,75,75,75,75,75],"card_choices":[{"not_picked":["Blood for Blood","Bloodletting","Infernal Blade"],"picked":"SKIP","floor":1.0},{"not_picked":["Reckless Charge","Body Slam"],"picked":"Shrug It Off","floor":2.0},{"not_picked":["Disarm","Sentinel"],"picked":"Entrench","floor":4.0},{"not_picked":["Twin Strike","Hemokinesis"],"picked":"Shrug It Off","floor":5.0},{"not_picked":["Heavy Blade","Spot Weakness","Clash"],"picked":"SKIP","floor":7.0},{"not_picked":["Ghostly Armor","Anger"],"picked":"Inflame","floor":11.0},{"not_picked":["Disarm","Perfected Strike","Havoc"],"picked":"SKIP","floor":14}],"player_experience":887979,"relics_obtained":[{"floor":7.0,"key":"Torii"},{"floor":9.0,"key":"Champion Belt"}],"event_choices":[{"damage_healed":0.0,"max_hp_gain":0.0,"max_hp_loss":0.0,"gold_gain":0.0,"event_name":"Dead Adventurer","player_choice":"Searched \u00271\u0027 times","floor":12.0,"gold_loss":0.0,"damage_taken":0.0,"relics_obtained":["Incense Burner"]},{"damage_healed":0,"gold_gain":0,"player_choice":"Cursed","damage_taken":0,"max_hp_gain":0,"max_hp_loss":0,"event_name":"Wheel of Change","floor":13,"gold_loss":0,"cards_obtained":["Decay"]}],"is_beta":false,"boss_relics":[],"items_purged_floors":[3],"is_endless":false,"potions_floor_spawned":[1,4,14],"killed_by":"The Guardian","ascension_level":14}