{"gold_per_floor":[119,44,54,54,54,82,82,105,128,143,143,158,174,187,187,263,263,282,282,139,151,164,164,177,177,177,190,190,37,51,51,51,51],"floor_reached":33,"playtime":2050,"items_purged":["Strike_B","Shame"],"score":521,"play_id":"ca4dcc6d-63b0-4bac-aa05-8656580f780f","local_time":"20190902135330","is_ascension_mode":true,"campfire_choices":[{"floor":11.0,"key":"REST"},{"floor":15.0,"key":"REST"},{"data":"Hologram","floor":23.0,"key":"SMITH"},{"data":"Electrodynamics","floor":25.0,"key":"SMITH"},{"data":"Tempest","floor":28.0,"key":"SMITH"},{"floor":32,"key":"REST"}],"neow_cost":"NONE","seed_source_timestamp":1315169427881040,"circlet_count":0,"master_deck":["AscendersBane","Strike_B+1","Strike_B","Strike_B","Defend_B","Defend_B","Defend_B+1","Zap","Dualcast","BootSequence","Beam Cell","Hologram+1","Cold Snap","Gash","Electrodynamics+1","Auto Shields","BootSequence+1","Tempest+1","Leap+1","Machine Learning","Streamline+1"],"special_seed":0,"relics":["Cracked Core","NeowsBlessing","Bag of Preparation","Lantern","Omamori","Bronze Scales","Calling Bell","Orichalcum","Dodecahedron","Torii","Letter Opener"],"potions_floor_usage":[33],"damage_taken":[{"damage":0.0,"enemies":"2 Louse","floor":1.0,"turns":1.0},{"damage":0.0,"enemies":"Small Slimes","floor":3.0,"turns":1.0},{"damage":0.0,"enemies":"Lagavulin","floor":6.0,"turns":1.0},{"damage":0.0,"enemies":"Jaw Worm","floor":10.0,"turns":2.0},{"damage":5.0,"enemies":"Lots of Slimes","floor":12.0,"turns":3.0},{"damage":0.0,"enemies":"Exordium Thugs","floor":13.0,"turns":4.0},{"damage":0.0,"enemies":"2 Fungi Beasts","floor":14.0,"turns":2.0},{"damage":13.0,"enemies":"The Guardian","floor":16.0,"turns":11.0},{"damage":0.0,"enemies":"3 Byrds","floor":18.0,"turns":2.0},{"damage":18.0,"enemies":"Spheric Guardian","floor":21.0,"turns":4.0},{"damage":1.0,"enemies":"Centurion and Healer","floor":22.0,"turns":7.0},{"damage":37.0,"enemies":"Snecko","floor":24.0,"turns":8.0},{"damage":0.0,"enemies":"3 Cultists","floor":27.0,"turns":3.0},{"damage":9,"enemies":"Snake Plant","floor":30,"turns":5},{"damage":35,"enemies":"Collector","floor":33,"turns":3}],"seed_played":"-3839201292333505275","potions_obtained":[{"floor":1.0,"key":"FocusPotion"},{"floor":6.0,"key":"SkillPotion"},{"floor":14.0,"key":"SteroidPotion"},{"floor":21.0,"key":"Regen Potion"},{"floor":27.0,"key":"PowerPotion"},{"floor":30,"key":"FearPotion"}],"is_trial":false,"path_per_floor":["M","$","M","?","?","E","?","T","T","M","R","M","M","M","R","B",null,"M","?","$","M","M","R","M","R","T","M","R","$","M","?","R","B"],"character_chosen":"DEFECT","items_purchased":["Auto Shields","Machine Learning"],"campfire_rested":3,"item_purchase_floors":[20,29],"current_hp_per_floor":[64,64,64,29,29,29,8,8,8,8,29,24,24,24,45,32,61,61,61,61,43,57,57,20,20,20,20,20,20,11,11,32,0],"gold":51,"neow_bonus":"THREE_ENEMY_KILL","is_prod":false,"is_daily":false,"chose_seed":false,"campfire_upgraded":3,"win_rate":0,"timestamp":1567450410,"path_taken":["M","$","M","?","?","E","?","?","T","M","R","?","?","M","R","BOSS","M","?","$","M","M","R","M","R","T","M","R","$","M","?","R","BOSS"],"build_version":"2019-07-17","purchased_purges":2,"victory":false,"max_hp_per_floor":[71,71,71,71,71,71,71,71,71,71,71,71,71,71,71,71,71,71,71,71,71,71,71,71,71,71,71,71,71,71,71,71,71],"card_choices":[{"not_picked":["Blizzard","Stack","Doom and Gloom"],"picked":"SKIP","floor":1.0},{"not_picked":["Steam Power","Force Field","Compile Driver"],"picked":"SKIP","floor":3.0},{"not_picked":["Capacitor","Hello World"],"picked":"BootSequence","floor":6.0},{"not_picked":["Storm","Heatsinks"],"picked":"Beam Cell","floor":10.0},{"not_picked":["Streamline","Beam Cell"],"picked":"Hologram","floor":12.0},{"not_picked":["Sweeping Beam","Reinforced Body"],"picked":"Cold Snap","floor":13.0},{"not_picked":["Meteor Strike","Beam Cell"],"picked":"Gash","floor":14.0},{"not_picked":["Buffer","Seek"],"picked":"Electrodynamics","floor":16.0},{"not_picked":["Storm","Conserve Battery","Stack"],"picked":"SKIP","floor":18.0},{"not_picked":["Compile Driver","Go for the Eyes","Turbo"],"picked":"SKIP","floor":21.0},{"not_picked":["Force Field","Rebound"],"picked":"BootSequence+1","floor":22.0},{"not_picked":["Stack","Tempest","Conserve Battery"],"picked":"SKIP","floor":24.0},{"not_picked":["Stack","Conserve Battery"],"picked":"Tempest","floor":24.0},{"not_picked":["Streamline","Compile Driver"],"picked":"Leap","floor":27.0},{"not_picked":["Blizzard","Cold Snap"],"picked":"Streamline+1","floor":30}],"player_experience":1049108,"relics_obtained":[{"floor":6.0,"key":"Lantern"},{"floor":8.0,"key":"Omamori"},{"floor":9.0,"key":"Bronze Scales"},{"floor":17.0,"key":"Orichalcum"},{"floor":17.0,"key":"Dodecahedron"},{"floor":17.0,"key":"Torii"},{"floor":26.0,"key":"Letter Opener"}],"event_choices":[{"damage_healed":0.0,"max_hp_gain":0.0,"max_hp_loss":0.0,"gold_gain":0.0,"event_name":"Scrap Ooze","player_choice":"Success","floor":4.0,"gold_loss":0.0,"damage_taken":35.0,"relics_obtained":["Bag of Preparation"]},{"cards_removed":["Defend_B"],"damage_healed":0.0,"max_hp_gain":0.0,"max_hp_loss":0.0,"gold_gain":0.0,"event_name":"Living Wall","player_choice":"Forget","floor":5.0,"gold_loss":0.0,"damage_taken":0.0},{"damage_healed":0.0,"max_hp_gain":0.0,"max_hp_loss":0.0,"gold_gain":0.0,"event_name":"Shining Light","player_choice":"Entered Light","floor":7.0,"gold_loss":0.0,"damage_taken":21.0,"cards_upgraded":["Defend_B","Strike_B"]},{"damage_healed":0.0,"max_hp_gain":0.0,"max_hp_loss":0.0,"gold_gain":0.0,"event_name":"The Mausoleum","player_choice":"Ignored","floor":19.0,"gold_loss":0.0,"damage_taken":0.0},{"damage_healed":0,"gold_gain":0,"player_choice":"Forge","damage_taken":0,"max_hp_gain":0,"max_hp_loss":0,"event_name":"Accursed Blacksmith","floor":31,"gold_loss":0,"cards_upgraded":["Leap"]}],"is_beta":false,"boss_relics":[{"not_picked":["Coffee Dripper","Snecko Eye"],"picked":"Calling Bell"}],"items_purged_floors":[2,20],"is_endless":false,"potions_floor_spawned":[1,6,14,21,27,30],"killed_by":"Collector","ascension_level":18}