{"gold_per_floor":[113,130,205,64,64,99,99,117,117,151,151,171,202,127,127,204,204,219,219,230,155,174,174,174,89,89,89],"floor_reached":27,"playtime":2974,"items_purged":["Defend_G"],"score":495,"play_id":"74a11aca-97b7-4e15-b960-f5f642bf6a36","local_time":"20190830213831","is_ascension_mode":true,"campfire_choices":[{"data":"Noxious Fumes","floor":7.0,"key":"SMITH"},{"floor":11.0,"key":"REST"},{"floor":15.0,"key":"REST"},{"data":"Envenom","floor":23,"key":"SMITH"}],"neow_cost":"NONE","seed_source_timestamp":1206416268140217,"circlet_count":0,"master_deck":["AscendersBane","Strike_G","Strike_G","Strike_G","Strike_G","Defend_G","Defend_G","Defend_G","Survivor","Neutralize","Noxious Fumes+1","Accuracy","Blade Dance","Crippling Poison","Well Laid Plans","Footwork","Envenom+1","Blade Dance","Dodge and Roll+1","Well Laid Plans+1"],"special_seed":0,"relics":["Ring of the Snake","NeowsBlessing","Meat on the Bone","Pear","Happy Flower","Bronze Scales","WristBlade","FossilizedHelix","Singing Bowl"],"potions_floor_usage":[22],"damage_taken":[{"damage":0.0,"enemies":"2 Louse","floor":1.0,"turns":1.0},{"damage":0.0,"enemies":"Small Slimes","floor":2.0,"turns":1.0},{"damage":0.0,"enemies":"Gremlin Nob","floor":6.0,"turns":1.0},{"damage":4.0,"enemies":"Cultist","floor":8.0,"turns":4.0},{"damage":22.0,"enemies":"3 Sentries","floor":10.0,"turns":7.0},{"damage":12.0,"enemies":"3 Louse","floor":12.0,"turns":4.0},{"damage":5.0,"enemies":"Lagavulin","floor":13.0,"turns":8.0},{"damage":35.0,"enemies":"The Guardian","floor":16.0,"turns":11.0},{"damage":33.0,"enemies":"2 Thieves","floor":18.0,"turns":4.0},{"damage":18,"enemies":"Chosen","floor":20,"turns":5},{"damage":11,"enemies":"Snake Plant","floor":22,"turns":4},{"damage":52,"enemies":"Gremlin Leader","floor":27,"turns":3}],"seed_played":"-6504990044947167469","potions_obtained":[{"floor":1.0,"key":"Explosive Potion"},{"floor":12.0,"key":"Dexterity Potion"},{"floor":13.0,"key":"FearPotion"},{"floor":18.0,"key":"Explosive Potion"}],"is_trial":false,"path_per_floor":["M","M","?","$","?","E","R","M","T","E","R","M","E","?","R","B",null,"M","?","M","$","M","R","?","?","T","E"],"character_chosen":"THE_SILENT","items_purchased":["Accuracy","Blade Dance"],"campfire_rested":2,"item_purchase_floors":[4,4],"current_hp_per_floor":[59,59,48,48,48,48,48,44,54,44,66,54,49,49,71,48,69,48,48,42,42,43,43,43,43,43,0],"gold":89,"neow_bonus":"THREE_ENEMY_KILL","is_prod":false,"is_daily":false,"chose_seed":false,"campfire_upgraded":2,"win_rate":0,"timestamp":1567219111,"path_taken":["M","M","?","$","?","E","R","M","T","E","R","M","E","?","R","BOSS","M","?","M","$","M","R","?","?","T","E"],"build_version":"2019-07-17","purchased_purges":1,"victory":false,"max_hp_per_floor":[66,66,66,66,66,66,66,66,76,76,76,76,76,76,76,76,76,76,76,76,76,76,76,76,76,76,76],"card_choices":[{"not_picked":["Dagger Throw","Cloak And Dagger"],"picked":"Noxious Fumes","floor":1.0},{"not_picked":["Dodge and Roll","Choke","PiercingWail"],"picked":"SKIP","floor":2.0},{"not_picked":["Outmaneuver","Underhanded Strike","Distraction"],"picked":"SKIP","floor":6.0},{"not_picked":["Outmaneuver","Underhanded Strike","Distraction"],"picked":"SKIP","floor":6.0},{"not_picked":["Prepared","Dodge and Roll","Slice"],"picked":"SKIP","floor":8.0},{"not_picked":["Dagger Spray","A Thousand Cuts"],"picked":"Crippling Poison","floor":10.0},{"not_picked":["Slice","Bane"],"picked":"Well Laid Plans","floor":12.0},{"not_picked":["Noxious Fumes","Storm of Steel"],"picked":"Footwork","floor":13.0},{"not_picked":["Tools of the Trade","Bullet Time"],"picked":"Envenom","floor":16.0},{"not_picked":["Accuracy","Acrobatics"],"picked":"Blade Dance","floor":18.0},{"not_picked":["Infinite Blades","Masterful Stab"],"picked":"Dodge and Roll+1","floor":20},{"not_picked":["Acrobatics","Sucker Punch"],"picked":"Well Laid Plans+1","floor":22}],"player_experience":1004729,"relics_obtained":[{"floor":6.0,"key":"Meat on the Bone"},{"floor":9.0,"key":"Pear"},{"floor":10.0,"key":"Happy Flower"},{"floor":13.0,"key":"Bronze Scales"},{"floor":26,"key":"Singing Bowl"}],"event_choices":[{"damage_healed":0.0,"max_hp_gain":0.0,"max_hp_loss":0.0,"gold_gain":75.0,"event_name":"World of Goop","player_choice":"Gather Gold","floor":3.0,"gold_loss":0.0,"damage_taken":11.0},{"cards_removed":["Strike_G"],"damage_healed":0.0,"max_hp_gain":0.0,"max_hp_loss":0.0,"gold_gain":0.0,"event_name":"Living Wall","player_choice":"Forget","floor":5.0,"gold_loss":0.0,"damage_taken":0.0},{"cards_removed":["Defend_G"],"damage_healed":0.0,"max_hp_gain":0.0,"max_hp_loss":0.0,"gold_gain":0.0,"event_name":"The Cleric","player_choice":"Card Removal","floor":14.0,"gold_loss":75.0,"damage_taken":0.0},{"damage_healed":0,"gold_gain":0,"player_choice":"Ignored","damage_taken":0,"max_hp_gain":0,"max_hp_loss":0,"event_name":"Cursed Tome","floor":19,"gold_loss":0},{"damage_healed":0,"gold_gain":0,"player_choice":"Ignored","damage_taken":0,"max_hp_gain":0,"max_hp_loss":0,"event_name":"The Mausoleum","floor":24,"gold_loss":0},{"damage_healed":0,"gold_gain":0,"player_choice":"Obtained Relic","damage_taken":0,"relics_obtained":["FossilizedHelix"],"max_hp_gain":0,"max_hp_loss":0,"event_name":"Addict","floor":25,"gold_loss":85}],"is_beta":false,"boss_relics":[{"not_picked":["Black Star","White Beast Statue"],"picked":"WristBlade"}],"items_purged_floors":[21],"is_endless":false,"potions_floor_spawned":[1,12,13,18],"killed_by":"Gremlin Leader","ascension_level":19}