{"gold_per_floor":[115,129,204,46,46,72,12,23,23,40,40,60,60,95,95,95],"floor_reached":16,"playtime":317,"items_purged":["Strike_R"],"score":263,"play_id":"04089ad4-a1da-4202-a013-71a9b256aef5","local_time":"20190908195402","is_ascension_mode":true,"campfire_choices":[{"data":"Rampage","floor":11.0,"key":"SMITH"},{"data":"Seeing Red","floor":13,"key":"SMITH"},{"floor":15,"key":"REST"}],"neow_cost":"NONE","seed_source_timestamp":183360972226358,"circlet_count":0,"master_deck":["AscendersBane","Strike_R","Strike_R","Strike_R","Strike_R","Defend_R","Defend_R","Defend_R","Defend_R","Bash","Rampage+1","Seeing Red+1","Fiend Fire"],"special_seed":0,"relics":["Burning Blood","NeowsBlessing","Happy Flower","The Courier","Self Forming Clay","Sundial"],"potions_floor_usage":[],"damage_taken":[{"damage":0.0,"enemies":"Jaw Worm","floor":1.0,"turns":1.0},{"damage":0.0,"enemies":"Small Slimes","floor":2.0,"turns":1.0},{"damage":0.0,"enemies":"3 Sentries","floor":6.0,"turns":2.0},{"damage":6.0,"enemies":"Cultist","floor":8.0,"turns":3.0},{"damage":19.0,"enemies":"Exordium Wildlife","floor":10.0,"turns":6.0},{"damage":7,"enemies":"Large Slime","floor":12,"turns":5},{"damage":8,"enemies":"Gremlin Nob","floor":14,"turns":3},{"damage":0,"enemies":"Slime Boss","floor":16,"turns":1}],"seed_played":"6997902506920401069","potions_obtained":[{"floor":6.0,"key":"LiquidBronze"},{"floor":10.0,"key":"EssenceOfSteel"}],"is_trial":false,"path_per_floor":["M","M","?","$","?","E","$","M","T","M","R","M","R","E","R","B"],"character_chosen":"IRONCLAD","items_purchased":["Happy Flower"],"campfire_rested":1,"item_purchase_floors":[4],"current_hp_per_floor":[74,75,64,64,64,70,70,70,70,57,57,56,56,54,75,75],"gold":95,"neow_bonus":"THREE_ENEMY_KILL","is_prod":false,"is_daily":false,"chose_seed":false,"campfire_upgraded":2,"win_rate":0,"timestamp":1567990442,"path_taken":["M","M","?","$","?","E","?","M","T","?","R","M","R","E","R","BOSS"],"build_version":"2019-07-17","purchased_purges":1,"victory":false,"max_hp_per_floor":[75,75,75,75,75,75,75,75,75,75,75,75,75,75,75,75],"card_choices":[{"not_picked":["Clothesline","Clash","Wild Strike"],"picked":"SKIP","floor":1.0},{"not_picked":["Twin Strike","Cleave","Iron Wave"],"picked":"SKIP","floor":2.0},{"not_picked":["Heavy Blade","Flame Barrier"],"picked":"Rampage","floor":6.0},{"not_picked":["Havoc","Clash"],"picked":"Seeing Red","floor":8.0},{"not_picked":["Power Through","Dual Wield","Feel No Pain"],"picked":"SKIP","floor":10.0},{"not_picked":["Cleave","Clash"],"picked":"Fiend Fire","floor":12},{"not_picked":["Searing Blow","Thunderclap","Body Slam"],"picked":"SKIP","floor":14}],"player_experience":1150295,"relics_obtained":[{"floor":6.0,"key":"The Courier"},{"floor":9.0,"key":"Self Forming Clay"},{"floor":14,"key":"Sundial"}],"event_choices":[{"damage_healed":0.0,"max_hp_gain":0.0,"max_hp_loss":0.0,"gold_gain":75.0,"event_name":"World of Goop","player_choice":"Gather Gold","floor":3.0,"gold_loss":0.0,"damage_taken":11.0},{"damage_healed":0.0,"max_hp_gain":0.0,"max_hp_loss":0.0,"gold_gain":0.0,"event_name":"Liars Game","player_choice":"Ignored","floor":5.0,"gold_loss":0.0,"damage_taken":0.0}],"is_beta":false,"boss_relics":[],"items_purged_floors":[7],"is_endless":false,"potions_floor_spawned":[6,10],"killed_by":"Slime Boss","ascension_level":19}