{"gold_per_floor":[112,127,55,66,31,60,60,92,92,104,116,147,44,56,56,161,161,173,190,190,209,209,238,238,53,76,109,208,208,219,66,66,66],"floor_reached":33,"playtime":3591,"items_purged":["Defend_R"],"score":518,"play_id":"79dd417d-3e0e-46a8-9318-6940b0634e13","local_time":"20190824193134","is_ascension_mode":true,"campfire_choices":[{"data":"Inflame","floor":7.0,"key":"SMITH"},{"data":"Uppercut","floor":11.0,"key":"SMITH"},{"data":"Inflame","floor":15.0,"key":"SMITH"},{"data":"Limit Break","floor":24,"key":"SMITH"},{"data":"True Grit","floor":29,"key":"SMITH"},{"floor":32,"key":"REST"}],"neow_cost":"NONE","seed_source_timestamp":926388910069426,"circlet_count":0,"master_deck":["AscendersBane","Defend_R","Defend_R","Defend_R","Bash","Uppercut+1","Inflame+1","Carnage","Blood for Blood","Carnage","Inflame+1","Limit Break+1","Bite","Bite","Bite","Bite","Bite","Carnage","Bludgeon","True Grit+1","Inflame+1","Blood for Blood"],"special_seed":0,"relics":["Snecko Eye","Red Skull","Dodecahedron","MawBank","Boot","Mark of Pain","Torii","Blood Vial","Magic Flower"],"potions_floor_usage":[23,27,33],"damage_taken":[{"damage":1.0,"enemies":"Cultist","floor":1.0,"turns":3.0},{"damage":0.0,"enemies":"Small Slimes","floor":2.0,"turns":3.0},{"damage":8.0,"enemies":"2 Louse","floor":4.0,"turns":2.0},{"damage":16.0,"enemies":"Gremlin Nob","floor":6.0,"turns":3.0},{"damage":0.0,"enemies":"Lagavulin","floor":8.0,"turns":3.0},{"damage":0.0,"enemies":"Exordium Wildlife","floor":12.0,"turns":3.0},{"damage":0.0,"enemies":"3 Louse","floor":14.0,"turns":2.0},{"damage":29.0,"enemies":"The Guardian","floor":16.0,"turns":5.0},{"damage":20.0,"enemies":"2 Thieves","floor":18.0,"turns":3.0},{"damage":0.0,"enemies":"Chosen","floor":19.0,"turns":3.0},{"damage":9.0,"enemies":"Centurion and Healer","floor":21.0,"turns":4.0},{"damage":24,"enemies":"Slavers","floor":23,"turns":4},{"damage":14,"enemies":"Book of Stabbing","floor":27,"turns":2},{"damage":17,"enemies":"Snake Plant","floor":30,"turns":2},{"damage":55,"enemies":"Champ","floor":33,"turns":6}],"seed_played":"-732902867297766019","potions_obtained":[{"floor":6.0,"key":"Dexterity Potion"},{"floor":12.0,"key":"SpeedPotion"},{"floor":14.0,"key":"GamblersBrew"},{"floor":16.0,"key":"Energy Potion"},{"floor":30,"key":"Block Potion"}],"is_trial":false,"path_per_floor":["M","M","$","M","$","E","R","E","T","?","R","M","$","M","R","B",null,"M","M","?","M","?","E","R","$","T","E","?","R","M","$","R","B"],"character_chosen":"IRONCLAD","items_purchased":["Inflame","Carnage","Blood for Blood","Carnage","Bludgeon","True Grit","Blood for Blood"],"campfire_rested":1,"item_purchase_floors":[3,5,13,13,25,25,31],"current_hp_per_floor":[71,71,71,63,63,47,47,47,47,47,47,47,47,47,47,18,65,45,45,45,46,46,32,32,32,32,22,22,22,8,8,24,0],"gold":66,"neow_bonus":"BOSS_RELIC","is_prod":false,"is_daily":false,"chose_seed":false,"campfire_upgraded":5,"win_rate":0,"timestamp":1566693094,"path_taken":["M","M","$","M","?","E","R","E","T","?","R","M","$","?","R","BOSS","M","M","?","M","?","E","R","$","T","E","?","R","M","?","R","BOSS"],"build_version":"2019-07-17","purchased_purges":1,"victory":false,"max_hp_per_floor":[80,80,80,80,80,80,80,80,80,80,80,80,80,80,80,80,80,80,80,56,56,56,56,56,56,56,56,56,56,56,56,56,56],"card_choices":[{"not_picked":["Pommel Strike","Headbutt"],"picked":"Uppercut","floor":1.0},{"not_picked":["True Grit","Power Through","Whirlwind"],"picked":"SKIP","floor":2.0},{"not_picked":["Warcry","Havoc","Bloodletting"],"picked":"SKIP","floor":4.0},{"not_picked":["Pommel Strike","Berserk","Armaments"],"picked":"SKIP","floor":6.0},{"not_picked":["Sword Boomerang","Disarm","Intimidate"],"picked":"SKIP","floor":8.0},{"not_picked":["Rupture","Thunderclap","Battle Trance"],"picked":"SKIP","floor":12.0},{"not_picked":["Anger","Wild Strike"],"picked":"Inflame","floor":14.0},{"not_picked":["Brutality","Offering"],"picked":"Limit Break","floor":16.0},{"not_picked":["Body Slam","Thunderclap","Fire Breathing"],"picked":"SKIP","floor":18.0},{"not_picked":["Headbutt","Twin Strike","Reckless Charge"],"picked":"SKIP","floor":19.0},{"not_picked":["Perfected Strike+1","Shrug It Off"],"picked":"Carnage","floor":21.0},{"not_picked":["Clothesline","Armaments","Hemokinesis"],"picked":"SKIP","floor":23},{"not_picked":["Thunderclap","Fire Breathing","Havoc"],"picked":"SKIP","floor":27},{"not_picked":["Heavy Blade","Combust+1"],"picked":"Inflame+1","floor":30}],"player_experience":853809,"relics_obtained":[{"floor":6.0,"key":"Red Skull"},{"floor":8.0,"key":"Dodecahedron"},{"floor":9.0,"key":"MawBank"},{"floor":23,"key":"Torii"},{"floor":26,"key":"Blood Vial"},{"floor":27,"key":"Magic Flower"}],"event_choices":[{"damage_healed":0.0,"max_hp_gain":0.0,"max_hp_loss":0.0,"gold_gain":0.0,"event_name":"WeMeetAgain","player_choice":"Gave Potion","floor":10.0,"gold_loss":0.0,"damage_taken":0.0,"relics_obtained":["Boot"]},{"damage_healed":0.0,"max_hp_gain":0.0,"max_hp_loss":24.0,"gold_gain":0.0,"event_name":"Vampires","player_choice":"Became a vampire","floor":20.0,"gold_loss":0.0,"damage_taken":0.0,"cards_obtained":["Bite","Bite","Bite","Bite","Bite"]},{"damage_healed":0,"gold_gain":0,"player_choice":"Ignored","damage_taken":0,"max_hp_gain":0,"max_hp_loss":0,"event_name":"The Mausoleum","floor":22,"gold_loss":0},{"damage_healed":0,"gold_gain":99,"player_choice":"Stole From Cult","damage_taken":0,"max_hp_gain":0,"max_hp_loss":0,"event_name":"Nest","floor":28,"gold_loss":0}],"is_beta":false,"boss_relics":[{"not_picked":["Runic Cube","Astrolabe"],"picked":"Mark of Pain"}],"items_purged_floors":[31],"is_endless":false,"potions_floor_spawned":[6,12,14,16,18,30],"killed_by":"Champ","ascension_level":11}