{"gold_per_floor":[116,127,127,127,143,143,171,171,194,194,194,224,224,240,240,311,311,330,330,302,318,21,21,41,60,85,85],"floor_reached":27,"playtime":1574,"items_purged":["Strike_B"],"score":424,"play_id":"fc399c47-e08b-4637-b49b-9a5731f77f96","local_time":"20190901214352","is_ascension_mode":true,"campfire_choices":[{"floor":6.0,"key":"REST"},{"floor":8.0,"key":"REST"},{"floor":10.0,"key":"REST"},{"floor":13.0,"key":"REST"},{"floor":15.0,"key":"REST"},{"floor":23,"key":"REST"}],"neow_cost":"NONE","seed_source_timestamp":1294534435978915,"circlet_count":0,"master_deck":["AscendersBane","Strike_B","Strike_B","Defend_B","Defend_B","Defend_B","Defend_B","Zap","Dualcast+1","Ball Lightning","Hologram","Chill+1","Self Repair","Double Energy","Reboot","Ball Lightning","Consume","Thunder Strike","Coolheaded","BootSequence","Static Discharge","Apotheosis","Leap","Auto Shields","Writhe"],"special_seed":0,"relics":["Fusion Hammer","Dream Catcher","CultistMask","Matryoshka","DataDisk","War Paint","Dodecahedron","Cursed Key","Bag of Preparation","Smiling Mask"],"potions_floor_usage":[],"damage_taken":[{"damage":10.0,"enemies":"Small Slimes","floor":1.0,"turns":3.0},{"damage":1.0,"enemies":"Cultist","floor":2.0,"turns":4.0},{"damage":2.0,"enemies":"2 Louse","floor":5.0,"turns":3.0},{"damage":16.0,"enemies":"Lagavulin","floor":7.0,"turns":7.0},{"damage":24.0,"enemies":"3 Sentries","floor":12.0,"turns":8.0},{"damage":2.0,"enemies":"Looter","floor":14.0,"turns":2.0},{"damage":42.0,"enemies":"Hexaghost","floor":16.0,"turns":10.0},{"damage":10.0,"enemies":"Chosen","floor":18.0,"turns":4.0},{"damage":1.0,"enemies":"2 Thieves","floor":20.0,"turns":4.0},{"damage":6.0,"enemies":"Sentry and Sphere","floor":21.0,"turns":4.0},{"damage":0,"enemies":"Centurion and Healer","floor":24,"turns":4},{"damage":48,"enemies":"Chosen and Byrds","floor":25,"turns":6},{"damage":38,"enemies":"Cultist and Chosen","floor":27,"turns":5}],"seed_played":"3535513659766865988","potions_obtained":[{"floor":12.0,"key":"Weak Potion"},{"floor":14.0,"key":"SkillPotion"},{"floor":18.0,"key":"PowerPotion"}],"is_trial":false,"path_per_floor":["M","M","?","?","M","R","E","R","T","R","?","E","R","M","R","B",null,"M","?","M","M","$","R","M","M","T","M"],"character_chosen":"DEFECT","items_purchased":["Static Discharge","Apotheosis"],"campfire_rested":6,"item_purchase_floors":[22,22],"current_hp_per_floor":[54,53,42,42,40,61,45,66,66,71,64,47,68,66,71,36,62,52,32,38,39,39,61,61,20,20,0],"gold":85,"neow_bonus":"BOSS_RELIC","is_prod":false,"is_daily":false,"chose_seed":false,"campfire_upgraded":0,"win_rate":0,"timestamp":1567392232,"path_taken":["M","M","?","?","?","R","E","R","T","R","?","E","R","M","R","BOSS","M","?","M","M","$","R","M","M","T","M"],"build_version":"2019-07-17","purchased_purges":1,"victory":false,"max_hp_per_floor":[71,71,71,71,71,71,71,71,71,71,71,71,71,71,71,71,71,71,76,76,76,76,76,76,76,76,76],"card_choices":[{"not_picked":["Gash","Aggregate"],"picked":"Ball Lightning","floor":1.0},{"not_picked":["Stack","Streamline"],"picked":"Hologram","floor":2.0},{"not_picked":["Go for the Eyes","Lockon"],"picked":"Chill","floor":5.0},{"not_picked":["Conserve Battery","Beam Cell"],"picked":"Self Repair","floor":7.0},{"not_picked":["Compile Driver","Rebound"],"picked":"Double Energy","floor":10.0},{"not_picked":["Amplify","Reprogram"],"picked":"Reboot","floor":12.0},{"not_picked":["Barrage","Beam Cell"],"picked":"Ball Lightning","floor":14.0},{"not_picked":["Redo","Scrape"],"picked":"Consume","floor":15.0},{"not_picked":["Amplify","Seek"],"picked":"Thunder Strike","floor":16.0},{"not_picked":["Gash+1","Turbo"],"picked":"Coolheaded","floor":18.0},{"not_picked":["Steam Power","Conserve Battery","Lockon"],"picked":"SKIP","floor":20.0},{"not_picked":["Stack","Aggregate"],"picked":"BootSequence","floor":21.0},{"not_picked":["Turbo","Coolheaded"],"picked":"Leap","floor":24},{"not_picked":["Gash","Conserve Battery"],"picked":"Auto Shields","floor":25}],"player_experience":1043331,"relics_obtained":[{"floor":7.0,"key":"Matryoshka"},{"floor":9.0,"key":"DataDisk"},{"floor":9.0,"key":"War Paint"},{"floor":12.0,"key":"Dodecahedron"},{"floor":26,"key":"Bag of Preparation"},{"floor":26,"key":"Smiling Mask"}],"event_choices":[{"damage_healed":0.0,"max_hp_gain":0.0,"max_hp_loss":0.0,"gold_gain":0.0,"event_name":"Scrap Ooze","player_choice":"Success","floor":3.0,"gold_loss":0.0,"damage_taken":11.0,"relics_obtained":["Dream Catcher"]},{"damage_healed":0.0,"max_hp_gain":0.0,"max_hp_loss":0.0,"gold_gain":0.0,"event_name":"FaceTrader","player_choice":"Trade","floor":4.0,"gold_loss":0.0,"damage_taken":0.0,"relics_obtained":["CultistMask"]},{"cards_removed":["Strike_B"],"damage_healed":0.0,"max_hp_gain":0.0,"max_hp_loss":0.0,"gold_gain":0.0,"event_name":"Golden Wing","player_choice":"Card Removal","floor":11.0,"gold_loss":0.0,"damage_taken":7.0},{"damage_healed":0.0,"max_hp_gain":5.0,"max_hp_loss":0.0,"gold_gain":0.0,"event_name":"Forgotten Altar","player_choice":"Shed Blood","floor":19.0,"gold_loss":0.0,"damage_taken":25.0}],"is_beta":false,"boss_relics":[{"not_picked":["Eternal Feather","Nuclear Battery"],"picked":"Cursed Key"}],"items_purged_floors":[22],"is_endless":false,"potions_floor_spawned":[12,14,18],"killed_by":"Cultist and Chosen","ascension_level":18}