{"gold_per_floor":[119,18,18,33,51,51,76,76,76,96,96,96,114,144,156,265,277,299,311,341,278,303,341,373,385,449,479,507,519,556,568,580,696,708,740,752,775,787,416,416,448,462,462,462,489,37,90,107,107,107],"floor_reached":51,"playtime":5034,"items_purged":["Strike_R","Pain","Writhe"],"score":1118,"play_id":"c9e86224-32d6-44db-a3b2-62d29c80185b","local_time":"20190824231644","is_ascension_mode":true,"campfire_choices":[{"data":"Bash","floor":6.0,"key":"SMITH"},{"data":"Shrug It Off","floor":8.0,"key":"SMITH"},{"data":"Pommel Strike","floor":12.0,"key":"SMITH"},{"data":"Pommel Strike","floor":15.0,"key":"SMITH"},{"data":"Shrug It Off","floor":25.0,"key":"SMITH"},{"data":"Demon Form","floor":29.0,"key":"SMITH"},{"data":"Ghostly Armor","floor":32.0,"key":"SMITH"},{"data":"1","floor":40.0,"key":"LIFT"},{"data":"2","floor":49,"key":"LIFT"}],"neow_cost":"NONE","seed_source_timestamp":934235221913843,"circlet_count":0,"master_deck":["AscendersBane","Strike_R+1","Strike_R+1","Strike_R+1","Strike_R+1","Defend_R+1","Defend_R+1","Defend_R+1","Bash+1","Pommel Strike+1","Pommel Strike+1","Shrug It Off+1","Ghostly Armor+1","Demon Form+1","Reaper","Shrug It Off+1","Clothesline+1","Impervious","Regret","Regret","Pommel Strike+1","Demon Form","True Grit+1","Impervious","Master of Strategy","Shockwave+1"],"special_seed":0,"relics":["Burning Blood","NeowsBlessing","Mercury Hourglass","Magic Flower","Mummified Hand","MawBank","Coffee Dripper","Smiling Mask","Dream Catcher","Du-Vu Doll","Calling Bell","Vajra","Singing Bowl","Girya","PreservedInsect","Boot","Nunchaku","Self Forming Clay","Ancient Tea Set","Question Card","Centennial Puzzle"],"potions_floor_usage":[50],"damage_taken":[{"damage":0.0,"enemies":"2 Louse","floor":1.0,"turns":1.0},{"damage":0.0,"enemies":"Jaw Worm","floor":4.0,"turns":1.0},{"damage":0.0,"enemies":"Small Slimes","floor":5.0,"turns":1.0},{"damage":28.0,"enemies":"Lagavulin","floor":7.0,"turns":5.0},{"damage":1.0,"enemies":"Looter","floor":10.0,"turns":3.0},{"damage":0.0,"enemies":"Large Slime","floor":13.0,"turns":4.0},{"damage":32.0,"enemies":"Gremlin Nob","floor":14.0,"turns":5.0},{"damage":46.0,"enemies":"Hexaghost","floor":16.0,"turns":9.0},{"damage":17.0,"enemies":"Spheric Guardian","floor":18.0,"turns":6.0},{"damage":9.0,"enemies":"2 Thieves","floor":20.0,"turns":3.0},{"damage":8.0,"enemies":"Sentry and Sphere","floor":22.0,"turns":5.0},{"damage":30.0,"enemies":"Gremlin Leader","floor":23.0,"turns":5.0},{"damage":2.0,"enemies":"Snecko","floor":24.0,"turns":4.0},{"damage":9.0,"enemies":"Chosen and Byrds","floor":27.0,"turns":6.0},{"damage":6.0,"enemies":"Snake Plant","floor":28.0,"turns":4.0},{"damage":11.0,"enemies":"Book of Stabbing","floor":30.0,"turns":7.0},{"damage":25.0,"enemies":"Champ","floor":33.0,"turns":9.0},{"damage":11.0,"enemies":"Orb Walker","floor":35.0,"turns":4.0},{"damage":19.0,"enemies":"3 Shapes","floor":37.0,"turns":5.0},{"damage":46.0,"enemies":"Reptomancer","floor":41.0,"turns":9.0},{"damage":8.0,"enemies":"Spire Growth","floor":42.0,"turns":5.0},{"damage":40.0,"enemies":"Giant Head","floor":45.0,"turns":6.0},{"damage":12,"enemies":"Maw","floor":48,"turns":7},{"damage":85,"enemies":"Awakened One","floor":50,"turns":10}],"seed_played":"-1540591186126949235","potions_obtained":[{"floor":1.0,"key":"Explosive Potion"},{"floor":4.0,"key":"EssenceOfSteel"},{"floor":20.0,"key":"GamblersBrew"},{"floor":22.0,"key":"Explosive Potion"},{"floor":23.0,"key":"Weak Potion"},{"floor":30.0,"key":"BloodPotion"},{"floor":35.0,"key":"Regen Potion"},{"floor":41.0,"key":"Dexterity Potion"}],"is_trial":false,"path_per_floor":["M","$","?","M","M","R","E","R","T","M","?","R","M","E","R","B",null,"M","?","M","?","M","E","M","R","T","M","M","R","E","?","R","B",null,"M","?","M","?","$","R","E","M","T","?","E","$","T","M","R","B",null],"character_chosen":"IRONCLAD","items_purchased":["Pommel Strike","PreservedInsect","Master of Strategy","Ancient Tea Set","Question Card"],"campfire_rested":0,"item_purchase_floors":[2,39,39,46,46],"current_hp_per_floor":[78,78,66,72,78,78,56,56,56,64,69,69,78,55,55,18,68,72,72,72,72,73,52,59,59,59,70,73,73,80,80,80,64,80,85,85,75,75,75,75,57,58,58,80,51,51,51,91,91,64],"gold":107,"neow_bonus":"THREE_ENEMY_KILL","is_prod":false,"is_daily":false,"chose_seed":false,"campfire_upgraded":7,"win_rate":0,"timestamp":1566706604,"path_taken":["M","$","?","M","M","R","E","R","T","M","?","R","M","E","R","BOSS","M","?","M","?","M","E","M","R","T","M","M","R","E","?","R","BOSS","M","?","?","?","$","R","E","?","T","?","E","$","?","M","R","BOSS"],"build_version":"2019-07-17","purchased_purges":3,"victory":true,"max_hp_per_floor":[80,80,80,80,80,80,80,80,80,80,85,85,85,85,85,85,85,85,85,85,85,85,85,85,85,85,85,85,85,85,85,85,85,85,85,85,85,85,85,85,87,87,87,87,89,89,89,91,91,91],"card_choices":[{"not_picked":["Evolve","Twin Strike"],"picked":"Pommel Strike","floor":1.0},{"not_picked":["Clothesline","Body Slam","Thunderclap"],"picked":"SKIP","floor":4.0},{"not_picked":["Pummel","Rampage"],"picked":"Shrug It Off","floor":5.0},{"not_picked":["Second Wind","Cleave"],"picked":"Ghostly Armor","floor":7.0},{"not_picked":["Spot Weakness","Perfected Strike","Infernal Blade"],"picked":"SKIP","floor":10.0},{"not_picked":["Power Through","Spot Weakness","Headbutt"],"picked":"SKIP","floor":13.0},{"not_picked":["Pommel Strike","True Grit"],"picked":"Demon Form","floor":14.0},{"not_picked":["Feed","Berserk"],"picked":"Reaper","floor":16.0},{"not_picked":["Twin Strike","Wild Strike+1","Sentinel"],"picked":"SKIP","floor":18.0},{"not_picked":["Anger","Pummel"],"picked":"Shrug It Off","floor":20.0},{"not_picked":["Metallicize","Heavy Blade"],"picked":"Clothesline+1","floor":22.0},{"not_picked":["Anger","Sword Boomerang","Offering"],"picked":"SKIP","floor":23.0},{"not_picked":["Thunderclap+1","Combust","Twin Strike"],"picked":"SKIP","floor":24.0},{"not_picked":["Thunderclap+1","Combust","Twin Strike"],"picked":"SKIP","floor":24.0},{"not_picked":["Clash","True Grit","Headbutt"],"picked":"SKIP","floor":27.0},{"not_picked":["Brutality","Dual Wield","Flex"],"picked":"SKIP","floor":28.0},{"not_picked":["Power Through+1","Havoc","Clash"],"picked":"SKIP","floor":30.0},{"not_picked":["Exhume","Fiend Fire"],"picked":"Impervious","floor":33.0},{"not_picked":["Twin Strike","Body Slam"],"picked":"Pommel Strike+1","floor":35.0},{"not_picked":["Armaments","Dropkick+1"],"picked":"True Grit+1","floor":37.0},{"not_picked":["Sever Soul+1","Hemokinesis","Heavy Blade"],"picked":"Singing Bowl","floor":41.0},{"not_picked":["Fiend Fire","Anger+1"],"picked":"Shockwave+1","floor":42.0},{"not_picked":["Cleave","Shockwave","Dropkick+1"],"picked":"Singing Bowl","floor":45.0},{"not_picked":["Warcry","Flex+1","Headbutt","Clothesline+1"],"picked":"Singing Bowl","floor":48}],"player_experience":861213,"relics_obtained":[{"floor":7.0,"key":"Magic Flower"},{"floor":9.0,"key":"Mummified Hand"},{"floor":14.0,"key":"MawBank"},{"floor":23.0,"key":"Smiling Mask"},{"floor":26.0,"key":"Dream Catcher"},{"floor":30.0,"key":"Du-Vu Doll"},{"floor":34.0,"key":"Vajra"},{"floor":34.0,"key":"Singing Bowl"},{"floor":34.0,"key":"Girya"},{"floor":41.0,"key":"Boot"},{"floor":43.0,"key":"Nunchaku"},{"floor":45.0,"key":"Self Forming Clay"},{"floor":47.0,"key":"Centennial Puzzle"}],"event_choices":[{"damage_healed":0.0,"max_hp_gain":0.0,"max_hp_loss":0.0,"gold_gain":0.0,"event_name":"Scrap Ooze","player_choice":"Success","floor":3.0,"gold_loss":0.0,"damage_taken":12.0,"relics_obtained":["Mercury Hourglass"]},{"damage_healed":0.0,"max_hp_gain":5.0,"max_hp_loss":0.0,"gold_gain":0.0,"event_name":"Big Fish","player_choice":"Donut","floor":11.0,"gold_loss":0.0,"damage_taken":0.0},{"damage_healed":0.0,"max_hp_gain":0.0,"max_hp_loss":0.0,"gold_gain":0.0,"event_name":"Back to Basics","player_choice":"Simplicity","floor":19.0,"gold_loss":0.0,"damage_taken":0.0,"cards_upgraded":["Strike_R","Strike_R","Strike_R","Strike_R","Defend_R","Defend_R","Defend_R","Defend_R"]},{"cards_removed":["Defend_R"],"damage_healed":0.0,"max_hp_gain":0.0,"max_hp_loss":0.0,"gold_gain":0.0,"event_name":"Beggar","player_choice":"Gave Gold","floor":21.0,"gold_loss":75.0,"damage_taken":0.0},{"damage_healed":0.0,"max_hp_gain":0.0,"max_hp_loss":0.0,"gold_gain":0.0,"event_name":"The Woman in Blue","player_choice":"Bought 0 Potions","floor":31.0,"gold_loss":0.0,"damage_taken":0.0},{"damage_healed":0.0,"max_hp_gain":0.0,"max_hp_loss":0.0,"gold_gain":0.0,"event_name":"Match and Keep!","player_choice":"1 cards matched","floor":36.0,"gold_loss":0.0,"damage_taken":0.0,"cards_obtained":["Demon Form"]},{"damage_healed":0.0,"max_hp_gain":0.0,"max_hp_loss":0.0,"gold_gain":0.0,"event_name":"Duplicator","player_choice":"Copied","floor":38.0,"gold_loss":0.0,"damage_taken":0.0,"cards_obtained":["Impervious"]},{"damage_healed":22.0,"max_hp_gain":0.0,"max_hp_loss":0.0,"gold_gain":0.0,"event_name":"Winding Halls","player_choice":"Writhe","floor":44.0,"gold_loss":0.0,"damage_taken":0.0,"cards_obtained":["Writhe"]}],"is_beta":false,"boss_relics":[{"not_picked":["White Beast Statue","Busted Crown"],"picked":"Coffee Dripper"},{"not_picked":["Eternal Feather","Tiny House"],"picked":"Calling Bell"}],"items_purged_floors":[2,39,46],"is_endless":false,"potions_floor_spawned":[1,4,5,20,22,23,30,35,37,41],"ascension_level":11}