{"gold_per_floor":[119,134,134,134,184,184,211,211,287,287,46,76,76,92,92,163,163,83],"floor_reached":18,"playtime":894,"items_purged":[],"score":315,"play_id":"46503cae-16aa-4d63-8f70-1dadaddfc77b","local_time":"20190902122155","is_ascension_mode":true,"campfire_choices":[{"floor":6.0,"key":"REST"},{"floor":8.0,"key":"REST"},{"data":"Electrodynamics","floor":10.0,"key":"SMITH"},{"data":"Coolheaded","floor":13.0,"key":"SMITH"},{"floor":15.0,"key":"REST"}],"neow_cost":"PERCENT_DAMAGE","seed_source_timestamp":1313609523839713,"circlet_count":0,"master_deck":["AscendersBane","Strike_B","Strike_B","Strike_B","Strike_B","Defend_B","Defend_B","Defend_B","Zap","Dualcast","Electrodynamics+1","Chill","Coolheaded+1","Glacier","Capacitor","Ball Lightning","Core Surge"],"special_seed":0,"relics":["Cracked Core","Regal Pillow","Cables","Anchor","PreservedInsect","Runic Pyramid"],"potions_floor_usage":[16],"damage_taken":[{"damage":7.0,"enemies":"Jaw Worm","floor":1.0,"turns":3.0},{"damage":0.0,"enemies":"2 Louse","floor":2.0,"turns":2.0},{"damage":35.0,"enemies":"Lagavulin","floor":7.0,"turns":9.0},{"damage":29.0,"enemies":"Gremlin Nob","floor":12.0,"turns":4.0},{"damage":0.0,"enemies":"Cultist","floor":14.0,"turns":2.0},{"damage":13,"enemies":"The Guardian","floor":16,"turns":12},{"damage":24,"enemies":"2 Thieves","floor":18,"turns":3}],"seed_played":"6900033473580745786","potions_obtained":[{"floor":12.0,"key":"EssenceOfSteel"},{"floor":14.0,"key":"AttackPotion"},{"floor":16,"key":"Energy Potion"}],"is_trial":false,"path_per_floor":["M","M","?","?","?","R","E","R","T","R","$","E","R","M","R","B",null,"M"],"character_chosen":"DEFECT","items_purchased":["Anchor","Capacitor"],"campfire_rested":3,"item_purchase_floors":[11,11],"current_hp_per_floor":[39,39,39,39,32,53,18,54,54,54,54,25,25,25,61,48,65,41],"gold":83,"neow_bonus":"THREE_RARE_CARDS","is_prod":false,"is_daily":false,"chose_seed":false,"campfire_upgraded":2,"win_rate":0,"timestamp":1567444915,"path_taken":["M","M","?","?","?","R","E","R","T","R","$","E","R","M","R","BOSS","M"],"build_version":"2019-07-17","purchased_purges":0,"victory":false,"max_hp_per_floor":[71,71,71,71,71,71,71,71,71,71,71,71,71,71,71,71,71,71],"card_choices":[{"not_picked":["Machine Learning","All For One"],"picked":"Electrodynamics","floor":0.0},{"not_picked":["Go for the Eyes","Barrage"],"picked":"Chill","floor":1.0},{"not_picked":["FTL","Barrage"],"picked":"Coolheaded","floor":2.0},{"not_picked":["Turbo","Streamline"],"picked":"Glacier","floor":7.0},{"not_picked":["Sunder","Reprogram"],"picked":"Ball Lightning","floor":12.0},{"not_picked":["Stack","Heatsinks","Storm"],"picked":"SKIP","floor":14.0},{"not_picked":["Meteor Strike","Amplify"],"picked":"Core Surge","floor":16}],"player_experience":1047847,"relics_obtained":[{"floor":7.0,"key":"Regal Pillow"},{"floor":9.0,"key":"Cables"},{"floor":12.0,"key":"PreservedInsect"}],"event_choices":[{"cards_removed":["Defend_B"],"damage_healed":0.0,"max_hp_gain":0.0,"max_hp_loss":0.0,"gold_gain":0.0,"event_name":"Living Wall","player_choice":"Forget","floor":3.0,"gold_loss":0.0,"damage_taken":0.0},{"damage_healed":0.0,"max_hp_gain":0.0,"max_hp_loss":0.0,"gold_gain":0.0,"event_name":"Shining Light","player_choice":"Ignored","floor":4.0,"gold_loss":0.0,"damage_taken":0.0},{"damage_healed":0.0,"max_hp_gain":0.0,"max_hp_loss":0.0,"gold_gain":50.0,"event_name":"FaceTrader","player_choice":"Touch","floor":5.0,"gold_loss":0.0,"damage_taken":7.0}],"is_beta":false,"boss_relics":[{"not_picked":["Velvet Choker","Snecko Eye"],"picked":"Runic Pyramid"}],"items_purged_floors":[],"is_endless":false,"potions_floor_spawned":[12,14,16],"killed_by":"2 Thieves","ascension_level":18}