{"gold_per_floor":[111,111,125,9,22,22,55,55,55,66,91,111,186,186,186,186],"floor_reached":16,"playtime":519,"items_purged":["Defend_G"],"score":215,"play_id":"a0e829bc-e4eb-4abe-b967-6a836b4cfa5f","local_time":"20190830004506","is_ascension_mode":true,"campfire_choices":[{"data":"Poisoned Stab","floor":6.0,"key":"SMITH"},{"data":"Catalyst","floor":8.0,"key":"SMITH"},{"floor":15.0,"key":"REST"}],"neow_cost":"NONE","seed_source_timestamp":1176120323194647,"circlet_count":0,"master_deck":["AscendersBane","Strike_G","Strike_G","Strike_G","Strike_G","Defend_G","Defend_G","Defend_G","Defend_G","Survivor","Neutralize","Poisoned Stab+1","Footwork","Catalyst+1","Deadly Poison","Poisoned Stab"],"special_seed":0,"relics":["Ring of the Snake","NeowsBlessing","Question Card","Ornamental Fan","Matryoshka","Golden Idol"],"potions_floor_usage":[],"damage_taken":[{"damage":0.0,"enemies":"Cultist","floor":1.0,"turns":1.0},{"damage":0.0,"enemies":"Small Slimes","floor":3.0,"turns":1.0},{"damage":0.0,"enemies":"2 Louse","floor":5.0,"turns":1.0},{"damage":27.0,"enemies":"Lagavulin","floor":7.0,"turns":9.0},{"damage":6.0,"enemies":"Looter","floor":10.0,"turns":3.0},{"damage":16.0,"enemies":"3 Sentries","floor":11.0,"turns":9.0},{"damage":1.0,"enemies":"3 Louse","floor":12.0,"turns":4.0},{"damage":0,"enemies":"Slime Boss","floor":16,"turns":1}],"seed_played":"1937786832914761640","potions_obtained":[{"floor":1.0,"key":"Regen Potion"},{"floor":7.0,"key":"Dexterity Potion"},{"floor":10.0,"key":"LiquidBronze"},{"floor":12.0,"key":"SmokeBomb"}],"is_trial":false,"path_per_floor":["M","?","M","$","M","R","E","R","T","M","E","M","?","?","R","B"],"character_chosen":"THE_SILENT","items_purchased":["Footwork"],"campfire_rested":1,"item_purchase_floors":[4],"current_hp_per_floor":[59,59,59,59,59,59,45,45,45,39,23,22,11,11,29,29],"gold":186,"neow_bonus":"THREE_ENEMY_KILL","is_prod":false,"is_daily":false,"chose_seed":false,"campfire_upgraded":2,"win_rate":0,"timestamp":1567143906,"path_taken":["M","?","M","$","M","R","E","R","T","M","E","M","?","?","R","BOSS"],"build_version":"2019-07-17","purchased_purges":1,"victory":false,"max_hp_per_floor":[66,66,66,66,66,66,66,66,66,66,66,66,66,60,60,60],"card_choices":[{"not_picked":["Acrobatics","Quick Slash"],"picked":"Poisoned Stab","floor":1.0},{"not_picked":["Slice","A Thousand Cuts","Skewer"],"picked":"SKIP","floor":3.0},{"not_picked":["Underhanded Strike","Blade Dance","Flying Knee"],"picked":"SKIP","floor":5.0},{"not_picked":["Bane","Endless Agony"],"picked":"Catalyst","floor":7.0},{"not_picked":["Dagger Spray","Blade Dance","Cloak And Dagger"],"picked":"Deadly Poison","floor":10.0},{"not_picked":["Flying Knee","Acrobatics","Heel Hook","Phantasmal Killer"],"picked":"SKIP","floor":11.0},{"not_picked":["Terror","Slice","Accuracy"],"picked":"Poisoned Stab","floor":12.0}],"player_experience":993372,"relics_obtained":[{"floor":7.0,"key":"Question Card"},{"floor":9.0,"key":"Ornamental Fan"},{"floor":11.0,"key":"Matryoshka"}],"event_choices":[{"cards_removed":["Strike_G"],"damage_healed":0.0,"max_hp_gain":0.0,"max_hp_loss":0.0,"gold_gain":0.0,"event_name":"Living Wall","player_choice":"Forget","floor":2.0,"gold_loss":0.0,"damage_taken":0.0},{"damage_healed":0.0,"max_hp_gain":0.0,"max_hp_loss":0.0,"gold_gain":75.0,"event_name":"World of Goop","player_choice":"Gather Gold","floor":13.0,"gold_loss":0.0,"damage_taken":11.0},{"damage_healed":0.0,"max_hp_gain":0.0,"max_hp_loss":6.0,"gold_gain":0.0,"event_name":"Golden Idol","player_choice":"Lose Max HP","floor":14.0,"gold_loss":0.0,"damage_taken":0.0,"relics_obtained":["Golden Idol"]}],"is_beta":false,"boss_relics":[],"items_purged_floors":[4],"is_endless":false,"potions_floor_spawned":[1,7,10,12],"killed_by":"Slime Boss","ascension_level":19}