{"gold_per_floor":[115,135,135,32,42,42,42,42,111,127,127,127,127,161,161,240,240,259,259,71,84,134,134,159,29,29,29,63,77,77,96,96,96],"floor_reached":33,"playtime":2270,"items_purged":["Defend_B","Strike_B"],"score":629,"play_id":"056d3184-0044-4c66-84fa-25584b5f3607","local_time":"20190903213917","is_ascension_mode":true,"campfire_choices":[{"data":"Darkness","floor":6.0,"key":"SMITH"},{"floor":8.0,"key":"REST"},{"data":"Undo","floor":11.0,"key":"SMITH"},{"data":"Leap","floor":13.0,"key":"SMITH"},{"floor":15.0,"key":"REST"},{"data":"Loop","floor":23.0,"key":"SMITH"},{"data":"Hologram","floor":27.0,"key":"SMITH"},{"data":"Loop","floor":30,"key":"SMITH"},{"data":"Defragment","floor":32,"key":"SMITH"}],"neow_cost":"NONE","seed_source_timestamp":1370247685714259,"circlet_count":0,"master_deck":["AscendersBane","Strike_B","Strike_B","Defend_B","Defend_B","Defend_B","Zap","Dualcast","Undo+1","Darkness+1","Leap+1","Auto Shields","Doom and Gloom","Self Repair","Electrodynamics","Hologram+1","Darkness+1","Loop+1","Conserve Battery","Go for the Eyes","Loop+1","Self Repair","Defragment+1"],"special_seed":0,"relics":["Cracked Core","Bronze Scales","Lantern","The Courier","Blood Vial","Coffee Dripper","Blue Candle","Bag of Preparation","Pear","Matryoshka"],"potions_floor_usage":[31,33],"damage_taken":[{"damage":4.0,"enemies":"Small Slimes","floor":1.0,"turns":3.0},{"damage":0.0,"enemies":"Cultist","floor":2.0,"turns":4.0},{"damage":0.0,"enemies":"2 Louse","floor":5.0,"turns":3.0},{"damage":6.0,"enemies":"Looter","floor":10.0,"turns":3.0},{"damage":24.0,"enemies":"3 Sentries","floor":14.0,"turns":7.0},{"damage":0.0,"enemies":"Hexaghost","floor":16.0,"turns":8.0},{"damage":17.0,"enemies":"2 Thieves","floor":18.0,"turns":3.0},{"damage":0.0,"enemies":"Spheric Guardian","floor":21.0,"turns":4.0},{"damage":30.0,"enemies":"Book of Stabbing","floor":24.0,"turns":5.0},{"damage":22.0,"enemies":"Slavers","floor":28.0,"turns":4.0},{"damage":28,"enemies":"Snecko","floor":29,"turns":6},{"damage":25,"enemies":"Snake Plant","floor":31,"turns":2},{"damage":14,"enemies":"Champ","floor":33,"turns":2}],"seed_played":"2682616861789790791","potions_obtained":[{"floor":2.0,"key":"Weak Potion"},{"floor":3.0,"key":"Regen Potion"},{"floor":14.0,"key":"PowerPotion"},{"floor":16.0,"key":"Regen Potion"},{"floor":29,"key":"Regen Potion"},{"floor":31,"key":"Strength Potion"}],"is_trial":false,"path_per_floor":["M","M","?","$","M","R","?","R","T","M","R","?","R","E","R","B",null,"M","?","$","M","?","R","E","$","T","R","E","M","R","M","R","B"],"character_chosen":"DEFECT","items_purchased":["Leap","Loop","Conserve Battery","Bag of Preparation"],"campfire_rested":2,"item_purchase_floors":[4,20,20,25],"current_hp_per_floor":[60,60,60,60,60,60,34,55,55,49,49,42,42,33,54,56,67,52,52,52,61,61,61,54,54,64,64,44,25,25,11,11,0],"gold":96,"neow_bonus":"RANDOM_COMMON_RELIC","is_prod":false,"is_daily":false,"chose_seed":false,"campfire_upgraded":7,"win_rate":0,"timestamp":1567564757,"path_taken":["M","M","?","$","?","R","?","R","T","M","R","?","R","E","R","BOSS","M","?","$","?","?","R","E","$","T","R","E","M","R","M","R","BOSS"],"build_version":"2019-07-17","purchased_purges":2,"victory":false,"max_hp_per_floor":[71,71,71,71,71,71,71,71,71,71,71,71,71,71,71,71,71,71,71,71,71,71,71,71,71,81,81,81,81,81,81,81,81],"card_choices":[{"not_picked":["Go for the Eyes","Storm"],"picked":"Undo","floor":1.0},{"not_picked":["Go for the Eyes","Steam"],"picked":"Darkness","floor":2.0},{"not_picked":["Doom and Gloom","FTL"],"picked":"Auto Shields","floor":5.0},{"not_picked":["Conserve Battery","Ball Lightning"],"picked":"Doom and Gloom","floor":10.0},{"not_picked":["Cold Snap","Conserve Battery"],"picked":"Self Repair","floor":14.0},{"not_picked":["Amplify","Rainbow"],"picked":"Electrodynamics","floor":16.0},{"not_picked":["Heatsinks","Genetic Algorithm"],"picked":"Hologram","floor":18.0},{"not_picked":["Compile Driver","Ball Lightning","Conserve Battery"],"picked":"SKIP","floor":21.0},{"not_picked":["Fusion","Force Field"],"picked":"Go for the Eyes","floor":24.0},{"not_picked":["Turbo","Streamline+1"],"picked":"Loop","floor":28.0},{"not_picked":["FTL+1","Steam"],"picked":"Self Repair","floor":29},{"not_picked":["Consume","Capacitor"],"picked":"Defragment","floor":31}],"player_experience":1082072,"relics_obtained":[{"floor":9.0,"key":"The Courier"},{"floor":14.0,"key":"Blood Vial"},{"floor":24.0,"key":"Blue Candle"},{"floor":26.0,"key":"Pear"},{"floor":28.0,"key":"Matryoshka"}],"event_choices":[{"damage_healed":0.0,"max_hp_gain":0.0,"max_hp_loss":0.0,"gold_gain":0.0,"event_name":"Lab","player_choice":"Got Potions","floor":3.0,"gold_loss":0.0,"damage_taken":0.0},{"damage_healed":0.0,"max_hp_gain":0.0,"max_hp_loss":0.0,"gold_gain":0.0,"event_name":"Scrap Ooze","player_choice":"Success","floor":7.0,"gold_loss":0.0,"damage_taken":26.0,"relics_obtained":["Lantern"]},{"cards_removed":["Strike_B"],"damage_healed":0.0,"max_hp_gain":0.0,"max_hp_loss":0.0,"gold_gain":0.0,"event_name":"Golden Wing","player_choice":"Card Removal","floor":12.0,"gold_loss":0.0,"damage_taken":7.0},{"damage_healed":0.0,"max_hp_gain":0.0,"max_hp_loss":0.0,"gold_gain":0.0,"event_name":"Duplicator","player_choice":"Copied","floor":19.0,"gold_loss":0.0,"damage_taken":0.0,"cards_obtained":["Darkness"]},{"damage_healed":0.0,"max_hp_gain":0.0,"max_hp_loss":0.0,"gold_gain":50.0,"event_name":"Golden Shrine","player_choice":"Pray","floor":22.0,"gold_loss":0.0,"damage_taken":0.0}],"is_beta":false,"boss_relics":[{"not_picked":["Fusion Hammer","Runic Dome"],"picked":"Coffee Dripper"}],"items_purged_floors":[4,20],"is_endless":false,"potions_floor_spawned":[2,14,16,29,31],"killed_by":"Champ","ascension_level":18}