{"gold_per_floor":[113,128,145,145,145,145,157,183,183,183,183,183,200,233,233,310,310,323,323,294,37,37,37,72,72,72,104,204,204,204,230,230,301,301,311,311,36,36,53,87,87,87,87,99,99,12,31,47,47,47],"floor_reached":51,"playtime":7556,"items_purged":["Strike_G"],"score":1640,"play_id":"06db2b23-49e6-47ba-b120-9f684772f985","local_time":"20190829210213","is_ascension_mode":true,"campfire_choices":[{"data":"Terror","floor":6.0,"key":"SMITH"},{"data":"A Thousand Cuts","floor":10.0,"key":"SMITH"},{"floor":12.0,"key":"REST"},{"floor":15.0,"key":"REST"},{"data":"After Image","floor":23.0,"key":"SMITH"},{"data":"Neutralize","floor":25.0,"key":"SMITH"},{"data":"Accuracy","floor":30.0,"key":"SMITH"},{"floor":32.0,"key":"REST"},{"floor":41,"key":"DIG"},{"floor":45,"key":"REST"},{"floor":49,"key":"DIG"}],"neow_cost":"TEN_PERCENT_HP_LOSS","seed_source_timestamp":1155940744255216,"circlet_count":0,"master_deck":["AscendersBane","Strike_G+1","Defend_G","Defend_G+1","Survivor","Neutralize+1","Terror+1","PiercingWail","A Thousand Cuts+1","Predator+1","Blade Dance+1","After Image+1","Backflip+1","Blade Dance+1","Blade Dance+1","Backflip+1","RitualDagger+1","Cloak And Dagger+1","Finisher+1","Accuracy+1","Predator+1","Burst+1","Blur+1","Blade Dance+1","Secret Technique+1","Acrobatics+1","Blade Dance+1","Infinite Blades+1","Backflip+1","Tools of the Trade","Cloak And Dagger+1","Accuracy"],"special_seed":0,"relics":["Ring of the Snake","Nunchaku","Molten Egg 2","Meat on the Bone","Ninja Scroll","Toxic Egg 2","Empty Cage","Bag of Marbles","Torii","The Specimen","Turnip","Prayer Wheel","Sundial","Dodecahedron","Philosopher\u0027s Stone","Shovel","Mummified Hand","Blue Candle","Question Card","Thread and Needle"],"potions_floor_usage":[50],"damage_taken":[{"damage":1.0,"enemies":"Small Slimes","floor":1.0,"turns":4.0},{"damage":4.0,"enemies":"Jaw Worm","floor":2.0,"turns":4.0},{"damage":0.0,"enemies":"2 Louse","floor":3.0,"turns":3.0},{"damage":3.0,"enemies":"Blue Slaver","floor":7.0,"turns":5.0},{"damage":11.0,"enemies":"Gremlin Nob","floor":8.0,"turns":3.0},{"damage":7.0,"enemies":"Exordium Thugs","floor":13.0,"turns":8.0},{"damage":22.0,"enemies":"Lagavulin","floor":14.0,"turns":5.0},{"damage":18.0,"enemies":"The Guardian","floor":16.0,"turns":13.0},{"damage":10.0,"enemies":"2 Thieves","floor":18.0,"turns":4.0},{"damage":13.0,"enemies":"Book of Stabbing","floor":24.0,"turns":5.0},{"damage":0.0,"enemies":"Slavers","floor":27.0,"turns":3.0},{"damage":1.0,"enemies":"Colosseum Slavers","floor":28.0,"turns":3.0},{"damage":0.0,"enemies":"Colosseum Nobs","floor":28.0,"turns":5.0},{"damage":0.0,"enemies":"Gremlin Leader","floor":31.0,"turns":4.0},{"damage":2.0,"enemies":"Champ","floor":33.0,"turns":7.0},{"damage":17.0,"enemies":"3 Shapes","floor":35.0,"turns":5.0},{"damage":0,"enemies":"Orb Walker","floor":39,"turns":2},{"damage":0,"enemies":"Giant Head","floor":40,"turns":4},{"damage":9,"enemies":"Writhing Mass","floor":44,"turns":3},{"damage":0,"enemies":"4 Shapes","floor":47,"turns":3},{"damage":0,"enemies":"Spire Growth","floor":48,"turns":1},{"damage":1,"enemies":"Awakened One","floor":50,"turns":5}],"seed_played":"3644921101474758194","potions_obtained":[{"floor":1.0,"key":"SkillPotion"},{"floor":16.0,"key":"Ancient Potion"},{"floor":24.0,"key":"Energy Potion"},{"floor":27.0,"key":"Fire Potion"},{"floor":44,"key":"Swift Potion"},{"floor":48,"key":"Block Potion"}],"is_trial":false,"path_per_floor":["M","M","M","?","?","R","M","E","T","R","?","R","M","E","R","B",null,"M","?","$","$","?","R","E","R","T","E","?","?","R","E","R","B",null,"M","?","$","?","M","E","R","?","T","M","R","$","M","M","R","B",null],"character_chosen":"THE_SILENT","items_purchased":["Blade Dance+1","Backflip+1","Bag of Marbles","Secret Technique+1","Acrobatics+1","Tools of the Trade"],"campfire_rested":4,"item_purchase_floors":[20,21,21,37,37,46],"current_hp_per_floor":[58,54,54,54,36,36,33,22,22,22,22,40,33,23,41,35,54,44,44,44,44,38,38,37,37,37,37,36,36,36,36,54,52,58,41,41,41,41,41,41,41,41,41,32,49,49,49,49,49,48],"gold":47,"neow_bonus":"ONE_RARE_RELIC","is_prod":false,"is_daily":false,"chose_seed":false,"campfire_upgraded":5,"win_rate":0,"timestamp":1567130533,"path_taken":["M","M","M","?","?","R","M","E","T","R","?","R","M","E","R","BOSS","M","?","?","$","?","R","E","R","T","E","?","?","R","E","R","BOSS","M","?","?","?","M","E","R","?","T","?","R","?","M","?","R","BOSS"],"build_version":"2019-07-17","purchased_purges":1,"victory":true,"max_hp_per_floor":[60,60,60,60,60,60,60,60,60,60,60,60,60,60,60,60,60,60,60,60,60,60,60,60,60,60,60,60,60,60,60,60,60,60,60,60,60,57,57,57,57,57,57,57,57,57,57,57,57,57],"card_choices":[{"not_picked":["Poisoned Stab","Deflect"],"picked":"Terror","floor":1.0},{"not_picked":["Prepared","Poisoned Stab"],"picked":"PiercingWail","floor":2.0},{"not_picked":["Calculated Gamble","Dodge and Roll","Flying Knee"],"picked":"SKIP","floor":3.0},{"not_picked":["Terror","Dagger Spray","Poisoned Stab"],"picked":"SKIP","floor":7.0},{"not_picked":["Finisher","PiercingWail"],"picked":"A Thousand Cuts","floor":8.0},{"not_picked":["Well Laid Plans","Cloak And Dagger"],"picked":"Predator+1","floor":13.0},{"not_picked":["Deadly Poison","Outmaneuver"],"picked":"Blade Dance","floor":14.0},{"not_picked":["Malaise+1","A Thousand Cuts"],"picked":"After Image","floor":16.0},{"not_picked":["Acrobatics+1","Underhanded Strike+1"],"picked":"Backflip+1","floor":18.0},{"not_picked":["Terror+1","Masterful Stab+1"],"picked":"Cloak And Dagger+1","floor":24.0},{"not_picked":["Dodge and Roll+1","PiercingWail+1","Heel Hook+1"],"picked":"SKIP","floor":27.0},{"not_picked":["Heel Hook+1","Poisoned Stab+1"],"picked":"Finisher+1","floor":28.0},{"not_picked":["Setup+1","Finisher+1"],"picked":"Predator+1","floor":31.0},{"not_picked":["Die Die Die+1","Wraith Form v2"],"picked":"Burst+1","floor":33.0},{"not_picked":["Deadly Poison+1","Sucker Punch+1"],"picked":"Blur+1","floor":35.0},{"not_picked":["Finisher+1","Sucker Punch+1","Deadly Poison+1"],"picked":"SKIP","floor":35.0},{"not_picked":["Finisher+1","Sucker Punch+1","Deadly Poison+1"],"picked":"SKIP","floor":35.0},{"not_picked":["Choke+1","Dash+1"],"picked":"Blade Dance+1","floor":39},{"not_picked":["Bane+1","Choke+1","Masterful Stab+1"],"picked":"SKIP","floor":39},{"not_picked":["Prepared+1","Tactician+1"],"picked":"Infinite Blades+1","floor":40},{"not_picked":["Escape Plan+1","Quick Slash+1","Caltrops"],"picked":"Backflip+1","floor":44},{"not_picked":["Expertise+1","Poisoned Stab+1","Predator+1","Underhanded Strike+1"],"picked":"SKIP","floor":44},{"not_picked":["Setup+1","Endless Agony+1","Bouncing Flask+1"],"picked":"Cloak And Dagger+1","floor":47},{"not_picked":["Flying Knee+1","All Out Attack+1","Outmaneuver+1","Infinite Blades"],"picked":"SKIP","floor":47},{"not_picked":["Dagger Spray+1","Bane+1","Escape Plan+1"],"picked":"Accuracy","floor":48},{"not_picked":["Cloak And Dagger+1","Wraith Form v2","Prepared+1","Quick Slash+1"],"picked":"SKIP","floor":48}],"player_experience":977484,"relics_obtained":[{"floor":8.0,"key":"Molten Egg 2"},{"floor":9.0,"key":"Meat on the Bone"},{"floor":14.0,"key":"Toxic Egg 2"},{"floor":24.0,"key":"Torii"},{"floor":26.0,"key":"The Specimen"},{"floor":27.0,"key":"Turnip"},{"floor":28.0,"key":"Prayer Wheel"},{"floor":28.0,"key":"Sundial"},{"floor":31.0,"key":"Dodecahedron"},{"floor":40,"key":"Shovel"},{"floor":41,"key":"Mummified Hand"},{"floor":43,"key":"Question Card"},{"floor":49,"key":"Thread and Needle"}],"event_choices":[{"cards_removed":["Strike_G"],"damage_healed":0.0,"max_hp_gain":0.0,"max_hp_loss":0.0,"gold_gain":0.0,"event_name":"Living Wall","player_choice":"Forget","floor":4.0,"gold_loss":0.0,"damage_taken":0.0},{"damage_healed":0.0,"max_hp_gain":0.0,"max_hp_loss":0.0,"gold_gain":0.0,"event_name":"Shining Light","player_choice":"Entered Light","floor":5.0,"gold_loss":0.0,"damage_taken":18.0,"cards_upgraded":["Defend_G","Strike_G"]},{"damage_healed":0.0,"max_hp_gain":0.0,"max_hp_loss":0.0,"gold_gain":0.0,"event_name":"Dead Adventurer","player_choice":"Searched \u00271\u0027 times","floor":11.0,"gold_loss":0.0,"damage_taken":0.0,"relics_obtained":["Ninja Scroll"]},{"damage_healed":0.0,"max_hp_gain":0.0,"max_hp_loss":0.0,"gold_gain":0.0,"cards_transformed":["Defend_G"],"event_name":"Transmorgrifier","player_choice":"Transformed","floor":19.0,"gold_loss":0.0,"damage_taken":0.0,"cards_obtained":["Blade Dance"]},{"damage_healed":0.0,"max_hp_gain":0.0,"max_hp_loss":0.0,"gold_gain":0.0,"event_name":"Nest","player_choice":"Joined the Cult","floor":22.0,"gold_loss":0.0,"damage_taken":6.0,"cards_obtained":["RitualDagger"]},{"damage_healed":0.0,"max_hp_gain":0.0,"max_hp_loss":0.0,"gold_gain":0.0,"event_name":"Colosseum","player_choice":"Fight","floor":28.0,"gold_loss":0.0,"damage_taken":0.0},{"damage_healed":0.0,"max_hp_gain":0.0,"max_hp_loss":0.0,"gold_gain":0.0,"event_name":"Colosseum","player_choice":"Fought Nobs","floor":28.0,"gold_loss":0.0,"damage_taken":0.0},{"damage_healed":0.0,"max_hp_gain":0.0,"max_hp_loss":0.0,"gold_gain":0.0,"cards_transformed":["Defend_G"],"event_name":"Transmorgrifier","player_choice":"Transformed","floor":29.0,"gold_loss":0.0,"damage_taken":0.0,"cards_obtained":["Accuracy"]},{"damage_healed":0.0,"max_hp_gain":0.0,"max_hp_loss":0.0,"gold_gain":0.0,"cards_transformed":["Strike_G"],"event_name":"Transmorgrifier","player_choice":"Transformed","floor":36.0,"gold_loss":0.0,"damage_taken":0.0,"cards_obtained":["Blade Dance"]},{"damage_healed":0.0,"max_hp_gain":0.0,"max_hp_loss":3.0,"gold_gain":0.0,"event_name":"Winding Halls","player_choice":"Max HP","floor":38.0,"gold_loss":0.0,"damage_taken":0.0},{"damage_healed":0,"gold_gain":0,"player_choice":"Gave Potion","damage_taken":0,"relics_obtained":["Blue Candle"],"max_hp_gain":0,"max_hp_loss":0,"event_name":"WeMeetAgain","floor":42,"gold_loss":0}],"is_beta":false,"boss_relics":[{"not_picked":["White Beast Statue","Calling Bell"],"picked":"Empty Cage"},{"not_picked":["Runic Dome","Velvet Choker"],"picked":"Philosopher\u0027s Stone"}],"items_purged_floors":[21],"is_endless":false,"potions_floor_spawned":[1,16,24,27,28,39,44,48],"ascension_level":18}