{"gold_per_floor":[115,115,115,135,145,145,172,205,217,229,221,233,275,297,309,426,438,468,480,32,50,50,50,81,81,81,100,100,126,138,138,138,243,243,261,313,10,10,27,27,52,52,75,75,91,107,107,207,207,207],"floor_reached":51,"playtime":3110,"items_purged":["Strike_P"],"score":844,"play_id":"32394134-86a1-4a2f-9d4e-9a052761efa0","local_time":"20190909155545","is_ascension_mode":false,"campfire_choices":[{"data":"Omniscience","floor":6.0,"key":"SMITH"},{"data":"JustLucky","floor":10.0,"key":"SMITH"},{"data":"Eruption","floor":12.0,"key":"SMITH"},{"data":"ReachHeaven","floor":15.0,"key":"SMITH"},{"data":"Worship","floor":23.0,"key":"SMITH"},{"data":"Establishment","floor":28.0,"key":"SMITH"},{"floor":32.0,"key":"REST"},{"data":"DevaForm","floor":40,"key":"SMITH"},{"data":"Fasting","floor":42,"key":"SMITH"},{"data":"Worship","floor":47,"key":"SMITH"},{"data":"DeusExMachina","floor":49,"key":"SMITH"}],"neow_cost":"NONE","seed_source_timestamp":267882734686828,"circlet_count":0,"master_deck":["Strike_P+1","Strike_P+1","Defend_P","Defend_P","Defend_P","Defend_P","Eruption+1","Vigilance","ReachHeaven+1","JustLucky+1","DeusExMachina","Omniscience+1","SandsOfTime+1","DeceiveReality+1","FlyingSleeves","Consecrate","ThirdEye+1","Wallop+1","LessonLearned","Worship+1","Brilliance+1","Protect","Worship+1","Establishment+1","DevaForm+1","SandsOfTime+1","Writhe","Fasting+1","DeusExMachina+1"],"special_seed":0,"relics":["PureWater","Odd Mushroom","MawBank","The Courier","White Beast Statue","Snecko Eye","Oddly Smooth Stone","Darkstone Periapt","Pocketwatch","Whetstone","Bottled Flame","Busted Crown","Calipers","OrangePellets","TungstenRod","Vajra","Question Card","Dead Branch"],"potions_floor_usage":[33,33,46,50,50,50],"damage_taken":[{"damage":2.0,"enemies":"Small Slimes","floor":1.0,"turns":3.0},{"damage":1.0,"enemies":"Jaw Worm","floor":4.0,"turns":2.0},{"damage":2.0,"enemies":"Cultist","floor":5.0,"turns":4.0},{"damage":8.0,"enemies":"The Mushroom Lair","floor":7.0,"turns":3.0},{"damage":21.0,"enemies":"3 Sentries","floor":8.0,"turns":6.0},{"damage":13.0,"enemies":"Gremlin Nob","floor":13.0,"turns":3.0},{"damage":0.0,"enemies":"Looter","floor":14.0,"turns":3.0},{"damage":0.0,"enemies":"Hexaghost","floor":16.0,"turns":8.0},{"damage":0.0,"enemies":"Chosen","floor":18.0,"turns":2.0},{"damage":4.0,"enemies":"3 Byrds","floor":21.0,"turns":4.0},{"damage":0.0,"enemies":"Book of Stabbing","floor":24.0,"turns":5.0},{"damage":15.0,"enemies":"Snecko","floor":27.0,"turns":4.0},{"damage":44.0,"enemies":"Slavers","floor":29.0,"turns":5.0},{"damage":0.0,"enemies":"Snake Plant","floor":30.0,"turns":1.0},{"damage":2,"enemies":"Champ","floor":33,"turns":8},{"damage":24,"enemies":"3 Darklings","floor":35,"turns":4},{"damage":20,"enemies":"2 Orb Walkers","floor":36,"turns":2},{"damage":6,"enemies":"Orb Walker","floor":39,"turns":2},{"damage":0,"enemies":"Giant Head","floor":41,"turns":5},{"damage":7,"enemies":"Jaw Worm Horde","floor":45,"turns":4},{"damage":4,"enemies":"Writhing Mass","floor":46,"turns":3},{"damage":0,"enemies":"Mind Bloom Boss Battle","floor":48,"turns":1},{"damage":10,"enemies":"Donu and Deca","floor":50,"turns":9}],"seed_played":"6331122748474733355","potions_obtained":[{"floor":5.0,"key":"Ancient Potion"},{"floor":8.0,"key":"Swift Potion"},{"floor":11.0,"key":"SpeedPotion"},{"floor":16.0,"key":"Dexterity Potion"},{"floor":18.0,"key":"DuplicationPotion"},{"floor":24.0,"key":"PowerPotion"},{"floor":29.0,"key":"DuplicationPotion"},{"floor":30.0,"key":"Regen Potion"},{"floor":33,"key":"Fire Potion"},{"floor":35,"key":"SpeedPotion"},{"floor":36,"key":"Block Potion"},{"floor":46,"key":"PowerPotion"}],"is_trial":false,"path_per_floor":["M","?","?","M","M","R","?","E","T","R","?","R","E","M","R","B",null,"M","?","$","M","?","R","E","?","T","M","R","E","M","T","R","B",null,"M","?","$","?","M","R","E","R","T","T","M","M","R","?","R","B",null],"character_chosen":"WATCHER","items_purchased":["LessonLearned","Oddly Smooth Stone","Worship","Brilliance","Protect","Regen Potion","SandsOfTime","OrangePellets"],"campfire_rested":1,"item_purchase_floors":[20,20,20,20,20,37,37,37],"current_hp_per_floor":[63,68,68,67,65,65,57,36,36,36,36,36,23,23,23,23,70,70,70,70,66,66,66,66,66,66,51,51,7,7,7,28,38,70,46,26,26,50,44,44,44,44,44,44,37,42,42,42,42,32],"gold":207,"neow_bonus":"ONE_RANDOM_RARE_CARD","is_prod":false,"is_daily":false,"chose_seed":false,"campfire_upgraded":10,"win_rate":0.0,"timestamp":1568058945,"path_taken":["M","?","?","?","M","R","?","E","T","R","?","R","E","M","R","BOSS","M","?","$","?","?","R","E","?","T","M","R","E","M","?","R","BOSS","M","?","$","?","M","R","E","R","T","?","M","?","R","?","R","BOSS"],"build_version":"2019-09-09","purchased_purges":1,"victory":true,"max_hp_per_floor":[65,70,70,70,70,70,70,70,70,70,70,70,70,70,70,70,70,70,70,70,70,70,70,70,70,70,70,70,70,70,70,70,70,70,70,70,70,76,76,76,76,76,76,76,76,76,76,76,76,76],"card_choices":[{"not_picked":["Weave","CrushJoints"],"picked":"JustLucky","floor":1.0},{"not_picked":["Sanctity","Collect"],"picked":"Omniscience","floor":4.0},{"not_picked":["Consecrate","CrushJoints"],"picked":"SandsOfTime","floor":5.0},{"not_picked":["CutThroughFate","FearNoEvil"],"picked":"DeceiveReality","floor":7.0},{"not_picked":["DeusExMachina","Establishment"],"picked":"FlyingSleeves","floor":8.0},{"not_picked":["DeceiveReality","Conclude"],"picked":"Consecrate","floor":13.0},{"not_picked":["DeceiveReality","Consecrate"],"picked":"ThirdEye","floor":14.0},{"not_picked":["DeusExMachina","Pray"],"picked":"Wallop","floor":16.0},{"not_picked":["BowlingBash+1","FollowUp+1","Weave"],"picked":"SKIP","floor":18.0},{"not_picked":["Crescendo","Sanctity","CarveReality"],"picked":"SKIP","floor":21.0},{"not_picked":["FlyingSleeves+1","InnerPeace+1"],"picked":"Establishment","floor":24.0},{"not_picked":["Crescendo","ClearTheMind+1","Adaptation"],"picked":"SKIP","floor":27.0},{"not_picked":["CutThroughFate+1","CarveReality+1","DeceiveReality"],"picked":"SKIP","floor":29.0},{"not_picked":["ClearTheMind","BowlingBash","FlowState"],"picked":"SKIP","floor":30.0},{"not_picked":["Ragnarok","FlowState"],"picked":"DevaForm","floor":33},{"not_picked":["ClearTheMind+1"],"picked":"SKIP","floor":35},{"not_picked":[],"picked":"Fasting","floor":39},{"not_picked":["CrushJoints"],"picked":"SKIP","floor":41},{"not_picked":["EmptyMind+1","Crescendo+1"],"picked":"SKIP","floor":45},{"not_picked":["WaveOfTheHand","EmptyBody"],"picked":"SKIP","floor":46},{"not_picked":["Halt"],"picked":"DeusExMachina","floor":48}],"player_experience":1053259,"relics_obtained":[{"floor":7.0,"key":"Odd Mushroom"},{"floor":8.0,"key":"MawBank"},{"floor":9.0,"key":"The Courier"},{"floor":13.0,"key":"White Beast Statue"},{"floor":24.0,"key":"Darkstone Periapt"},{"floor":26.0,"key":"Pocketwatch"},{"floor":29.0,"key":"Whetstone"},{"floor":31.0,"key":"Bottled Flame"},{"floor":36,"key":"Calipers"},{"floor":41,"key":"TungstenRod"},{"floor":43,"key":"Vajra"},{"floor":44,"key":"Question Card"},{"floor":48,"key":"Dead Branch"}],"event_choices":[{"damage_healed":0.0,"max_hp_gain":5.0,"max_hp_loss":0.0,"gold_gain":0.0,"event_name":"Big Fish","player_choice":"Donut","floor":2.0,"gold_loss":0.0,"damage_taken":0.0},{"damage_healed":0.0,"max_hp_gain":0.0,"max_hp_loss":0.0,"gold_gain":0.0,"cards_transformed":["Strike_P"],"event_name":"Transmorgrifier","player_choice":"Transformed","floor":3.0,"gold_loss":0.0,"damage_taken":0.0,"cards_obtained":["DeusExMachina"]},{"damage_healed":0.0,"max_hp_gain":0.0,"max_hp_loss":0.0,"gold_gain":0.0,"event_name":"Mushrooms","player_choice":"Fought Mushrooms","floor":7.0,"gold_loss":0.0,"damage_taken":0.0},{"damage_healed":0.0,"max_hp_gain":0.0,"max_hp_loss":0.0,"gold_gain":0.0,"event_name":"The Woman in Blue","player_choice":"Bought 1 Potion","floor":11.0,"gold_loss":0.0,"damage_taken":0.0},{"damage_healed":0.0,"max_hp_gain":0.0,"max_hp_loss":0.0,"gold_gain":0.0,"event_name":"Upgrade Shrine","player_choice":"Upgraded","floor":19.0,"gold_loss":0.0,"damage_taken":0.0,"cards_upgraded":["ThirdEye"]},{"damage_healed":0.0,"max_hp_gain":0.0,"max_hp_loss":0.0,"gold_gain":0.0,"event_name":"The Library","player_choice":"Read","floor":22.0,"gold_loss":0.0,"damage_taken":0.0,"cards_obtained":["Worship"]},{"damage_healed":0.0,"max_hp_gain":0.0,"max_hp_loss":0.0,"gold_gain":0.0,"event_name":"Ghosts","player_choice":"Ignored","floor":25.0,"gold_loss":0.0,"damage_taken":0.0},{"damage_healed":0,"gold_gain":0,"player_choice":"Fight","damage_taken":0,"max_hp_gain":0,"max_hp_loss":0,"event_name":"Mysterious Sphere","floor":36,"gold_loss":0},{"damage_healed":18,"gold_gain":0,"player_choice":"Writhe","damage_taken":0,"max_hp_gain":0,"max_hp_loss":0,"event_name":"Winding Halls","floor":38,"gold_loss":0,"cards_obtained":["Writhe"]},{"damage_healed":0,"gold_gain":0,"player_choice":"Fight","damage_taken":0,"max_hp_gain":0,"max_hp_loss":0,"event_name":"MindBloom","floor":48,"gold_loss":0}],"is_beta":true,"boss_relics":[{"not_picked":["HolyWater","SacredBark"],"picked":"Snecko Eye"},{"not_picked":["Pandora\u0027s Box","Black Star"],"picked":"Busted Crown"}],"items_purged_floors":[37],"is_endless":false,"potions_floor_spawned":[5,8,14,16,18,21,24,27,29,30,33,35,36,39,41,45,46,48],"ascension_level":0}