{"gold_per_floor":[112,112,112,131,131,165,165,230,275,295,295,295],"floor_reached":12,"playtime":342,"items_purged":[],"score":101,"play_id":"48660b59-74aa-4c0f-afbc-0cb83a03ddca","local_time":"20190909144216","is_ascension_mode":false,"campfire_choices":[{"data":"SandsOfTime","floor":7,"key":"SMITH"},{"data":"Eruption","floor":11,"key":"SMITH"}],"neow_cost":"NONE","seed_source_timestamp":87226428027400,"circlet_count":0,"master_deck":["Strike_P","Strike_P","Strike_P","Strike_P","Defend_P","Defend_P","Defend_P","Defend_P","Eruption+1","Vigilance","FollowUp","Halt","SandsOfTime+1","Weave"],"relics":["PureWater","NeowsBlessing","Golden Idol","Blue Candle","Thread and Needle","Oddly Smooth Stone"],"potions_floor_usage":[],"damage_taken":[{"damage":0,"enemies":"Small Slimes","floor":1,"turns":1},{"damage":0,"enemies":"2 Louse","floor":4,"turns":1},{"damage":0,"enemies":"3 Sentries","floor":6,"turns":2},{"damage":1,"enemies":"Jaw Worm","floor":10,"turns":3},{"damage":41,"enemies":"Lagavulin","floor":12,"turns":4}],"seed_played":"-2987435971556699690","potions_obtained":[],"is_trial":false,"path_per_floor":["M","?","?","M","?","E","R","?","T","M","R","E"],"character_chosen":"WATCHER","items_purchased":[],"campfire_rested":0,"item_purchase_floors":[],"current_hp_per_floor":[65,60,65,65,40,40,40,40,40,39,39,0],"gold":295,"neow_bonus":"THREE_ENEMY_KILL","is_prod":false,"is_daily":false,"chose_seed":false,"campfire_upgraded":2,"win_rate":0.0,"timestamp":1568054536,"path_taken":["M","?","?","M","?","E","R","?","T","?","R","E"],"build_version":"2019-09-09","purchased_purges":0,"victory":false,"max_hp_per_floor":[65,60,65,65,65,65,65,65,65,65,65,65],"card_choices":[{"not_picked":["CrushJoints","Scrawl"],"picked":"FollowUp","floor":1},{"not_picked":["SpiritShield","Vengeance"],"picked":"Halt","floor":4},{"not_picked":["FlyingSleeves","Consecrate"],"picked":"SandsOfTime","floor":6},{"not_picked":["ThirdEye","SpiritShield"],"picked":"Weave","floor":10}],"player_experience":1158411,"relics_obtained":[{"floor":6,"key":"Thread and Needle"},{"floor":9,"key":"Oddly Smooth Stone"}],"event_choices":[{"damage_healed":0,"gold_gain":0,"player_choice":"Lose Max HP","damage_taken":0,"relics_obtained":["Golden Idol"],"max_hp_gain":0,"max_hp_loss":5,"event_name":"Golden Idol","floor":2,"gold_loss":0},{"damage_healed":0,"gold_gain":0,"player_choice":"Donut","damage_taken":0,"max_hp_gain":5,"max_hp_loss":0,"event_name":"Big Fish","floor":3,"gold_loss":0},{"damage_healed":0,"gold_gain":0,"player_choice":"Success","damage_taken":25,"relics_obtained":["Blue Candle"],"max_hp_gain":0,"max_hp_loss":0,"event_name":"Scrap Ooze","floor":5,"gold_loss":0},{"damage_healed":0,"gold_gain":65,"player_choice":"Gained Gold","damage_taken":0,"max_hp_gain":0,"max_hp_loss":0,"event_name":"Golden Wing","floor":8,"gold_loss":0}],"is_beta":true,"boss_relics":[],"items_purged_floors":[],"is_endless":false,"potions_floor_spawned":[],"killed_by":"Lagavulin","ascension_level":0}