{"gold_per_floor":[110,110,122,137,151,151,180,29,29,29],"floor_reached":10,"playtime":460,"items_purged":["Defend_B"],"score":112,"play_id":"608fd718-b738-4176-9f75-3969925c617f","local_time":"20190822001800","is_ascension_mode":true,"campfire_choices":[{"data":"Darkness","floor":6.0,"key":"SMITH"}],"neow_cost":"NONE","seed_source_timestamp":0,"circlet_count":0,"master_deck":["AscendersBane","Strike_B","Strike_B","Strike_B","Strike_B","Defend_B","Defend_B","Defend_B","Zap","Dualcast","Darkness+1","Cold Snap","Hologram","Consume","Tempest","Defragment"],"special_seed":0,"relics":["Cracked Core","Pantograph","Darkstone Periapt","Bottled Tornado"],"potions_floor_usage":[10],"damage_taken":[{"damage":1.0,"enemies":"Jaw Worm","floor":1.0,"turns":4.0},{"damage":10.0,"enemies":"Small Slimes","floor":3.0,"turns":4.0},{"damage":0.0,"enemies":"2 Louse","floor":4.0,"turns":2.0},{"damage":18.0,"enemies":"Large Slime","floor":5.0,"turns":4.0},{"damage":38,"enemies":"3 Sentries","floor":7,"turns":9},{"damage":6,"enemies":"3 Louse","floor":10,"turns":1}],"seed_played":"-5690949158272170841","potions_obtained":[{"floor":1.0,"key":"EssenceOfSteel"}],"is_trial":false,"path_per_floor":["M","?","M","M","M","R","E","$","T","M"],"character_chosen":"DEFECT","items_purchased":["Defragment"],"campfire_rested":0,"item_purchase_floors":[8],"current_hp_per_floor":[74,71,61,61,43,43,5,5,5,0],"gold":29,"neow_bonus":"TEN_PERCENT_HP_BONUS","is_prod":false,"is_daily":false,"chose_seed":false,"campfire_upgraded":1,"win_rate":0,"timestamp":1566451080,"path_taken":["M","?","M","M","M","R","E","$","T","M"],"build_version":"2019-07-17","purchased_purges":1,"victory":false,"max_hp_per_floor":[82,82,82,82,82,82,82,82,82,82],"card_choices":[{"not_picked":["Hello World","Static Discharge"],"picked":"Darkness","floor":1.0},{"not_picked":["Stack","Coolheaded"],"picked":"Cold Snap","floor":3.0},{"not_picked":["Sunder","Conserve Battery"],"picked":"Hologram","floor":4.0},{"not_picked":["Turbo","Force Field"],"picked":"Consume","floor":5.0},{"not_picked":["Creative AI","Stack"],"picked":"Tempest","floor":7}],"player_experience":753825,"relics_obtained":[{"floor":7,"key":"Darkstone Periapt"},{"floor":9,"key":"Bottled Tornado"}],"event_choices":[{"damage_healed":0.0,"max_hp_gain":0.0,"max_hp_loss":0.0,"gold_gain":0.0,"event_name":"Scrap Ooze","player_choice":"Success","floor":2.0,"gold_loss":0.0,"damage_taken":3.0,"relics_obtained":["Pantograph"]}],"is_beta":false,"boss_relics":[],"items_purged_floors":[8],"is_endless":false,"potions_floor_spawned":[1],"killed_by":"3 Louse","ascension_level":13}