{"gold_per_floor":[117,117,137,160,180,214,237,237],"floor_reached":8,"playtime":715,"items_purged":[],"score":90,"play_id":"bf56e861-d2e5-4e48-a08e-06b403731d07","local_time":"20190118101712","is_ascension_mode":true,"campfire_choices":[],"neow_cost":"NONE","seed_source_timestamp":0,"circlet_count":0,"master_deck":["AscendersBane","Defend_G","Defend_G","Defend_G","Defend_G","Defend_G","Strike_G","Strike_G","Strike_G","Strike_G","Strike_G","Survivor","Neutralize","Heel Hook","Terror","Infinite Blades","Well Laid Plans","Leg Sweep","Dagger Spray"],"special_seed":0,"relics":["Ring of the Snake","Golden Idol","Smiling Mask"],"potions_floor_usage":[6,6],"damage_taken":[{"damage":9,"enemies":"Jaw Worm","floor":1,"turns":8},{"damage":0,"enemies":"2 Louse","floor":3,"turns":3},{"damage":6,"enemies":"Small Slimes","floor":4,"turns":3},{"damage":5,"enemies":"2 Fungi Beasts","floor":5,"turns":4},{"damage":15,"enemies":"Lagavulin","floor":6,"turns":5},{"damage":27,"enemies":"Large Slime","floor":7,"turns":8},{"damage":10,"enemies":"3 Sentries","floor":8,"turns":2}],"seed_played":"2686405223523831652","potions_obtained":[{"floor":1,"key":"SteroidPotion"},{"floor":4,"key":"Strength Potion"},{"floor":6,"key":"GamblersBrew"}],"is_trial":false,"path_per_floor":["M","?","M","M","M","E","M","E"],"character_chosen":"THE_SILENT","items_purchased":[],"campfire_rested":0,"item_purchase_floors":[],"current_hp_per_floor":[61,61,61,55,50,35,8,0],"gold":237,"neow_bonus":"TEN_PERCENT_HP_BONUS","is_prod":false,"is_daily":false,"chose_seed":false,"campfire_upgraded":0,"win_rate":0,"timestamp":1547828232,"path_taken":["M","?","M","M","M","E","M","E"],"build_version":"2019-01-17v2","purchased_purges":0,"victory":false,"max_hp_per_floor":[77,71,71,71,71,71,71,71],"card_choices":[{"not_picked":["Dagger Throw","Underhanded Strike"],"picked":"Heel Hook","floor":1},{"not_picked":["Acrobatics","Flying Knee"],"picked":"Terror","floor":3},{"not_picked":["Heel Hook","Calculated Gamble"],"picked":"Infinite Blades","floor":4},{"not_picked":["Tactician","Terror"],"picked":"Well Laid Plans","floor":5},{"not_picked":["Predator","Die Die Die"],"picked":"Leg Sweep","floor":6},{"not_picked":["Dagger Throw","Concentrate"],"picked":"Dagger Spray","floor":7}],"player_experience":720321,"relics_obtained":[{"floor":6,"key":"Smiling Mask"}],"event_choices":[{"damage_healed":0,"gold_gain":0,"player_choice":"Lose Max HP","damage_taken":0,"relics_obtained":["Golden Idol"],"max_hp_gain":0,"max_hp_loss":6,"event_name":"Golden Idol","floor":2,"gold_loss":0}],"is_beta":false,"boss_relics":[],"items_purged_floors":[],"is_endless":false,"potions_floor_spawned":[1,4,6],"killed_by":"3 Sentries","ascension_level":10}