{"gold_per_floor":[367,12,30,40,17,17,33,33,33,43,43,43,73,73,73,169,169,182,97,97,110,110,110,110],"floor_reached":24,"playtime":2132,"items_purged":[],"score":314,"play_id":"1b523c38-9e84-4760-8dea-029d41725859","local_time":"20190823154944","is_ascension_mode":true,"campfire_choices":[{"floor":6.0,"key":"REST"},{"data":"Noxious Fumes","floor":8.0,"key":"SMITH"},{"floor":12.0,"key":"REST"},{"data":"Infinite Blades","floor":15.0,"key":"SMITH"},{"floor":23,"key":"REST"}],"neow_cost":"PERCENT_DAMAGE","seed_source_timestamp":865557382325177,"circlet_count":0,"master_deck":["AscendersBane","Strike_G","Strike_G","Strike_G","Strike_G","Strike_G","Defend_G","Defend_G","Defend_G","Defend_G","Survivor","Neutralize","Escape Plan","Blade Dance","Noxious Fumes+1","Backflip","Backflip","Infinite Blades+1","Phantasmal Killer","Cloak And Dagger"],"special_seed":0,"relics":["Ring of the Serpent","Sling","Orichalcum","Gremlin Horn","Paper Crane","Frozen Egg 2","Ornamental Fan"],"potions_floor_usage":[],"damage_taken":[{"damage":1.0,"enemies":"2 Louse","floor":1.0,"turns":4.0},{"damage":4.0,"enemies":"Small Slimes","floor":3.0,"turns":4.0},{"damage":3.0,"enemies":"Jaw Worm","floor":4.0,"turns":4.0},{"damage":27.0,"enemies":"Exordium Thugs","floor":5.0,"turns":5.0},{"damage":7.0,"enemies":"2 Fungi Beasts","floor":7.0,"turns":5.0},{"damage":18.0,"enemies":"Lots of Slimes","floor":10.0,"turns":4.0},{"damage":13.0,"enemies":"3 Sentries","floor":13.0,"turns":7.0},{"damage":20.0,"enemies":"The Guardian","floor":16.0,"turns":14.0},{"damage":33.0,"enemies":"Spheric Guardian","floor":18.0,"turns":6.0},{"damage":19,"enemies":"Chosen","floor":21,"turns":5},{"damage":27,"enemies":"Snake Plant","floor":24,"turns":3}],"seed_played":"-3650396667846067163","potions_obtained":[{"floor":5.0,"key":"Weak Potion"},{"floor":7.0,"key":"GamblersBrew"},{"floor":18.0,"key":"Ancient Potion"}],"is_trial":false,"path_per_floor":["M","$","M","M","M","R","M","R","T","M","?","R","E","?","R","B",null,"M","?","?","M","?","R","M"],"character_chosen":"THE_SILENT","items_purchased":["Sling","Orichalcum"],"campfire_rested":3,"item_purchase_floors":[2,2],"current_hp_per_floor":[44,44,40,37,10,31,24,24,24,6,29,50,37,37,37,17,57,24,24,24,5,5,26,0],"gold":110,"neow_bonus":"TWO_FIFTY_GOLD","is_prod":false,"is_daily":false,"chose_seed":false,"campfire_upgraded":2,"win_rate":0,"timestamp":1566593384,"path_taken":["M","$","M","M","M","R","M","R","T","M","?","R","E","?","R","BOSS","M","?","?","M","?","R","M"],"build_version":"2019-07-17","purchased_purges":0,"victory":false,"max_hp_per_floor":[70,70,70,70,70,70,70,70,70,70,70,70,70,70,70,70,70,70,70,70,70,70,70,70],"card_choices":[{"not_picked":["Underhanded Strike","Bane"],"picked":"Escape Plan","floor":1.0},{"not_picked":["Bane","Underhanded Strike"],"picked":"Blade Dance","floor":3.0},{"not_picked":["Concentrate","Outmaneuver"],"picked":"Noxious Fumes","floor":4.0},{"not_picked":["Dagger Throw","Accuracy"],"picked":"Backflip","floor":5.0},{"not_picked":["Dodge and Roll","Venomology"],"picked":"Backflip","floor":7.0},{"not_picked":["Eviscerate","Deadly Poison","Outmaneuver"],"picked":"SKIP","floor":10.0},{"not_picked":["Eviscerate","Deadly Poison","Outmaneuver"],"picked":"SKIP","floor":10.0},{"not_picked":["Sucker Punch","Burst"],"picked":"Infinite Blades","floor":13.0},{"not_picked":["Venomology","Bullet Time"],"picked":"Phantasmal Killer","floor":16.0},{"not_picked":["Underhanded Strike","Flying Knee","Bane"],"picked":"SKIP","floor":18.0},{"not_picked":["Flying Knee","Reflex"],"picked":"Cloak And Dagger","floor":21}],"player_experience":807053,"relics_obtained":[{"floor":9.0,"key":"Gremlin Horn"},{"floor":13.0,"key":"Paper Crane"}],"event_choices":[{"damage_healed":23.0,"max_hp_gain":0.0,"max_hp_loss":0.0,"gold_gain":0.0,"event_name":"Big Fish","player_choice":"Banana","floor":11.0,"gold_loss":0.0,"damage_taken":0.0},{"cards_removed":["Defend_G"],"damage_healed":0.0,"max_hp_gain":0.0,"max_hp_loss":0.0,"gold_gain":0.0,"event_name":"Living Wall","player_choice":"Forget","floor":14.0,"gold_loss":0.0,"damage_taken":0.0},{"damage_healed":0.0,"max_hp_gain":0.0,"max_hp_loss":0.0,"gold_gain":0.0,"event_name":"Addict","player_choice":"Obtained Relic","floor":19.0,"gold_loss":85.0,"damage_taken":0.0,"relics_obtained":["Frozen Egg 2"]},{"damage_healed":0,"gold_gain":0,"player_choice":"Ignored","damage_taken":0,"max_hp_gain":0,"max_hp_loss":0,"event_name":"Cursed Tome","floor":20,"gold_loss":0},{"damage_healed":0,"gold_gain":0,"player_choice":"Opened","damage_taken":0,"relics_obtained":["Ornamental Fan"],"max_hp_gain":0,"max_hp_loss":0,"event_name":"The Mausoleum","floor":22,"gold_loss":0}],"is_beta":false,"boss_relics":[{"not_picked":["Lizard Tail","Calling Bell"],"picked":"Ring of the Serpent"}],"items_purged_floors":[],"is_endless":false,"potions_floor_spawned":[5,7,13,18],"killed_by":"Snake Plant","ascension_level":12}