{"gold_per_floor":[20,35,55,55,68,101,101,101,101,101,113,130,130,150,150,224,224],"floor_reached":17,"playtime":795,"items_purged":[],"score":302,"play_id":"ae4fba8b-91d4-4310-a230-6340a0f0ca2c","local_time":"20190908070413","is_ascension_mode":true,"campfire_choices":[{"data":"Feel No Pain","floor":7,"key":"SMITH"},{"data":"Havoc","floor":10,"key":"SMITH"},{"floor":13,"key":"REST"},{"floor":15,"key":"REST"}],"neow_cost":"NO_GOLD","seed_source_timestamp":160376730296519,"circlet_count":0,"master_deck":["AscendersBane","Strike_R","Strike_R","Strike_R","Strike_R","Defend_R","Defend_R","Defend_R","Bash","Feel No Pain+1","Havoc+1","Impervious","Entrench","Barricade","Immolate"],"special_seed":0,"relics":["Burning Blood","Ornamental Fan","StoneCalendar"],"potions_floor_usage":[16],"damage_taken":[{"damage":1.0,"enemies":"Cultist","floor":1.0,"turns":3.0},{"damage":4.0,"enemies":"Small Slimes","floor":2.0,"turns":4.0},{"damage":9.0,"enemies":"2 Louse","floor":3.0,"turns":3.0},{"damage":46.0,"enemies":"Large Slime","floor":5.0,"turns":10.0},{"damage":18,"enemies":"3 Sentries","floor":6,"turns":20},{"damage":5,"enemies":"Looter","floor":11,"turns":3},{"damage":20,"enemies":"3 Louse","floor":12,"turns":6},{"damage":14,"enemies":"Exordium Wildlife","floor":14,"turns":5},{"damage":44,"enemies":"Hexaghost","floor":16,"turns":12}],"seed_played":"4059487189907670864","potions_obtained":[{"floor":1.0,"key":"Energy Potion"},{"floor":2.0,"key":"SteroidPotion"},{"floor":6,"key":"SkillPotion"},{"floor":11,"key":"Ancient Potion"}],"is_trial":false,"path_per_floor":["M","M","M","?","M","E","R","?","T","R","M","M","R","M","R","B",null],"character_chosen":"IRONCLAD","items_purchased":[],"campfire_rested":2,"item_purchase_floors":[],"current_hp_per_floor":[73,75,72,77,37,25,25,25,25,25,26,12,36,28,52,14,14],"gold":224,"neow_bonus":"REMOVE_TWO","is_prod":false,"is_daily":false,"chose_seed":false,"campfire_upgraded":2,"win_rate":0,"timestamp":1567944253,"path_taken":["M","?","M","?","M","E","R","?","T","R","M","M","R","M","R","BOSS"],"build_version":"2019-07-17","purchased_purges":0,"victory":false,"max_hp_per_floor":[75,75,75,80,80,80,80,80,80,80,80,80,80,80,80,80,80],"card_choices":[{"not_picked":["Spot Weakness","Havoc"],"picked":"Feel No Pain","floor":1.0},{"not_picked":["Blood for Blood","Perfected Strike"],"picked":"Havoc","floor":2.0},{"not_picked":["Clothesline","Iron Wave","Twin Strike"],"picked":"SKIP","floor":3.0},{"not_picked":["Rampage","Sword Boomerang"],"picked":"Impervious","floor":5.0},{"not_picked":["Warcry","Havoc","Twin Strike"],"picked":"SKIP","floor":6},{"not_picked":["Pummel","Twin Strike"],"picked":"Entrench","floor":11},{"not_picked":["Sword Boomerang","Havoc"],"picked":"Barricade","floor":12},{"not_picked":["Havoc","Dropkick","Entrench"],"picked":"SKIP","floor":14},{"not_picked":["Limit Break","Demon Form"],"picked":"Immolate","floor":16}],"player_experience":1139587,"relics_obtained":[{"floor":6,"key":"Ornamental Fan"},{"floor":9,"key":"StoneCalendar"}],"event_choices":[{"damage_healed":0.0,"max_hp_gain":5.0,"max_hp_loss":0.0,"gold_gain":0.0,"event_name":"Big Fish","player_choice":"Donut","floor":4.0,"gold_loss":0.0,"damage_taken":0.0},{"damage_healed":0,"gold_gain":0,"player_choice":"Ignored","damage_taken":0,"max_hp_gain":0,"max_hp_loss":0,"event_name":"Liars Game","floor":8,"gold_loss":0}],"is_beta":false,"boss_relics":[],"items_purged_floors":[],"is_endless":false,"potions_floor_spawned":[1,2,6,11],"ascension_level":18}