{"gold_per_floor":[362,362,16,16,16,46,46,60,86,102,113,132,132],"floor_reached":13,"playtime":901,"items_purged":[],"score":162,"play_id":"270203f2-adbe-463a-b94f-137399b10b48","local_time":"20190907213743","is_ascension_mode":true,"campfire_choices":[{"floor":7.0,"key":"REST"}],"neow_cost":"PERCENT_DAMAGE","seed_source_timestamp":149438096394293,"circlet_count":0,"master_deck":["AscendersBane","Strike_R","Strike_R+1","Strike_R+1","Strike_R","Strike_R","Defend_R","Defend_R","Defend_R","Bash","True Grit+1","Entrench","Body Slam"],"special_seed":0,"relics":["Burning Blood","Dead Branch","Pocketwatch","Whetstone","Omamori"],"potions_floor_usage":[13],"damage_taken":[{"damage":6.0,"enemies":"Cultist","floor":1.0,"turns":3.0},{"damage":10.0,"enemies":"3 Sentries","floor":6.0,"turns":9.0},{"damage":4.0,"enemies":"Jaw Worm","floor":8.0,"turns":4.0},{"damage":4.0,"enemies":"Small Slimes","floor":10.0,"turns":3.0},{"damage":30.0,"enemies":"Exordium Thugs","floor":11.0,"turns":4.0},{"damage":11.0,"enemies":"Blue Slaver","floor":12.0,"turns":4.0},{"damage":11,"enemies":"Large Slime","floor":13,"turns":6}],"seed_played":"-1672653551546778143","potions_obtained":[{"floor":8.0,"key":"Energy Potion"}],"is_trial":false,"path_per_floor":["M","?","$","?","?","E","R","M","T","M","M","M","M"],"character_chosen":"IRONCLAD","items_purchased":["Dead Branch","True Grit"],"campfire_rested":1,"item_purchase_floors":[3,3],"current_hp_per_floor":[50,43,43,43,17,13,35,37,37,39,15,10,0],"gold":132,"neow_bonus":"TWO_FIFTY_GOLD","is_prod":false,"is_daily":false,"chose_seed":false,"campfire_upgraded":0,"win_rate":0,"timestamp":1567910263,"path_taken":["M","?","$","?","?","E","R","M","T","M","?","M","M"],"build_version":"2019-07-17","purchased_purges":0,"victory":false,"max_hp_per_floor":[75,75,75,75,75,75,75,75,75,75,75,75,75],"card_choices":[{"not_picked":["Clash","Warcry","Wild Strike"],"picked":"SKIP","floor":1.0},{"not_picked":["Blood for Blood","Sentinel","Clash"],"picked":"SKIP","floor":6.0},{"not_picked":["Iron Wave","Anger"],"picked":"Entrench","floor":8.0},{"not_picked":["Power Through","Dropkick","Thunderclap"],"picked":"SKIP","floor":10.0},{"not_picked":["Heavy Blade","Headbutt","Metallicize"],"picked":"SKIP","floor":11.0},{"not_picked":["Feed","Perfected Strike"],"picked":"Body Slam","floor":12.0}],"player_experience":1133824,"relics_obtained":[{"floor":6.0,"key":"Whetstone"},{"floor":9.0,"key":"Omamori"}],"event_choices":[{"cards_removed":["Defend_R"],"damage_healed":0.0,"max_hp_gain":0.0,"max_hp_loss":0.0,"gold_gain":0.0,"event_name":"Golden Wing","player_choice":"Card Removal","floor":2.0,"gold_loss":0.0,"damage_taken":7.0},{"damage_healed":0.0,"max_hp_gain":0.0,"max_hp_loss":0.0,"gold_gain":0.0,"event_name":"Living Wall","player_choice":"Grow","floor":4.0,"gold_loss":0.0,"damage_taken":0.0,"cards_upgraded":["True Grit"]},{"damage_healed":0.0,"max_hp_gain":0.0,"max_hp_loss":0.0,"gold_gain":0.0,"event_name":"Scrap Ooze","player_choice":"Success","floor":5.0,"gold_loss":0.0,"damage_taken":26.0,"relics_obtained":["Pocketwatch"]}],"is_beta":false,"boss_relics":[],"items_purged_floors":[],"is_endless":false,"potions_floor_spawned":[8],"killed_by":"Large Slime","ascension_level":18}