{"gold_per_floor":[114,114,114,129,79,110,128,147,147,147,175,175,29,40,40,135,135,152,152,152,136,136,136,163,176,224,224],"floor_reached":27,"playtime":2832,"items_purged":["Strike_G"],"score":386,"play_id":"fdc5f581-8917-4ba6-95be-899d2bced8d2","local_time":"20190823132919","is_ascension_mode":true,"campfire_choices":[{"floor":10.0,"key":"REST"},{"floor":15.0,"key":"REST"},{"floor":23,"key":"REST"}],"neow_cost":"TEN_PERCENT_HP_LOSS","seed_source_timestamp":856630982515981,"circlet_count":0,"master_deck":["AscendersBane","Strike_G","Strike_G","Strike_G","Defend_G+1","Defend_G","Defend_G","Survivor","Neutralize+1","Poisoned Stab","Poisoned Stab","Prepared+1","Footwork","Well Laid Plans","Tools of the Trade","Noxious Fumes","Deflect","Well Laid Plans"],"special_seed":0,"relics":["Ring of the Snake","Smiling Mask","Sundial","War Paint","Pen Nib","Snake Skull","Fusion Hammer","Enchiridion","SsserpentHead","Dream Catcher","Ancient Tea Set"],"potions_floor_usage":[21,25],"damage_taken":[{"damage":0.0,"enemies":"2 Louse","floor":1.0,"turns":3.0},{"damage":0.0,"enemies":"Jaw Worm","floor":4.0,"turns":4.0},{"damage":31.0,"enemies":"Lagavulin","floor":6.0,"turns":8.0},{"damage":0.0,"enemies":"Cultist","floor":7.0,"turns":3.0},{"damage":9.0,"enemies":"Large Slime","floor":8.0,"turns":5.0},{"damage":25.0,"enemies":"3 Sentries","floor":11.0,"turns":10.0},{"damage":0.0,"enemies":"Exordium Thugs","floor":14.0,"turns":5.0},{"damage":19.0,"enemies":"The Guardian","floor":16.0,"turns":10.0},{"damage":9,"enemies":"Spheric Guardian","floor":18,"turns":5},{"damage":9,"enemies":"2 Thieves","floor":21,"turns":4},{"damage":20,"enemies":"Slavers","floor":24,"turns":6},{"damage":7,"enemies":"Chosen and Byrds","floor":25,"turns":5},{"damage":5,"enemies":"Gremlin Leader","floor":27,"turns":1}],"seed_played":"-3325180179267227303","potions_obtained":[{"floor":1.0,"key":"Explosive Potion"},{"floor":6.0,"key":"Ancient Potion"},{"floor":14.0,"key":"SpeedPotion"},{"floor":24,"key":"GhostInAJar"}],"is_trial":false,"path_per_floor":["M","?","?","M","$","E","M","M","T","R","E","?","$","M","R","B",null,"M","?","?","M","?","R","E","M","T","E"],"character_chosen":"THE_SILENT","items_purchased":["Snake Skull"],"campfire_rested":3,"item_purchase_floors":[13],"current_hp_per_floor":[63,51,51,51,51,20,20,11,11,29,4,4,4,4,22,3,48,39,39,23,14,14,32,12,5,5,0],"gold":224,"neow_bonus":"REMOVE_TWO","is_prod":false,"is_daily":false,"chose_seed":false,"campfire_upgraded":0,"win_rate":0,"timestamp":1566584959,"path_taken":["M","?","?","M","$","E","?","M","T","R","E","?","$","M","R","BOSS","M","?","?","M","?","R","E","M","T","E"],"build_version":"2019-07-17","purchased_purges":1,"victory":false,"max_hp_per_floor":[63,63,63,63,63,63,63,63,63,63,63,63,63,63,63,63,63,63,63,63,63,63,63,63,63,63,63],"card_choices":[{"not_picked":["Choke","Distraction"],"picked":"Poisoned Stab","floor":1.0},{"not_picked":["Slice","Dodge and Roll"],"picked":"Poisoned Stab","floor":4.0},{"not_picked":["Cloak And Dagger","Endless Agony"],"picked":"Prepared","floor":6.0},{"not_picked":["Prepared","Tactician","Slice"],"picked":"SKIP","floor":7.0},{"not_picked":["Dodge and Roll","Dagger Spray"],"picked":"Footwork","floor":8.0},{"not_picked":["Phantasmal Killer","Distraction"],"picked":"Well Laid Plans","floor":11.0},{"not_picked":["Outmaneuver","Deflect","Dagger Spray"],"picked":"SKIP","floor":14.0},{"not_picked":["Doppelganger","Burst"],"picked":"Tools of the Trade","floor":16.0},{"not_picked":["Flechettes","Bane"],"picked":"Noxious Fumes","floor":18},{"not_picked":["Dagger Throw","Skewer"],"picked":"Deflect","floor":21},{"not_picked":["Reflex","Dodge and Roll"],"picked":"Well Laid Plans","floor":24},{"not_picked":["Quick Slash","Accuracy","Expertise"],"picked":"SKIP","floor":25}],"player_experience":800084,"relics_obtained":[{"floor":6.0,"key":"Sundial"},{"floor":9.0,"key":"War Paint"},{"floor":11.0,"key":"Pen Nib"},{"floor":20,"key":"Enchiridion"},{"floor":24,"key":"Dream Catcher"},{"floor":26,"key":"Ancient Tea Set"}],"event_choices":[{"damage_healed":0.0,"max_hp_gain":0.0,"max_hp_loss":0.0,"gold_gain":0.0,"event_name":"Scrap Ooze","player_choice":"Success","floor":2.0,"gold_loss":0.0,"damage_taken":12.0,"relics_obtained":["Smiling Mask"]},{"damage_healed":0.0,"max_hp_gain":0.0,"max_hp_loss":0.0,"gold_gain":0.0,"event_name":"Accursed Blacksmith","player_choice":"Forge","floor":3.0,"gold_loss":0.0,"damage_taken":0.0,"cards_upgraded":["Neutralize"]},{"cards_removed":["Defend_G"],"damage_healed":0.0,"max_hp_gain":0.0,"max_hp_loss":0.0,"gold_gain":0.0,"event_name":"Purifier","player_choice":"Purged","floor":12.0,"gold_loss":0.0,"damage_taken":0.0},{"damage_healed":0,"gold_gain":0,"player_choice":"Ignored","damage_taken":0,"max_hp_gain":0,"max_hp_loss":0,"event_name":"Vampires","floor":19,"gold_loss":0},{"damage_healed":0,"gold_gain":0,"player_choice":"Obtained Book","damage_taken":16,"max_hp_gain":0,"max_hp_loss":0,"event_name":"Cursed Tome","floor":20,"gold_loss":0},{"damage_healed":0,"gold_gain":0,"player_choice":"Trade","damage_taken":0,"relics_obtained":["SsserpentHead"],"max_hp_gain":0,"max_hp_loss":0,"event_name":"FaceTrader","floor":22,"gold_loss":0}],"is_beta":false,"boss_relics":[{"not_picked":["Empty Cage","Philosopher\u0027s Stone"],"picked":"Fusion Hammer"}],"items_purged_floors":[5],"is_endless":false,"potions_floor_spawned":[1,6,14,24],"killed_by":"Gremlin Leader","ascension_level":12}