{"gold_per_floor":[118,42,42,42,42,42,52,77,77,77,27,27,44,64,64,64],"floor_reached":16,"playtime":722,"items_purged":["Defend_B"],"score":162,"play_id":"72797c70-8cb7-4b5c-a29d-d76fc634ac6a","local_time":"20190821194728","is_ascension_mode":true,"campfire_choices":[{"floor":6.0,"key":"REST"},{"floor":12,"key":"REST"},{"floor":15,"key":"REST"}],"neow_cost":"NONE","seed_source_timestamp":768136070546804,"circlet_count":0,"master_deck":["AscendersBane","Strike_B","Strike_B","Strike_B+1","Strike_B","Defend_B","Defend_B","Defend_B","Zap","Dualcast+1","Consume+1","Capacitor","All For One","Coolheaded","Cold Snap"],"special_seed":0,"relics":["Lizard Tail","Smiling Mask","Peace Pipe","Bottled Flame"],"potions_floor_usage":[14],"damage_taken":[{"damage":2.0,"enemies":"Jaw Worm","floor":1.0,"turns":4.0},{"damage":4.0,"enemies":"Small Slimes","floor":7.0,"turns":5.0},{"damage":42.0,"enemies":"Lagavulin","floor":8.0,"turns":8.0},{"damage":0,"enemies":"2 Louse","floor":13,"turns":2},{"damage":16,"enemies":"Large Slime","floor":14,"turns":9},{"damage":0,"enemies":"Slime Boss","floor":16,"turns":1}],"seed_played":"-3331002059412073651","potions_obtained":[{"floor":7.0,"key":"Energy Potion"},{"floor":13,"key":"FocusPotion"},{"floor":14,"key":"AttackPotion"}],"is_trial":false,"path_per_floor":["M","$","?","?","?","R","M","E","T","?","$","R","M","M","R","B"],"character_chosen":"DEFECT","items_purchased":["Capacitor"],"campfire_rested":3,"item_purchase_floors":[2],"current_hp_per_floor":[66,66,66,59,44,66,62,20,20,20,20,42,42,26,48,48],"gold":64,"neow_bonus":"BOSS_RELIC","is_prod":false,"is_daily":false,"chose_seed":false,"campfire_upgraded":0,"win_rate":0,"timestamp":1566434848,"path_taken":["M","$","?","?","?","R","M","E","T","?","?","R","?","M","R","BOSS"],"build_version":"2019-07-17","purchased_purges":1,"victory":false,"max_hp_per_floor":[75,75,75,75,75,75,75,75,75,75,75,75,75,75,75,75],"card_choices":[{"not_picked":["Rebound","Steam"],"picked":"Consume","floor":1.0},{"not_picked":["Gash","Sweeping Beam"],"picked":"All For One","floor":7.0},{"not_picked":["Recycle","Steam"],"picked":"Coolheaded","floor":8.0},{"not_picked":["Go for the Eyes","Beam Cell","Compile Driver"],"picked":"SKIP","floor":13},{"not_picked":["Recycle","Redo"],"picked":"Cold Snap","floor":14}],"player_experience":740918,"relics_obtained":[{"floor":8.0,"key":"Peace Pipe"},{"floor":9,"key":"Bottled Flame"}],"event_choices":[{"damage_healed":0.0,"max_hp_gain":0.0,"max_hp_loss":0.0,"gold_gain":0.0,"event_name":"Living Wall","player_choice":"Grow","floor":3.0,"gold_loss":0.0,"damage_taken":0.0,"cards_upgraded":["Dualcast"]},{"damage_healed":0.0,"max_hp_gain":0.0,"max_hp_loss":0.0,"gold_gain":0.0,"event_name":"Scrap Ooze","player_choice":"Success","floor":4.0,"gold_loss":0.0,"damage_taken":7.0,"relics_obtained":["Smiling Mask"]},{"damage_healed":0.0,"max_hp_gain":0.0,"max_hp_loss":0.0,"gold_gain":0.0,"event_name":"Shining Light","player_choice":"Entered Light","floor":5.0,"gold_loss":0.0,"damage_taken":15.0,"cards_upgraded":["Strike_B","Consume"]},{"damage_healed":0,"gold_gain":0,"player_choice":"Ignored","damage_taken":0,"max_hp_gain":0,"max_hp_loss":0,"event_name":"Golden Idol","floor":10,"gold_loss":0}],"is_beta":false,"boss_relics":[],"items_purged_floors":[11],"is_endless":false,"potions_floor_spawned":[7,13,14],"killed_by":"Slime Boss","ascension_level":13}