{"gold_per_floor":[114,130,55,55,69,69,86,86,110,125,125,6,31,51,51,126,126,146,146,58,258,274,274],"floor_reached":23,"playtime":1238,"items_purged":["Strike_B"],"score":344,"play_id":"ad18795e-6a89-4ec0-85af-1cd87b0d6d7c","local_time":"20190903234416","is_ascension_mode":true,"campfire_choices":[{"floor":6.0,"key":"REST"},{"floor":11.0,"key":"REST"},{"floor":15,"key":"REST"}],"neow_cost":"NONE","seed_source_timestamp":1378734486658095,"circlet_count":0,"master_deck":["AscendersBane","Strike_B+1","Strike_B+1","Strike_B+1","Defend_B","Defend_B","Defend_B+1","Zap","Dualcast","Coolheaded","BootSequence","Ball Lightning","Hologram","FTL","Seek","Conserve Battery","Sunder"],"special_seed":0,"relics":["Fusion Hammer","Whetstone","Odd Mushroom","Black Star"],"potions_floor_usage":[16,16],"damage_taken":[{"damage":3.0,"enemies":"Small Slimes","floor":1.0,"turns":3.0},{"damage":7.0,"enemies":"Jaw Worm","floor":2.0,"turns":3.0},{"damage":2.0,"enemies":"2 Louse","floor":5.0,"turns":2.0},{"damage":12.0,"enemies":"Exordium Thugs","floor":7.0,"turns":5.0},{"damage":0.0,"enemies":"3 Louse","floor":10.0,"turns":3.0},{"damage":1.0,"enemies":"The Mushroom Lair","floor":13.0,"turns":3.0},{"damage":0,"enemies":"Looter","floor":14,"turns":2},{"damage":32,"enemies":"The Guardian","floor":16,"turns":9},{"damage":12,"enemies":"3 Byrds","floor":18,"turns":6},{"damage":29,"enemies":"Chosen","floor":22,"turns":6},{"damage":0,"enemies":"Slavers","floor":23,"turns":1}],"seed_played":"-7780803756329141829","potions_obtained":[{"floor":5.0,"key":"Strength Potion"},{"floor":7.0,"key":"FocusPotion"},{"floor":13.0,"key":"AttackPotion"},{"floor":22,"key":"Poison Potion"}],"is_trial":false,"path_per_floor":["M","M","?","?","M","R","M","?","T","M","R","$","?","M","R","B",null,"M","?","$","?","M","E"],"character_chosen":"DEFECT","items_purchased":["FTL","Sunder"],"campfire_rested":3,"item_purchase_floors":[12,20],"current_hp_per_floor":[61,54,54,33,31,52,40,40,40,40,61,61,60,60,71,39,63,51,51,51,51,22,22],"gold":274,"neow_bonus":"BOSS_RELIC","is_prod":false,"is_daily":false,"chose_seed":false,"campfire_upgraded":0,"win_rate":0,"timestamp":1567572256,"path_taken":["M","M","?","?","M","R","M","?","T","?","R","$","?","M","R","BOSS","M","?","$","?","M","E"],"build_version":"2019-07-17","purchased_purges":1,"victory":false,"max_hp_per_floor":[71,71,71,71,71,71,71,71,71,71,71,71,71,71,71,71,71,71,71,71,71,71,71],"card_choices":[{"not_picked":["Melter","Rebound"],"picked":"Coolheaded","floor":1.0},{"not_picked":["Lockon","Storm","Stack"],"picked":"SKIP","floor":2.0},{"not_picked":["Blizzard","Skim"],"picked":"BootSequence","floor":5.0},{"not_picked":["Double Energy","Steam"],"picked":"Ball Lightning","floor":7.0},{"not_picked":["Coolheaded","Stack"],"picked":"Hologram","floor":10.0},{"not_picked":["Turbo","Force Field","Compile Driver"],"picked":"SKIP","floor":14},{"not_picked":["Amplify","Biased Cognition"],"picked":"Seek","floor":16},{"not_picked":["Static Discharge","Turbo"],"picked":"Conserve Battery","floor":18},{"not_picked":["Compile Driver","Hello World","Stack"],"picked":"SKIP","floor":22}],"player_experience":1088394,"relics_obtained":[{"floor":9.0,"key":"Whetstone"},{"floor":13.0,"key":"Odd Mushroom"}],"event_choices":[{"cards_removed":["Defend_B"],"damage_healed":0.0,"max_hp_gain":0.0,"max_hp_loss":0.0,"gold_gain":0.0,"event_name":"The Cleric","player_choice":"Card Removal","floor":3.0,"gold_loss":75.0,"damage_taken":0.0},{"damage_healed":0.0,"max_hp_gain":0.0,"max_hp_loss":0.0,"gold_gain":0.0,"event_name":"Shining Light","player_choice":"Entered Light","floor":4.0,"gold_loss":0.0,"damage_taken":21.0,"cards_upgraded":["Defend_B","Strike_B"]},{"damage_healed":0.0,"max_hp_gain":0.0,"max_hp_loss":0.0,"gold_gain":0.0,"event_name":"Liars Game","player_choice":"Ignored","floor":8.0,"gold_loss":0.0,"damage_taken":0.0},{"damage_healed":0.0,"max_hp_gain":0.0,"max_hp_loss":0.0,"gold_gain":0.0,"event_name":"Mushrooms","player_choice":"Fought Mushrooms","floor":13.0,"gold_loss":0.0,"damage_taken":0.0},{"damage_healed":0,"gold_gain":0,"player_choice":"Ignored","damage_taken":0,"max_hp_gain":0,"max_hp_loss":0,"event_name":"Vampires","floor":19,"gold_loss":0},{"damage_healed":0,"gold_gain":250,"player_choice":"Bet on Owner","damage_taken":0,"max_hp_gain":0,"max_hp_loss":0,"event_name":"The Joust","floor":21,"gold_loss":50}],"is_beta":false,"boss_relics":[{"not_picked":["Lizard Tail","Eternal Feather"],"picked":"Black Star"}],"items_purged_floors":[12],"is_endless":false,"potions_floor_spawned":[5,7,13,22],"killed_by":"Slavers","ascension_level":18}