{"gold_per_floor":[115,115,132,147,297,297,328,339,339,351,351],"floor_reached":11,"playtime":1089,"items_purged":[],"score":143,"play_id":"f6535aec-d389-462b-9d8c-49ab37a52726","local_time":"20190908104948","is_ascension_mode":true,"campfire_choices":[{"data":"Searing Blow","floor":6.0,"key":"SMITH"}],"neow_cost":"NONE","seed_source_timestamp":167732209073611,"circlet_count":0,"master_deck":["AscendersBane","Strike_R","Strike_R","Strike_R","Strike_R","Strike_R","Defend_R","Defend_R","Defend_R","Defend_R","Bash","Searing Blow+1","Feed","Doubt","Juggernaut"],"special_seed":0,"relics":["Burning Blood","NeowsBlessing","Oddly Smooth Stone","Toxic Egg 2","Pen Nib"],"potions_floor_usage":[],"damage_taken":[{"damage":0.0,"enemies":"2 Louse","floor":1.0,"turns":1.0},{"damage":0.0,"enemies":"Cultist","floor":3.0,"turns":1.0},{"damage":0.0,"enemies":"Small Slimes","floor":4.0,"turns":1.0},{"damage":50.0,"enemies":"3 Sentries","floor":7.0,"turns":15.0},{"damage":8.0,"enemies":"3 Louse","floor":8.0,"turns":4.0},{"damage":17.0,"enemies":"Red Slaver","floor":10.0,"turns":3.0},{"damage":24,"enemies":"Large Slime","floor":11,"turns":4}],"seed_played":"-6203245275335834477","potions_obtained":[{"floor":3.0,"key":"Block Potion"},{"floor":4.0,"key":"Dexterity Potion"},{"floor":10.0,"key":"EssenceOfSteel"}],"is_trial":false,"path_per_floor":["M","?","M","M","?","R","E","M","T","M","M"],"character_chosen":"IRONCLAD","items_purchased":[],"campfire_rested":0,"item_purchase_floors":[],"current_hp_per_floor":[74,74,75,75,75,75,34,35,35,24,0],"gold":351,"neow_bonus":"THREE_ENEMY_KILL","is_prod":false,"is_daily":false,"chose_seed":false,"campfire_upgraded":1,"win_rate":0,"timestamp":1567957788,"path_taken":["M","?","M","?","?","R","E","M","T","M","M"],"build_version":"2019-07-17","purchased_purges":0,"victory":false,"max_hp_per_floor":[75,75,75,75,75,75,78,81,81,81,81],"card_choices":[{"not_picked":["True Grit","Flex"],"picked":"Searing Blow","floor":1.0},{"not_picked":["Iron Wave","Headbutt","Havoc"],"picked":"SKIP","floor":3.0},{"not_picked":["Blood for Blood","Iron Wave"],"picked":"Feed","floor":4.0},{"not_picked":["Disarm","Perfected Strike"],"picked":"Juggernaut","floor":7.0},{"not_picked":["Thunderclap","Uppercut","Cleave"],"picked":"SKIP","floor":8.0},{"not_picked":["Wild Strike","Headbutt","Rupture"],"picked":"SKIP","floor":10.0}],"player_experience":1142130,"relics_obtained":[{"floor":2.0,"key":"Oddly Smooth Stone"},{"floor":7.0,"key":"Toxic Egg 2"},{"floor":9.0,"key":"Pen Nib"}],"event_choices":[{"damage_healed":0.0,"max_hp_gain":0.0,"max_hp_loss":0.0,"gold_gain":0.0,"event_name":"Wheel of Change","player_choice":"Relic","floor":2.0,"gold_loss":0.0,"damage_taken":0.0},{"damage_healed":0.0,"max_hp_gain":0.0,"max_hp_loss":0.0,"gold_gain":150.0,"event_name":"Liars Game","player_choice":"AGREE","floor":5.0,"gold_loss":0.0,"damage_taken":0.0,"cards_obtained":["Doubt"]}],"is_beta":false,"boss_relics":[],"items_purged_floors":[],"is_endless":false,"potions_floor_spawned":[3,4,10],"killed_by":"Large Slime","ascension_level":18}