{"gold_per_floor":[109,59,70,87,87,115,62,62,139,149,169,182,210,210,210,312,312,327,242,256,256,269,269,283,283,307,307,320,335,335,335,335,335],"floor_reached":33,"playtime":3402,"items_purged":[],"score":284,"play_id":"5fbc7e86-786e-476a-af9d-8a0bdc98cc88","local_time":"20190907230448","is_ascension_mode":false,"campfire_choices":[{"floor":8,"key":"REST"},{"data":"Runesmith:Grindstone","floor":15,"key":"SMITH"},{"floor":23,"key":"REST"},{"data":"Runesmith:BackupBattery","floor":27,"key":"SMITH"},{"floor":32,"key":"REST"}],"neow_cost":"NONE","seed_source_timestamp":91498560658295,"circlet_count":0,"master_deck":["Runesmith:Strike_RS","Runesmith:Strike_RS","Runesmith:Strike_RS","Runesmith:Strike_RS","Runesmith:Defend_RS","Runesmith:Defend_RS","Runesmith:Defend_RS","Runesmith:CraftFirestone","Runesmith:Fortify","Runesmith:HeatExchange","Runesmith:EarthShield","Runesmith:Terraform","Runesmith:EnergizedChisel","Runesmith:BackupBattery+1","Runesmith:Grindstone+1","Runesmith:CraftProtectio","Runesmith:HammerThrow","Parasite","Runesmith:CraftIndustria","Runesmith:Electrocute+1","Runesmith:CraftObretio+1","Runesmith:ElementalConversion","Runesmith:Firestorm+1","Runesmith:StaticCage+1","yuri:RhapsodyCurse","Runesmith:DuctTape","Runesmith:FrozenChisel","Runesmith:ShiftingStrike","Runesmith:Repurpose","theDuelist:CursedBill","Runesmith:CreatorForm"],"relics":["Runesmith:BrokenRuby","NeowsBlessing","Anchor","Boot","Bottled Flame","Lantern","Cursed Key","Runesmith:Nanobots","Centennial Puzzle","theDuelist:ResummonBranch"],"potions_floor_usage":[16,16,18,33],"damage_taken":[{"damage":0,"enemies":"Small Slimes","floor":1,"turns":2},{"damage":0,"enemies":"2 Louse","floor":3,"turns":1},{"damage":0,"enemies":"Cultist","floor":4,"turns":1},{"damage":51,"enemies":"Gremlin Nob","floor":6,"turns":6},{"damage":13,"enemies":"2 Fungi Beasts","floor":10,"turns":3},{"damage":0,"enemies":"Looter","floor":11,"turns":4},{"damage":3,"enemies":"3 Louse","floor":12,"turns":3},{"damage":4,"enemies":"Lagavulin","floor":13,"turns":9},{"damage":18,"enemies":"Slime Boss","floor":16,"turns":11},{"damage":16,"enemies":"Chosen","floor":18,"turns":6},{"damage":7,"enemies":"Shell Parasite","floor":20,"turns":6},{"damage":35,"enemies":"Cultist and Chosen","floor":22,"turns":10},{"damage":14,"enemies":"Centurion and Healer","floor":24,"turns":11},{"damage":9,"enemies":"Snake Plant","floor":28,"turns":6},{"damage":23,"enemies":"Sentry and Sphere","floor":29,"turns":6},{"damage":58,"enemies":"Collector","floor":33,"turns":7}],"seed_played":"-4782145611937157007","potions_obtained":[{"floor":6,"key":"GamblersBrew"},{"floor":10,"key":"Weak Potion"},{"floor":12,"key":"Ancient Potion"},{"floor":13,"key":"AttackPotion"},{"floor":16,"key":"Strength Potion"},{"floor":20,"key":"FairyPotion"},{"floor":22,"key":"FearPotion"}],"is_trial":false,"path_per_floor":["M","?","M","M","?","E","?","R","T","M","M","M","E","?","R","B",null,"M","?","M","?","M","R","M","?","T","R","M","M","?","?","R","B"],"character_chosen":"RUNESMITH_CLASS","items_purchased":[],"campfire_rested":3,"item_purchase_floors":[],"current_hp_per_floor":[70,70,70,70,70,19,19,40,40,27,27,24,20,37,37,19,70,54,54,47,47,12,33,19,34,34,34,25,2,2,2,27,0],"gold":335,"neow_bonus":"THREE_ENEMY_KILL","is_prod":false,"is_daily":false,"chose_seed":false,"campfire_upgraded":2,"win_rate":0.0,"timestamp":1567911888,"path_taken":["M","?","M","M","?","E","?","R","T","?","M","M","E","?","R","BOSS","M","?","M","?","M","R","M","?","T","R","M","M","?","?","R","BOSS"],"build_version":"2019-07-17","purchased_purges":0,"victory":false,"max_hp_per_floor":[70,70,70,70,70,70,70,70,70,70,70,70,70,70,70,70,70,70,70,70,70,70,70,70,85,85,85,85,85,85,85,85,85],"card_choices":[{"not_picked":["Runesmith:Overpower","Runesmith:EnergizedChisel"],"picked":"Runesmith:HeatExchange","floor":1},{"not_picked":["Runesmith:CraftObretio","Runesmith:NegativeSpace"],"picked":"Runesmith:EarthShield","floor":3},{"not_picked":["Runesmith:FieryHammer","Runesmith:Augment"],"picked":"Runesmith:Terraform","floor":4},{"not_picked":["Runesmith:RuneHurl","Runesmith:CraftSpiculum"],"picked":"Runesmith:EnergizedChisel","floor":6},{"not_picked":["Runesmith:MakeshiftArmor","Runesmith:EarthShield"],"picked":"Runesmith:BackupBattery","floor":10},{"not_picked":["Runesmith:Repurpose","Runesmith:UnlimitedPower"],"picked":"Runesmith:Grindstone","floor":11},{"not_picked":["Runesmith:Reinforce","Runesmith:HeatedChisel"],"picked":"Runesmith:CraftProtectio","floor":12},{"not_picked":["Runesmith:BackupBattery","Runesmith:Overpower"],"picked":"Runesmith:HammerThrow","floor":13},{"not_picked":["Runesmith:LastStand","Runesmith:LightningRod"],"picked":"Runesmith:CraftIndustria","floor":16},{"not_picked":["Runesmith:HammerThrow","Runesmith:CraftReservo+1"],"picked":"Runesmith:Electrocute+1","floor":18},{"not_picked":["Runesmith:CraftProtectio","Runesmith:EnergizedChisel"],"picked":"Runesmith:CraftObretio+1","floor":20},{"not_picked":["Runesmith:Overpower","Runesmith:CraftReservo"],"picked":"Runesmith:Firestorm+1","floor":22},{"not_picked":["Runesmith:HeatExchange","Runesmith:Empowerment"],"picked":"Runesmith:StaticCage+1","floor":24},{"not_picked":["Runesmith:UnstableHammer","Runesmith:HeatedChisel"],"picked":"Runesmith:FrozenChisel","floor":28},{"not_picked":["Runesmith:HeatedChisel","Runesmith:Overpower"],"picked":"Runesmith:Repurpose","floor":29}],"player_experience":26215,"relics_obtained":[{"floor":6,"key":"Anchor"},{"floor":9,"key":"Bottled Flame"},{"floor":13,"key":"Lantern"},{"floor":26,"key":"Centennial Puzzle"}],"event_choices":[{"cards_removed":["Runesmith:Defend_RS"],"damage_healed":0,"gold_gain":0,"player_choice":"Card Removal","damage_taken":0,"max_hp_gain":0,"max_hp_loss":0,"event_name":"The Cleric","floor":2,"gold_loss":50},{"damage_healed":0,"gold_gain":0,"player_choice":"Ignored","damage_taken":0,"max_hp_gain":0,"max_hp_loss":0,"event_name":"Liars Game","floor":5,"gold_loss":0},{"damage_healed":0,"gold_gain":0,"player_choice":"Paid Gold","damage_taken":0,"relics_obtained":["Boot"],"max_hp_gain":0,"max_hp_loss":0,"event_name":"WeMeetAgain","floor":7,"gold_loss":53},{"damage_healed":17,"gold_gain":0,"player_choice":"Healed and dodged fight","damage_taken":0,"max_hp_gain":0,"max_hp_loss":0,"event_name":"Mushrooms","floor":14,"gold_loss":0,"cards_obtained":["Parasite"]},{"damage_healed":0,"gold_gain":0,"player_choice":"Obtained Relic","damage_taken":0,"relics_obtained":["Runesmith:Nanobots"],"max_hp_gain":0,"max_hp_loss":0,"event_name":"Addict","floor":19,"gold_loss":85},{"damage_healed":0,"gold_gain":0,"player_choice":"Read","damage_taken":0,"max_hp_gain":0,"max_hp_loss":0,"event_name":"The Library","floor":21,"gold_loss":0,"cards_obtained":["Runesmith:ElementalConversion"]},{"cards_removed":["Gluttony_TH"],"damage_healed":0,"gold_gain":0,"player_choice":"Elegance","damage_taken":0,"max_hp_gain":0,"max_hp_loss":0,"event_name":"Back to Basics","floor":31,"gold_loss":0}],"is_beta":false,"boss_relics":[{"not_picked":["Calling Bell","Philosopher\u0027s Stone"],"picked":"Cursed Key"}],"items_purged_floors":[],"is_endless":false,"potions_floor_spawned":[6,10,12,13,16,20,22],"killed_by":"Collector","ascension_level":0}