{"gold_per_floor":[114,129,129,144,144,174,204,234,234,234,249,279,294,309,309,409,409,424,424,424,439,469,499,514,514,514,544,559,589,589,604,604,704,704,719,374,389,489,519,549,549,564,589,604,604,634,659,674,674,674],"floor_reached":51,"playtime":7589,"items_purged":[],"score":1172,"play_id":"e7e08b6d-b07a-4ed0-868d-555e5a788807","local_time":"20190902194837","daily_mods":["Insanity","Hoarder","DeadlyEvents"],"is_ascension_mode":false,"campfire_choices":[{"floor":10.0,"key":"REST"},{"floor":15.0,"key":"REST"},{"floor":25.0,"key":"REST"},{"floor":30.0,"key":"REST"},{"floor":32.0,"key":"REST"},{"data":"Demon Form","floor":41,"key":"SMITH"},{"floor":45,"key":"REST"},{"data":"Armaments","floor":49,"key":"SMITH"}],"neow_cost":"","seed_source_timestamp":1317503498061458,"circlet_count":0,"master_deck":["Body Slam","Anger","Cleave","Anger","Armaments+1","Flame Barrier","Pommel Strike","Pommel Strike","Spot Weakness","Heavy Blade","Inflame","Wild Strike","Dropkick","Heavy Blade","Cleave","Warcry","Twin Strike","Cleave","Hemokinesis","Flex","Body Slam","Cleave","Thunderclap","Headbutt","Fire Breathing","Twin Strike","Entrench","Heavy Blade","True Grit","Dropkick","Shrug It Off","Armaments","Warcry","Wild Strike","Heavy Blade","Disarm","Perfected Strike","Body Slam","Flame Barrier","Hemokinesis","Pummel","Anger","Havoc","Wild Strike","Sever Soul","Perfected Strike","Iron Wave","True Grit","Demon Form","Demon Form","Demon Form+1","Feed","Feed","Feed","Battle Trance+1","Battle Trance+1","Battle Trance+1","Armaments+1","Armaments+1","Armaments+1","Warcry+1","Warcry+1","Warcry+1","Reaper","Reaper","Reaper","Dual Wield+1","Dual Wield+1","Dual Wield+1","Immolate","Immolate","Immolate","Body Slam+1","Body Slam+1","Body Slam+1","Inflame+1","Inflame+1","Inflame+1","Shrug It Off+1","Shrug It Off+1","Shrug It Off+1","Double Tap+1","Double Tap+1","Double Tap+1","Shrug It Off+1","Shrug It Off+1","Shrug It Off+1","Warcry+1","Warcry+1","Warcry+1","True Grit+1","True Grit+1","True Grit+1","Havoc+1","Havoc+1","Havoc+1"],"special_seed":18141,"relics":["Burning Blood","Dream Catcher","Vajra","Oddly Smooth Stone","Happy Flower","Toxic Egg 2","Art of War","Mark of Pain","Pen Nib","Orichalcum","Frozen Egg 2","Boot","Letter Opener","Busted Crown","Ancient Tea Set","Bag of Preparation","Magic Flower","Bottled Tornado","Lantern","Champion Belt","Potion Belt"],"potions_floor_usage":[46,50,50],"damage_taken":[{"damage":0.0,"enemies":"Small Slimes","floor":1.0,"turns":1.0},{"damage":0.0,"enemies":"2 Louse","floor":2.0,"turns":1.0},{"damage":0.0,"enemies":"Cultist","floor":4.0,"turns":2.0},{"damage":3.0,"enemies":"Gremlin Nob","floor":6.0,"turns":2.0},{"damage":25.0,"enemies":"Lagavulin","floor":7.0,"turns":6.0},{"damage":21.0,"enemies":"3 Sentries","floor":8.0,"turns":5.0},{"damage":6.0,"enemies":"Blue Slaver","floor":11.0,"turns":3.0},{"damage":21.0,"enemies":"Lagavulin","floor":12.0,"turns":4.0},{"damage":0.0,"enemies":"3 Louse","floor":13.0,"turns":2.0},{"damage":0.0,"enemies":"Looter","floor":14.0,"turns":1.0},{"damage":56.0,"enemies":"Hexaghost","floor":16.0,"turns":5.0},{"damage":18.0,"enemies":"3 Byrds","floor":18.0,"turns":4.0},{"damage":9.0,"enemies":"Shell Parasite","floor":21.0,"turns":3.0},{"damage":29.0,"enemies":"Slavers","floor":22.0,"turns":3.0},{"damage":25.0,"enemies":"Book of Stabbing","floor":23.0,"turns":5.0},{"damage":14.0,"enemies":"Shelled Parasite and Fungi","floor":24.0,"turns":5.0},{"damage":8.0,"enemies":"Slavers","floor":27.0,"turns":2.0},{"damage":8.0,"enemies":"Centurion and Healer","floor":28.0,"turns":4.0},{"damage":15.0,"enemies":"Book of Stabbing","floor":29.0,"turns":3.0},{"damage":4.0,"enemies":"Sentry and Sphere","floor":31.0,"turns":3.0},{"damage":21.0,"enemies":"Collector","floor":33.0,"turns":7.0},{"damage":0.0,"enemies":"Orb Walker","floor":35.0,"turns":2.0},{"damage":10.0,"enemies":"3 Shapes","floor":37.0,"turns":4.0},{"damage":36.0,"enemies":"Reptomancer","floor":39.0,"turns":4.0},{"damage":0,"enemies":"Nemesis","floor":40,"turns":3},{"damage":0,"enemies":"Spire Growth","floor":42,"turns":2},{"damage":0,"enemies":"Transient","floor":44,"turns":5},{"damage":7,"enemies":"Giant Head","floor":46,"turns":5},{"damage":0,"enemies":"3 Darklings","floor":48,"turns":1},{"damage":62,"enemies":"Donu and Deca","floor":50,"turns":6}],"seed_played":"2781635766489641279","potions_obtained":[{"floor":4.0,"key":"Ancient Potion"},{"floor":6.0,"key":"FearPotion"},{"floor":8.0,"key":"Energy Potion"},{"floor":13.0,"key":"SteroidPotion"},{"floor":21.0,"key":"Ancient Potion"},{"floor":23.0,"key":"SpeedPotion"},{"floor":27.0,"key":"Energy Potion"},{"floor":28.0,"key":"EntropicBrew"},{"floor":31.0,"key":"PowerPotion"},{"floor":39.0,"key":"Strength Potion"},{"floor":42,"key":"SpeedPotion"},{"floor":44,"key":"BloodPotion"},{"floor":46,"key":"Energy Potion"},{"floor":48,"key":"SteroidPotion"}],"is_trial":false,"path_per_floor":["M","M","?","M","?","E","E","E","T","R","M","E","M","M","R","B",null,"M","?","?","M","E","E","M","R","T","E","M","E","R","M","R","B",null,"M","$","M","?","E","E","R","M","T","M","R","E","T","M","R","B",null],"character_chosen":"IRONCLAD","items_purchased":["Ancient Tea Set","Bag of Preparation","Warcry+1"],"campfire_rested":6,"item_purchase_floors":[36,36,36],"current_hp_per_floor":[80,80,77,80,80,80,61,49,49,73,73,61,67,73,86,36,86,85,85,85,82,67,48,40,68,68,66,82,73,96,96,96,96,96,96,96,92,92,62,71,71,80,80,96,96,96,96,96,96,77],"gold":674,"neow_bonus":"","is_prod":false,"is_daily":true,"chose_seed":false,"campfire_upgraded":2,"win_rate":0,"timestamp":1567471717,"path_taken":["M","M","?","M","?","E","?","E","T","R","M","E","?","M","R","BOSS","M","?","?","M","?","E","M","R","T","E","M","E","R","M","R","BOSS","M","$","M","?","?","E","R","?","T","M","R","E","?","M","R","BOSS"],"build_version":"2019-07-17","purchased_purges":0,"victory":true,"max_hp_per_floor":[80,80,80,80,80,80,80,83,83,83,83,86,86,86,86,86,86,93,93,93,93,96,96,96,96,96,96,96,96,96,96,96,96,96,96,96,96,96,96,96,96,96,96,96,96,96,96,96,96,96],"card_choices":[{"not_picked":["Shrug It Off","Infernal Blade","Heavy Blade"],"picked":"SKIP","floor":1.0},{"not_picked":["Pommel Strike","Iron Wave","Fire Breathing"],"picked":"SKIP","floor":2.0},{"not_picked":["Fire Breathing","Anger","Armaments"],"picked":"SKIP","floor":4.0},{"not_picked":["Intimidate","Thunderclap"],"picked":"Demon Form","floor":6.0},{"not_picked":["Body Slam","Flex"],"picked":"Feed","floor":7.0},{"not_picked":["Infernal Blade","Brutality","Berserk"],"picked":"SKIP","floor":8.0},{"not_picked":["Twin Strike","Fire Breathing","Thunderclap"],"picked":"SKIP","floor":11.0},{"not_picked":["Heavy Blade","Shrug It Off+1"],"picked":"Battle Trance+1","floor":12.0},{"not_picked":["Feed","Flame Barrier+1","Flex+1"],"picked":"SKIP","floor":13.0},{"not_picked":["Shockwave+1","Clothesline"],"picked":"Armaments+1","floor":14.0},{"not_picked":["Second Wind+1","Clash"],"picked":"Warcry+1","floor":15.0},{"not_picked":["Barricade","Exhume+1"],"picked":"Reaper","floor":16.0},{"not_picked":["True Grit+1","Warcry+1","Sword Boomerang"],"picked":"SKIP","floor":18.0},{"not_picked":["Iron Wave","Shrug It Off+1"],"picked":"Dual Wield+1","floor":21.0},{"not_picked":["Whirlwind","Wild Strike","Evolve+1"],"picked":"SKIP","floor":22.0},{"not_picked":["Burning Pact+1","Pommel Strike","Iron Wave"],"picked":"SKIP","floor":23.0},{"not_picked":["Twin Strike","Searing Blow"],"picked":"Immolate","floor":24.0},{"not_picked":["Entrench+1","Flex+1"],"picked":"Body Slam+1","floor":25.0},{"not_picked":["Corruption+1","Iron Wave"],"picked":"Inflame+1","floor":27.0},{"not_picked":["Pommel Strike+1","Flex+1"],"picked":"Shrug It Off+1","floor":28.0},{"not_picked":["Spot Weakness+1","Rage+1","Clothesline+1"],"picked":"SKIP","floor":29.0},{"not_picked":["Rampage+1","Clash+1","Cleave+1"],"picked":"SKIP","floor":31.0},{"not_picked":["Fiend Fire","Barricade+1"],"picked":"Double Tap+1","floor":33.0},{"not_picked":[],"picked":"Shrug It Off+1","floor":35.0},{"not_picked":[],"picked":"True Grit+1","floor":37.0},{"not_picked":["Body Slam+1"],"picked":"SKIP","floor":39.0},{"not_picked":["Headbutt"],"picked":"SKIP","floor":40},{"not_picked":["Thunderclap+1"],"picked":"SKIP","floor":42},{"not_picked":["Combust+1"],"picked":"SKIP","floor":44},{"not_picked":["Cleave"],"picked":"SKIP","floor":46},{"not_picked":[],"picked":"Havoc+1","floor":48}],"player_experience":1052727,"relics_obtained":[{"floor":6.0,"key":"Vajra"},{"floor":7.0,"key":"Oddly Smooth Stone"},{"floor":8.0,"key":"Happy Flower"},{"floor":9.0,"key":"Toxic Egg 2"},{"floor":12.0,"key":"Art of War"},{"floor":22.0,"key":"Pen Nib"},{"floor":23.0,"key":"Orichalcum"},{"floor":26.0,"key":"Frozen Egg 2"},{"floor":27.0,"key":"Boot"},{"floor":29.0,"key":"Letter Opener"},{"floor":39.0,"key":"Magic Flower"},{"floor":40,"key":"Bottled Tornado"},{"floor":43,"key":"Lantern"},{"floor":46,"key":"Champion Belt"},{"floor":47,"key":"Potion Belt"}],"event_choices":[{"damage_healed":0.0,"max_hp_gain":0.0,"max_hp_loss":0.0,"gold_gain":0.0,"event_name":"Scrap Ooze","player_choice":"Success","floor":3.0,"gold_loss":0.0,"damage_taken":3.0,"relics_obtained":["Dream Catcher"]},{"cards_removed":["Clash"],"damage_healed":0.0,"max_hp_gain":0.0,"max_hp_loss":0.0,"gold_gain":0.0,"event_name":"Purifier","player_choice":"Purged","floor":5.0,"gold_loss":0.0,"damage_taken":0.0},{"cards_removed":["Clash"],"damage_healed":0.0,"max_hp_gain":0.0,"max_hp_loss":0.0,"gold_gain":0.0,"event_name":"Back to Basics","player_choice":"Elegance","floor":19.0,"gold_loss":0.0,"damage_taken":0.0},{"damage_healed":0.0,"max_hp_gain":0.0,"max_hp_loss":0.0,"gold_gain":0.0,"event_name":"N\u0027loth","player_choice":"Ignored","floor":20.0,"gold_loss":0.0,"damage_taken":0.0},{"damage_healed":0.0,"max_hp_gain":0.0,"max_hp_loss":0.0,"gold_gain":100.0,"event_name":"Golden Shrine","player_choice":"Pray","floor":38.0,"gold_loss":0.0,"damage_taken":0.0}],"is_beta":false,"boss_relics":[{"not_picked":["Orrery","Coffee Dripper"],"picked":"Mark of Pain"},{"not_picked":["Calling Bell","Lizard Tail"],"picked":"Busted Crown"}],"items_purged_floors":[],"is_endless":false,"potions_floor_spawned":[4,6,8,13,21,23,27,28,31,39,42,44,46,48],"ascension_level":0}