{"gold_per_floor":[110,185,335,359,371,371,391,391,391,391,405,111,124,124,124,124],"floor_reached":16,"playtime":568,"items_purged":["Doubt"],"score":167,"play_id":"c3c676a6-27ad-4bcf-9a78-05f9b7d0043c","local_time":"20190907121335","is_ascension_mode":true,"campfire_choices":[{"data":"Ghostly Armor","floor":6,"key":"SMITH"},{"data":"Clothesline","floor":8,"key":"SMITH"},{"data":"Bash","floor":10,"key":"SMITH"},{"floor":15,"key":"REST"}],"neow_cost":"NONE","seed_source_timestamp":131788393858670,"circlet_count":0,"master_deck":["AscendersBane","Strike_R","Strike_R","Strike_R","Strike_R","Strike_R","Defend_R","Defend_R","Defend_R","Defend_R","Bash+1","Feel No Pain","Ghostly Armor+1","Clothesline+1","Armaments","Ghostly Armor"],"relics":["Burning Blood","Smiling Mask","Bronze Scales","Kunai","Oddly Smooth Stone","Pear"],"potions_floor_usage":[16],"damage_taken":[{"damage":9,"enemies":"Jaw Worm","floor":1,"turns":4},{"damage":13,"enemies":"Small Slimes","floor":5,"turns":3},{"damage":1,"enemies":"2 Louse","floor":7,"turns":3},{"damage":11,"enemies":"Exordium Wildlife","floor":11,"turns":4},{"damage":1,"enemies":"2 Fungi Beasts","floor":13,"turns":4},{"damage":66,"enemies":"Hexaghost","floor":16,"turns":14}],"seed_played":"135217981379670561","potions_obtained":[{"floor":5,"key":"SteroidPotion"},{"floor":7,"key":"GamblersBrew"}],"is_trial":false,"path_per_floor":["M","?","?","T","M","R","M","R","T","R","M","$","M","?","R","B"],"character_chosen":"IRONCLAD","items_purchased":["Oddly Smooth Stone","Ghostly Armor"],"campfire_rested":1,"item_purchase_floors":[12,12],"current_hp_per_floor":[65,54,54,54,47,47,52,52,52,52,47,47,52,36,61,0],"gold":124,"neow_bonus":"RANDOM_COMMON_RELIC","is_prod":false,"is_daily":false,"chose_seed":false,"campfire_upgraded":3,"win_rate":0,"timestamp":1567876415,"path_taken":["M","?","?","?","M","R","?","R","T","R","M","$","M","?","R","BOSS"],"build_version":"2019-07-17","purchased_purges":1,"victory":false,"max_hp_per_floor":[75,75,75,75,75,75,75,75,75,75,75,75,75,85,85,85],"card_choices":[{"not_picked":["True Grit","Blood for Blood"],"picked":"Feel No Pain","floor":1},{"not_picked":["Cleave","True Grit"],"picked":"Ghostly Armor","floor":5},{"not_picked":["Clash","Searing Blow"],"picked":"Clothesline","floor":7},{"not_picked":["Warcry","Entrench"],"picked":"Armaments","floor":11},{"not_picked":["Headbutt","Twin Strike","Warcry"],"picked":"SKIP","floor":13}],"player_experience":1122712,"relics_obtained":[{"floor":4,"key":"Bronze Scales"},{"floor":9,"key":"Kunai"}],"event_choices":[{"damage_healed":0,"gold_gain":75,"player_choice":"Gather Gold","damage_taken":11,"max_hp_gain":0,"max_hp_loss":0,"event_name":"World of Goop","floor":2,"gold_loss":0},{"damage_healed":0,"gold_gain":150,"player_choice":"AGREE","damage_taken":0,"max_hp_gain":0,"max_hp_loss":0,"event_name":"Liars Game","floor":3,"gold_loss":0,"cards_obtained":["Doubt"]},{"damage_healed":0,"gold_gain":0,"player_choice":"Success","damage_taken":26,"relics_obtained":["Pear"],"max_hp_gain":0,"max_hp_loss":0,"event_name":"Scrap Ooze","floor":14,"gold_loss":0}],"is_beta":false,"boss_relics":[],"items_purged_floors":[12],"is_endless":false,"potions_floor_spawned":[5,7],"killed_by":"Hexaghost","ascension_level":17}