{"gold_per_floor":[116,41,54,54,54,71,71,4,4,4,30,30,40,65,65,65],"floor_reached":16,"playtime":991,"items_purged":["Defend_G"],"score":189,"play_id":"8ad18904-0a88-4a8f-9f21-f2d0d1734ad6","local_time":"20190827105852","is_ascension_mode":true,"campfire_choices":[{"floor":7.0,"key":"REST"},{"data":"Blur","floor":12.0,"key":"SMITH"},{"data":"Backflip","floor":15,"key":"SMITH"}],"neow_cost":"PERCENT_DAMAGE","seed_source_timestamp":1039282306983878,"circlet_count":0,"master_deck":["AscendersBane","Strike_G","Strike_G","Strike_G","Strike_G","Defend_G","Defend_G","Defend_G","Defend_G","Survivor+1","Neutralize+1","After Image","Footwork","Blur+1","Backflip+1","Cloak And Dagger"],"special_seed":0,"relics":["Ring of the Snake","Molten Egg 2","Dodecahedron","Anchor"],"potions_floor_usage":[],"damage_taken":[{"damage":0.0,"enemies":"Small Slimes","floor":1.0,"turns":6.0},{"damage":3.0,"enemies":"2 Louse","floor":3.0,"turns":3.0},{"damage":0.0,"enemies":"Jaw Worm","floor":6.0,"turns":5.0},{"damage":14.0,"enemies":"Gremlin Nob","floor":11.0,"turns":6.0},{"damage":4.0,"enemies":"Looter","floor":13.0,"turns":5.0},{"damage":12.0,"enemies":"Lagavulin","floor":14.0,"turns":13.0},{"damage":28,"enemies":"Hexaghost","floor":16,"turns":16}],"seed_played":"2084611178550920472","potions_obtained":[{"floor":1.0,"key":"SpeedPotion"},{"floor":6.0,"key":"Strength Potion"},{"floor":13.0,"key":"Energy Potion"},{"floor":14,"key":"SmokeBomb"}],"is_trial":false,"path_per_floor":["M","$","M","?","?","M","R","$","T","?","E","R","M","E","R","B"],"character_chosen":"THE_SILENT","items_purchased":["Footwork"],"campfire_rested":1,"item_purchase_floors":[8],"current_hp_per_floor":[44,44,41,34,14,14,33,33,33,55,41,41,37,25,25,0],"gold":65,"neow_bonus":"THREE_RARE_CARDS","is_prod":false,"is_daily":false,"chose_seed":false,"campfire_upgraded":2,"win_rate":0,"timestamp":1566921532,"path_taken":["M","$","M","?","?","M","R","?","T","?","E","R","M","E","R","BOSS"],"build_version":"2019-07-17","purchased_purges":1,"victory":false,"max_hp_per_floor":[66,66,66,66,66,66,66,66,66,66,66,66,66,66,66,66],"card_choices":[{"not_picked":["Storm of Steel","Phantasmal Killer"],"picked":"After Image","floor":0.0},{"not_picked":["Finisher","Underhanded Strike","Dagger Spray"],"picked":"SKIP","floor":1.0},{"not_picked":["Dodge and Roll","Deflect","Sucker Punch"],"picked":"SKIP","floor":3.0},{"not_picked":["Terror","Sucker Punch","Choke"],"picked":"SKIP","floor":6.0},{"not_picked":["Deflect","All Out Attack+1"],"picked":"Blur","floor":11.0},{"not_picked":["Dagger Throw+1","Deadly Poison"],"picked":"Backflip","floor":13.0},{"not_picked":["Underhanded Strike+1","Slice+1"],"picked":"Cloak And Dagger","floor":14}],"player_experience":914111,"relics_obtained":[{"floor":9.0,"key":"Molten Egg 2"},{"floor":11.0,"key":"Dodecahedron"},{"floor":14,"key":"Anchor"}],"event_choices":[{"cards_removed":["Strike_G"],"damage_healed":0.0,"max_hp_gain":0.0,"max_hp_loss":0.0,"gold_gain":0.0,"event_name":"Golden Wing","player_choice":"Card Removal","floor":4.0,"gold_loss":0.0,"damage_taken":7.0},{"damage_healed":0.0,"max_hp_gain":0.0,"max_hp_loss":0.0,"gold_gain":0.0,"event_name":"Shining Light","player_choice":"Entered Light","floor":5.0,"gold_loss":0.0,"damage_taken":20.0,"cards_upgraded":["Neutralize","Survivor"]},{"damage_healed":22.0,"max_hp_gain":0.0,"max_hp_loss":0.0,"gold_gain":0.0,"event_name":"Big Fish","player_choice":"Banana","floor":10.0,"gold_loss":0.0,"damage_taken":0.0}],"is_beta":false,"boss_relics":[],"items_purged_floors":[2],"is_endless":false,"potions_floor_spawned":[1,6,13,14],"killed_by":"Hexaghost","ascension_level":15}