{"gold_per_floor":[18,33,47,47,58,85,98,123,123,141,141,155,155,172,172,249,249,261,109,109,9,23,23,23,42,42,53,53,53,53,68,68,142,142,153,171,197,197],"floor_reached":38,"playtime":2144,"items_purged":["Strike_R","Strike_R"],"score":884,"play_id":"abd69d27-9a53-43da-9604-0dce0eeb7208","local_time":"20190907181013","is_ascension_mode":true,"campfire_choices":[{"floor":11.0,"key":"REST"},{"data":"Corruption","floor":13.0,"key":"SMITH"},{"floor":15.0,"key":"REST"},{"data":"Juggernaut","floor":23.0,"key":"SMITH"},{"data":"Iron Wave","floor":28.0,"key":"SMITH"},{"data":"Clothesline","floor":30.0,"key":"SMITH"},{"data":"Entrench","floor":32.0,"key":"SMITH"}],"neow_cost":"NO_GOLD","seed_source_timestamp":140065913312673,"circlet_count":0,"master_deck":["AscendersBane","Defend_R","Defend_R","Bash","Feel No Pain","Entrench+1","Iron Wave+1","Spot Weakness","Uppercut+1","Corruption+1","Body Slam","Seeing Red","Ghostly Armor","Dropkick","Fiend Fire","Juggernaut+1","Sentinel+1","Battle Trance","Fiend Fire","Thunderclap+1","Shame","Shrug It Off","Immolate","Juggernaut","Clothesline+1","Immolate","Twin Strike+1","Armaments+1","Armaments+1"],"special_seed":0,"relics":["Burning Blood","Incense Burner","Bag of Marbles","Blue Candle","Coffee Dripper","Gremlin Horn","Matryoshka","Astrolabe","Bronze Scales","Smiling Mask"],"potions_floor_usage":[],"damage_taken":[{"damage":20.0,"enemies":"Small Slimes","floor":1.0,"turns":4.0},{"damage":6.0,"enemies":"Cultist","floor":2.0,"turns":3.0},{"damage":10.0,"enemies":"2 Louse","floor":3.0,"turns":4.0},{"damage":9.0,"enemies":"Blue Slaver","floor":5.0,"turns":3.0},{"damage":31.0,"enemies":"Gremlin Nob","floor":6.0,"turns":5.0},{"damage":13.0,"enemies":"2 Fungi Beasts","floor":7.0,"turns":4.0},{"damage":2.0,"enemies":"3 Sentries","floor":8.0,"turns":9.0},{"damage":13.0,"enemies":"Large Slime","floor":10.0,"turns":6.0},{"damage":19.0,"enemies":"Gremlin Gang","floor":12.0,"turns":6.0},{"damage":13.0,"enemies":"Blue Slaver","floor":14.0,"turns":2.0},{"damage":30.0,"enemies":"Slime Boss","floor":16.0,"turns":15.0},{"damage":8.0,"enemies":"Shell Parasite","floor":18.0,"turns":4.0},{"damage":19.0,"enemies":"2 Thieves","floor":22.0,"turns":4.0},{"damage":3.0,"enemies":"Snake Plant","floor":25.0,"turns":3.0},{"damage":5.0,"enemies":"Cultist and Chosen","floor":27.0,"turns":5.0},{"damage":13.0,"enemies":"Snecko","floor":31.0,"turns":4.0},{"damage":2.0,"enemies":"Automaton","floor":33.0,"turns":6.0},{"damage":33,"enemies":"Orb Walker","floor":35,"turns":3},{"damage":2,"enemies":"3 Shapes","floor":36,"turns":1},{"damage":47,"enemies":"Maw","floor":38,"turns":4}],"seed_played":"-7972941542934024156","potions_obtained":[{"floor":1.0,"key":"PowerPotion"},{"floor":6.0,"key":"Ancient Potion"},{"floor":8.0,"key":"AttackPotion"},{"floor":10.0,"key":"Regen Potion"},{"floor":12.0,"key":"Weak Potion"},{"floor":22.0,"key":"Swift Potion"},{"floor":31.0,"key":"PowerPotion"},{"floor":36,"key":"GamblersBrew"}],"is_trial":false,"path_per_floor":["M","M","M","?","M","E","M","E","T","M","R","M","R","M","R","B",null,"M","$","?","$","M","R","?","M","T","M","R","?","R","M","R","B",null,"M","M","T","M"],"character_chosen":"IRONCLAD","items_purchased":["Battle Trance"],"campfire_rested":2,"item_purchase_floors":[19],"current_hp_per_floor":[54,54,50,50,47,22,15,19,19,12,34,36,36,29,51,27,63,61,61,61,61,48,48,48,51,51,52,52,52,52,45,45,49,69,42,46,46,0],"gold":197,"neow_bonus":"TRANSFORM_TWO_CARDS","is_prod":false,"is_daily":false,"chose_seed":false,"campfire_upgraded":5,"win_rate":0,"timestamp":1567897813,"path_taken":["M","M","M","?","M","E","M","E","T","?","R","M","R","M","R","BOSS","M","$","?","?","M","R","?","M","T","M","R","?","R","M","R","BOSS","M","?","?","?"],"build_version":"2019-07-17","purchased_purges":2,"victory":false,"max_hp_per_floor":[75,75,75,75,75,75,75,75,75,75,75,75,75,75,75,75,75,75,75,75,75,75,75,75,75,75,75,75,75,75,75,75,75,75,75,75,75,75],"card_choices":[{"not_picked":["Rupture","Fire Breathing"],"picked":"Iron Wave","floor":1.0},{"not_picked":["Warcry","Wild Strike"],"picked":"Spot Weakness","floor":2.0},{"not_picked":["Blood for Blood","Headbutt"],"picked":"Uppercut","floor":3.0},{"not_picked":["Feel No Pain","Perfected Strike"],"picked":"Corruption","floor":5.0},{"not_picked":["Wild Strike","Sword Boomerang","Evolve"],"picked":"SKIP","floor":6.0},{"not_picked":["Warcry","Havoc"],"picked":"Body Slam","floor":7.0},{"not_picked":["Bloodletting","Iron Wave"],"picked":"Seeing Red","floor":8.0},{"not_picked":["Thunderclap","Rampage"],"picked":"Ghostly Armor","floor":10.0},{"not_picked":["Second Wind","Clash"],"picked":"Dropkick","floor":12.0},{"not_picked":["Cleave","Pummel"],"picked":"Fiend Fire","floor":14.0},{"not_picked":["Fiend Fire","Demon Form"],"picked":"Juggernaut","floor":16.0},{"not_picked":["Power Through","Iron Wave"],"picked":"Sentinel+1","floor":18.0},{"not_picked":["Iron Wave","Cleave"],"picked":"Thunderclap+1","floor":22.0},{"not_picked":["Clothesline","Disarm"],"picked":"Shrug It Off","floor":25.0},{"not_picked":["Carnage","Heavy Blade+1"],"picked":"Immolate","floor":27.0},{"not_picked":["Uppercut","Disarm","Metallicize"],"picked":"SKIP","floor":31.0},{"not_picked":["Berserk","Fiend Fire"],"picked":"Immolate","floor":33.0},{"not_picked":["Corruption","Cleave","Flex"],"picked":"SKIP","floor":35},{"not_picked":["Anger","Twin Strike","Cleave"],"picked":"SKIP","floor":36}],"player_experience":1128771,"relics_obtained":[{"floor":6.0,"key":"Incense Burner"},{"floor":8.0,"key":"Bag of Marbles"},{"floor":9.0,"key":"Blue Candle"},{"floor":26.0,"key":"Matryoshka"},{"floor":37,"key":"Bronze Scales"},{"floor":37,"key":"Smiling Mask"}],"event_choices":[{"damage_healed":0.0,"max_hp_gain":0.0,"max_hp_loss":0.0,"gold_gain":0.0,"event_name":"Upgrade Shrine","player_choice":"Upgraded","floor":4.0,"gold_loss":0.0,"damage_taken":0.0,"cards_upgraded":["Uppercut"]},{"damage_healed":0.0,"max_hp_gain":0.0,"max_hp_loss":0.0,"gold_gain":0.0,"event_name":"Duplicator","player_choice":"Copied","floor":20.0,"gold_loss":0.0,"damage_taken":0.0,"cards_obtained":["Fiend Fire"]},{"damage_healed":0.0,"max_hp_gain":0.0,"max_hp_loss":0.0,"gold_gain":0.0,"event_name":"Addict","player_choice":"Stole Relic","floor":24.0,"gold_loss":0.0,"damage_taken":0.0,"relics_obtained":["Gremlin Horn"],"cards_obtained":["Shame"]},{"damage_healed":0.0,"max_hp_gain":0.0,"max_hp_loss":0.0,"gold_gain":0.0,"event_name":"Match and Keep!","player_choice":"2 cards matched","floor":29.0,"gold_loss":0.0,"damage_taken":0.0,"cards_obtained":["Juggernaut","Clothesline"]}],"is_beta":false,"boss_relics":[{"not_picked":["Lizard Tail","Runic Pyramid"],"picked":"Coffee Dripper"},{"not_picked":["Pandora\u0027s Box","Black Blood"],"picked":"Astrolabe"}],"items_purged_floors":[19,21],"is_endless":false,"potions_floor_spawned":[1,6,8,10,12,22,31,36],"killed_by":"Maw","ascension_level":18}