{"gold_per_floor":[113,127,145,157,176,209,209,209,287,299,318,329,374,388,388,487,537,551,20,36,47,47,47,72,0,0,16,45,45,65,65],"floor_reached":31,"playtime":2995,"items_purged":["Compile Driver"],"score":333,"play_id":"9b9c3a10-b531-4974-b5b7-22977645e375","local_time":"20190215231655","is_ascension_mode":false,"campfire_choices":[{"floor":7,"key":"REST"},{"floor":15,"key":"REST"},{"floor":23,"key":"REST"},{"floor":29,"key":"REST"}],"neow_cost":"NONE","seed_source_timestamp":62536635653438,"circlet_count":0,"master_deck":["Strike_B","Strike_B","Strike_B+1","Strike_B","Defend_B","Defend_B","Defend_B","Defend_B","Zap","Dualcast","Conserve Battery","Chaos","Conserve Battery","Ball Lightning","Multi-Cast","Buffer","Redo+1","Redo+1","Capacitor","Melter","Rainbow+1","Loop","Beam Cell","Redo+1","Panache","Doom and Gloom","Conserve Battery+1","Heatsinks","Hello World+1","Chill+1","Redo+1","Coolheaded+1","Defragment","Ball Lightning+1","Barrage","Redo+1"],"relics":["Cracked Core","Pocketwatch","Toxic Egg 2","Dream Catcher","Tiny House","MutagenicStrength","Nunchaku","Bottled Tornado","Juzu Bracelet"],"potions_floor_usage":[16,16,16,24,24,24,27,31],"damage_taken":[{"damage":1,"enemies":"Cultist","floor":1,"turns":3},{"damage":0,"enemies":"2 Louse","floor":2,"turns":1},{"damage":6,"enemies":"Jaw Worm","floor":3,"turns":2},{"damage":0,"enemies":"Large Slime","floor":4,"turns":7},{"damage":8,"enemies":"Red Slaver","floor":5,"turns":4},{"damage":38,"enemies":"Lagavulin","floor":6,"turns":7},{"damage":13,"enemies":"Gremlin Gang","floor":10,"turns":4},{"damage":12,"enemies":"3 Louse","floor":11,"turns":3},{"damage":3,"enemies":"Exordium Thugs","floor":12,"turns":4},{"damage":5,"enemies":"Blue Slaver","floor":14,"turns":3},{"damage":27,"enemies":"Hexaghost","floor":16,"turns":9},{"damage":8,"enemies":"Spheric Guardian","floor":18,"turns":4},{"damage":16,"enemies":"2 Thieves","floor":20,"turns":3},{"damage":18,"enemies":"3 Cultists","floor":21,"turns":5},{"damage":21,"enemies":"Book of Stabbing","floor":24,"turns":6},{"damage":7,"enemies":"Centurion and Healer","floor":27,"turns":7},{"damage":51,"enemies":"Gremlin Leader","floor":28,"turns":9},{"damage":17,"enemies":"Snecko","floor":30,"turns":6},{"damage":21,"enemies":"Shelled Parasite and Fungi","floor":31,"turns":5}],"seed_played":"-3839584732830119359","potions_obtained":[{"floor":4,"key":"GamblersBrew"},{"floor":5,"key":"Poison Potion"},{"floor":12,"key":"SkillPotion"},{"floor":14,"key":"FocusPotion"},{"floor":17,"key":"Strength Potion"},{"floor":20,"key":"FocusPotion"},{"floor":21,"key":"Swift Potion"},{"floor":24,"key":"Regen Potion"},{"floor":30,"key":"SkillPotion"}],"is_trial":false,"path_per_floor":["M","M","M","M","M","E","R","$","T","M","M","M","T","M","R","B",null,"M","$","M","M","?","R","E","?","T","M","E","R","M","M"],"character_chosen":"DEFECT","items_purchased":["FocusPotion","Redo+1","Panache","Doom and Gloom","Conserve Battery+1","Heatsinks"],"campfire_rested":4,"item_purchase_floors":[19,19,19,19,19,19],"current_hp_per_floor":[81,81,75,75,67,29,53,53,53,40,28,25,25,20,44,17,87,79,79,63,45,45,71,50,50,50,58,7,33,16,0],"gold":65,"neow_bonus":"TEN_PERCENT_HP_BONUS","is_prod":false,"is_daily":false,"chose_seed":false,"campfire_upgraded":0,"win_rate":0.0,"timestamp":1550269015,"path_taken":["M","M","M","M","M","E","R","$","T","?","M","M","?","M","R","BOSS","M","$","M","?","?","R","E","?","T","M","E","R","M","M"],"build_version":"2019-01-23","purchased_purges":1,"victory":false,"max_hp_per_floor":[82,82,82,82,82,82,82,82,82,82,82,82,82,82,82,82,87,87,87,87,87,87,87,87,87,87,87,87,87,87,87],"card_choices":[{"not_picked":["Sweeping Beam","Hologram"],"picked":"Conserve Battery","floor":1},{"not_picked":["Conserve Battery","Loop"],"picked":"Chaos","floor":2},{"not_picked":["Leap","Stack"],"picked":"Conserve Battery","floor":3},{"not_picked":["Redo","Barrage"],"picked":"Ball Lightning","floor":4},{"not_picked":["Compile Driver","Loop"],"picked":"Multi-Cast","floor":5},{"not_picked":["Stack","Steam"],"picked":"Buffer","floor":6},{"not_picked":["Aggregate+1","Stack+1"],"picked":"Redo+1","floor":10},{"not_picked":["Streamline","Conserve Battery+1"],"picked":"Redo+1","floor":11},{"not_picked":["Heatsinks","Skim+1"],"picked":"Compile Driver","floor":12},{"not_picked":["Go for the Eyes","FTL"],"picked":"Capacitor","floor":14},{"not_picked":["Hologram+1","Reboot+1"],"picked":"Melter","floor":15},{"not_picked":["Buffer","All For One"],"picked":"Rainbow+1","floor":16},{"not_picked":["Hello World","BootSequence+1"],"picked":"Loop","floor":17},{"not_picked":["Reprogram+1","Steam+1"],"picked":"Beam Cell","floor":18},{"not_picked":["Steam Power+1","Steam+1"],"picked":"Hello World+1","floor":20},{"not_picked":["Sweeping Beam","Amplify+1"],"picked":"Chill+1","floor":21},{"not_picked":["Storm","Steam+1"],"picked":"Redo+1","floor":23},{"not_picked":["Sweeping Beam+1","Genetic Algorithm+1"],"picked":"Coolheaded+1","floor":24},{"not_picked":["Genetic Algorithm+1","Reprogram+1"],"picked":"Defragment","floor":27},{"not_picked":["Compile Driver","Stack+1"],"picked":"Ball Lightning+1","floor":28},{"not_picked":["Gash","Buffer"],"picked":"Barrage","floor":29},{"not_picked":["Ball Lightning","Doom and Gloom"],"picked":"Redo+1","floor":30}],"player_experience":2445,"relics_obtained":[{"floor":6,"key":"Pocketwatch"},{"floor":9,"key":"Toxic Egg 2"},{"floor":13,"key":"Dream Catcher"},{"floor":24,"key":"Nunchaku"},{"floor":26,"key":"Bottled Tornado"},{"floor":28,"key":"Juzu Bracelet"}],"event_choices":[{"damage_healed":0,"gold_gain":0,"player_choice":"Inject Mutagens","damage_taken":0,"relics_obtained":["MutagenicStrength"],"max_hp_gain":0,"max_hp_loss":0,"event_name":"Drug Dealer","floor":22,"gold_loss":0},{"damage_healed":0,"gold_gain":0,"player_choice":"Paid Fearfully","damage_taken":0,"max_hp_gain":0,"max_hp_loss":0,"event_name":"Masked Bandits","floor":25,"gold_loss":72}],"is_beta":false,"boss_relics":[{"not_picked":["Snecko Eye","Busted Crown"],"picked":"Tiny House"}],"items_purged_floors":[19],"is_endless":false,"potions_floor_spawned":[4,5,12,14,20,21,24,30],"killed_by":"Shelled Parasite and Fungi","ascension_level":0}