{"path_per_floor":["M","M","?","M","$","E","M","R","T","R","M","E","M","E","R","B",null,"M","M","?","M","M","R","$","?","T","M","?","M","R","$","R","B",null,"M","M","?","M","$","R","E","R","T","M","M","$","?","M","R","B"],"character_chosen":"DEFECT","items_purchased":["Chill","Capacitor","Regen Potion","Block Potion"],"gold_per_floor":[115,135,210,228,17,48,68,68,93,93,105,137,147,181,181,280,280,280,280,280,280,280,280,129,129,129,129,129,129,129,4,4,4,4,4,4,4,4,4,4,4,4,4,4,4,4,4,4,4,4],"floor_reached":51,"campfire_rested":2,"playtime":4922,"current_hp_per_floor":[54,53,42,42,42,36,18,18,18,40,34,24,24,13,13,12,65,64,51,37,82,67,67,67,67,67,59,59,51,51,51,51,14,65,58,58,48,48,48,72,72,72,72,58,53,53,53,82,82,60],"items_purged":["Meteor Strike","Strike_B","Strike_B"],"gold":4,"score":1112,"play_id":"992c28fd-09fb-4b09-845d-f7efb65cd1c9","local_time":"20180429002525","is_prod":false,"is_daily":false,"chose_seed":false,"is_ascension_mode":true,"campfire_upgraded":7,"timestamp":1524986725,"path_taken":["M","M","?","M","$","E","M","R","T","R","M","E","?","E","R","BOSS","M","M","?","M","M","R","$","?","T","M","?","?","R","?","R","BOSS","M","M","?","?","$","R","E","R","T","M","M","$","?","M","R","BOSS"],"build_version":"2018-04-27v3","seed_source_timestamp":643732949958143,"purchased_purges":3,"victory":true,"master_deck":["Strike_B","Defend_B","Defend_B+1","Defend_B","Defend_B","Zap","Dualcast+1","AscendersBane","Defragment+1","Coolheaded","Chill+1","Capacitor+1","Defragment+1","Impulse","FTL","Cold Snap","Creative AI","Ball Lightning","Defragment+1","Ball Lightning+1","Sunder+1","Force Field+1","Fission","Streamline+1","Impulse+1","Flash of Steel","Cold Snap","Defragment+1","Coolheaded+1"],"max_hp_per_floor":[75,75,75,75,75,75,75,75,75,75,75,75,75,82,82,82,82,82,82,82,82,82,82,82,82,82,82,82,82,82,82,82,82,82,82,82,82,82,82,82,82,82,82,82,82,82,82,82,82,82],"relics":["Cracked Core","Art of War","Orichalcum","War Paint","Strawberry","Ectoplasm","Red Mask","Centennial Puzzle","Runic Dome","The Courier","Anchor"],"card_choices":[{"not_picked":["Coolheaded","Barrage"],"picked":"Defragment","floor":2},{"not_picked":["Barrage","Skim"],"picked":"Coolheaded","floor":4},{"not_picked":["Axe Kick","Double Energy"],"picked":"Defragment","floor":7},{"not_picked":["Skim","Doom and Gloom"],"picked":"Impulse","floor":11},{"not_picked":["Axe Kick","Heatsinks"],"picked":"FTL","floor":12},{"not_picked":["Force Field","Storm"],"picked":"Cold Snap","floor":14},{"not_picked":["Hyperbeam","Multi-Cast"],"picked":"Creative AI","floor":16},{"not_picked":["Sweeping Beam","Rebound"],"picked":"Ball Lightning","floor":18},{"not_picked":["Capacitor","Blizzard"],"picked":"Defragment","floor":19},{"not_picked":["Skim","Leap"],"picked":"Ball Lightning","floor":20},{"not_picked":["Leap","Ball Lightning"],"picked":"Sunder","floor":21},{"not_picked":["Storm","Stack"],"picked":"Force Field","floor":29},{"not_picked":["Nova","Fusion"],"picked":"Fission","floor":33},{"not_picked":["Recycle","Hologram"],"picked":"Streamline","floor":35},{"not_picked":["Go for the Eyes","Rebound"],"picked":"Impulse","floor":36},{"not_picked":["Sadistic Nature","Dark Shackles"],"picked":"Flash of Steel","floor":37},{"not_picked":["Undo","Stack"],"picked":"Cold Snap","floor":38},{"not_picked":["Double Energy","Capacitor"],"picked":"Coolheaded","floor":48}],"player_experience":1294814,"potions_floor_usage":[6,6,7,16,20,36,41,45],"damage_taken":[{"damage":14,"enemies":"Small Slimes","floor":1,"turns":5},{"damage":1,"enemies":"2 Louse","floor":2,"turns":4},{"damage":0,"enemies":"Cultist","floor":4,"turns":3},{"damage":18,"enemies":"Lagavulin","floor":6,"turns":10},{"damage":18,"enemies":"Lots of Slimes","floor":7,"turns":5},{"damage":6,"enemies":"Looter","floor":11,"turns":4},{"damage":10,"enemies":"3 Sentries","floor":12,"turns":11},{"damage":0,"enemies":"Large Slime","floor":13,"turns":6},{"damage":18,"enemies":"Gremlin Nob","floor":14,"turns":5},{"damage":1,"enemies":"Hexaghost","floor":16,"turns":12},{"damage":1,"enemies":"Spheric Guardian","floor":18,"turns":22},{"damage":13,"enemies":"3 Byrds","floor":19,"turns":6},{"damage":14,"enemies":"Masked Bandits","floor":20,"turns":5},{"damage":11,"enemies":"Sentry and Sphere","floor":21,"turns":28},{"damage":15,"enemies":"Snake Plant","floor":22,"turns":4},{"damage":8,"enemies":"Snecko","floor":27,"turns":3},{"damage":8,"enemies":"3 Cultists","floor":29,"turns":4},{"damage":37,"enemies":"Collector","floor":33,"turns":10},{"damage":7,"enemies":"Orb Walker","floor":35,"turns":3},{"damage":0,"enemies":"3 Shapes","floor":36,"turns":8},{"damage":0,"enemies":"Maw","floor":38,"turns":6},{"damage":0,"enemies":"2 Orb Walkers","floor":41,"turns":5},{"damage":14,"enemies":"3 Darklings","floor":44,"turns":6},{"damage":5,"enemies":"Flame Bruiser 2 Orb","floor":45,"turns":5},{"damage":0,"enemies":"4 Shapes","floor":48,"turns":22},{"damage":22,"enemies":"Time Eater","floor":50,"turns":40}],"event_choices":[{"event_name":"World of Goop","player_choice":"Gather Gold","floor":3,"damage_taken":0},{"event_name":"Masked Bandits","player_choice":"Fought over 280 gold","floor":20,"damage_taken":0},{"event_name":"Drug Dealer","player_choice":"Ignored","floor":25,"damage_taken":0},{"event_name":"Purifier","player_choice":"One Purge","floor":28,"damage_taken":0},{"event_name":"SensoryStone","player_choice":"Memory 3","floor":37,"damage_taken":0},{"event_name":"Duplicator","player_choice":"One dupe","floor":47,"damage_taken":0}],"boss_relics":[{"not_picked":["Pandora\u0027s Box","Tiny House"],"picked":"Ectoplasm"},{"not_picked":["Calling Bell","Runic Pyramid"],"picked":"Runic Dome"}],"potions_floor_spawned":[1,2,7,12,14,21,22,29,33,38,44,45,48],"seed_played":"7232731864926435175","ascension_level":11,"is_trial":false}