{"gold_per_floor":[128,154,177,189,220,260,272,304,316,298,485,497,32,49,49,147,147,165,184,5,20,38,38,38],"floor_reached":24,"playtime":1110,"items_purged":["Doubt","Strike_R"],"score":290,"play_id":"a1bd48c4-7c26-4585-86c8-1c693d884da3","local_time":"20190226002540","is_ascension_mode":true,"campfire_choices":[{"data":"Inflame","floor":7,"key":"SMITH"},{"data":"Disarm","floor":15,"key":"SMITH"},{"data":"Barricade","floor":23,"key":"SMITH"}],"neow_cost":"NONE","seed_source_timestamp":932562207763027,"circlet_count":0,"master_deck":["Strike_R","Strike_R","Strike_R","Strike_R","Defend_R","Defend_R","Defend_R","Defend_R","Bash","Corruption","Flame Barrier","Inflame+1","Metallicize","Metallicize","Disarm+1","Barricade+1","True Grit+1","Sentinel","Entrench","Whirlwind"],"relics":["Burning Blood","MawBank","Potion Belt","Paper Frog","Pantograph","Mercury Hourglass","Juzu Bracelet","Sozu"],"potions_floor_usage":[5,6,16,22,24,24],"damage_taken":[{"damage":9,"enemies":"Jaw Worm","floor":1,"turns":4},{"damage":2,"enemies":"2 Louse","floor":2,"turns":3},{"damage":3,"enemies":"Cultist","floor":3,"turns":5},{"damage":41,"enemies":"Gremlin Gang","floor":5,"turns":7},{"damage":24,"enemies":"Gremlin Nob","floor":6,"turns":4},{"damage":2,"enemies":"2 Fungi Beasts","floor":8,"turns":6},{"damage":3,"enemies":"Looter","floor":10,"turns":4},{"damage":8,"enemies":"Exordium Thugs","floor":14,"turns":5},{"damage":3,"enemies":"Hexaghost","floor":16,"turns":9},{"damage":5,"enemies":"Shell Parasite","floor":18,"turns":9},{"damage":16,"enemies":"Spheric Guardian","floor":19,"turns":6},{"damage":7,"enemies":"Shelled Parasite and Fungi","floor":21,"turns":9},{"damage":15,"enemies":"Snake Plant","floor":22,"turns":6},{"damage":52,"enemies":"Book of Stabbing","floor":24,"turns":9}],"seed_played":"-6586009487759919332","potions_obtained":[{"floor":1,"key":"SteroidPotion"},{"floor":3,"key":"Fire Potion"},{"floor":8,"key":"Swift Potion"},{"floor":12,"key":"EntropicBrew"},{"floor":12,"key":"PowerPotion"},{"floor":12,"key":"EntropicBrew"},{"floor":14,"key":"Ancient Potion"}],"is_trial":false,"path_per_floor":["M","M","M","?","M","E","R","M","T","M","?","?","$","M","R","B",null,"M","M","$","M","M","R","E"],"character_chosen":"IRONCLAD","items_purchased":["Mercury Hourglass","Juzu Bracelet","Entrench"],"campfire_rested":0,"item_purchase_floors":[13,13,20],"current_hp_per_floor":[69,73,76,64,29,11,11,15,15,18,18,18,18,16,16,44,71,72,62,62,61,52,52,0],"gold":38,"neow_bonus":"RANDOM_COMMON_RELIC","is_prod":false,"is_daily":false,"chose_seed":false,"campfire_upgraded":3,"win_rate":0,"timestamp":1551137140,"path_taken":["M","M","M","?","M","E","R","M","T","M","?","?","$","M","R","BOSS","M","M","$","M","M","R","E"],"build_version":"2019-01-23","purchased_purges":2,"victory":false,"max_hp_per_floor":[80,80,80,80,80,80,80,80,80,80,80,80,80,80,80,80,80,80,80,80,80,80,80,80],"card_choices":[{"not_picked":["True Grit","Bloodletting"],"picked":"Corruption","floor":1},{"not_picked":["Clothesline","Armaments"],"picked":"Flame Barrier","floor":2},{"not_picked":["Warcry","Iron Wave","Clothesline"],"picked":"SKIP","floor":3},{"not_picked":["Thunderclap","Headbutt"],"picked":"Inflame","floor":5},{"not_picked":["Iron Wave","Battle Trance"],"picked":"Metallicize","floor":6},{"not_picked":["Sever Soul","True Grit"],"picked":"Metallicize","floor":8},{"not_picked":["Evolve","Demon Form"],"picked":"Disarm","floor":10},{"not_picked":["Heavy Blade","Havoc","Infernal Blade"],"picked":"SKIP","floor":14},{"not_picked":["Immolate","Dark Embrace"],"picked":"Barricade","floor":16},{"not_picked":["Sword Boomerang","Power Through"],"picked":"True Grit+1","floor":18},{"not_picked":["Dropkick","Warcry+1"],"picked":"Sentinel","floor":19},{"not_picked":["Pommel Strike","Wild Strike","Feed"],"picked":"SKIP","floor":21},{"not_picked":["Ghostly Armor","Twin Strike"],"picked":"Whirlwind","floor":22}],"player_experience":531782,"relics_obtained":[{"floor":6,"key":"Paper Frog"},{"floor":9,"key":"Pantograph"}],"event_choices":[{"damage_healed":0,"gold_gain":0,"player_choice":"Success","damage_taken":12,"relics_obtained":["Potion Belt"],"max_hp_gain":0,"max_hp_loss":0,"event_name":"Scrap Ooze","floor":4,"gold_loss":0},{"damage_healed":0,"gold_gain":175,"player_choice":"AGREE","damage_taken":0,"max_hp_gain":0,"max_hp_loss":0,"event_name":"Liars Game","floor":11,"gold_loss":0,"cards_obtained":["Doubt"]},{"damage_healed":0,"gold_gain":0,"player_choice":"Got Potions","damage_taken":0,"max_hp_gain":0,"max_hp_loss":0,"event_name":"Lab","floor":12,"gold_loss":0}],"is_beta":false,"boss_relics":[{"not_picked":["Black Blood","Black Star"],"picked":"Sozu"}],"items_purged_floors":[13,20],"is_endless":false,"potions_floor_spawned":[1,3,8,14,19,21],"killed_by":"Book of Stabbing","ascension_level":9}