{"gold_per_floor":[110,120,130,130,144,144,172,21,21,21,21,54,54,70,70,143,143,156,56,56,56,68,68,86,86,386,386,412,412,425,475,475,547,547,558,173,188,207,207,207,223,223,223,249,249,22,37,50,50,50],"floor_reached":51,"playtime":3751,"items_purged":["Strike_B","Strike_B","Turbo","Writhe"],"score":1234,"play_id":"552dd393-b0f1-4fc7-8ba1-bff6fd0fbc06","local_time":"20180629165713","is_ascension_mode":true,"campfire_choices":[{"data":"Ball Lightning","floor":6,"key":"SMITH"},{"floor":10,"key":"REST"},{"data":"Recycle","floor":13,"key":"SMITH"},{"data":"Dualcast","floor":15,"key":"SMITH"},{"data":"Recycle","floor":23,"key":"SMITH"},{"data":"Hyperbeam","floor":25,"key":"SMITH"},{"data":"Coolheaded","floor":27,"key":"SMITH"},{"floor":32,"key":"REST"},{"floor":40,"key":"REST"},{"data":"Buffer","floor":42,"key":"SMITH"},{"floor":45,"key":"DIG"},{"floor":49,"key":"DIG"}],"neow_cost":"NONE","seed_source_timestamp":319216392226744,"circlet_count":0,"master_deck":["Strike_B+1","Strike_B+1","Defend_B+1","Defend_B+1","Defend_B+1","Defend_B+1","Zap+1","Dualcast+1","AscendersBane","Gash","Compile Driver","Ball Lightning+1","Leap","Glacier","Genetic Algorithm+1","Recycle+1","Hyperbeam+1","Hologram+1","Cold Snap","Go for the Eyes","Coolheaded+1","Turbo+1","Recycle+1","Genetic Algorithm","White Noise","Seek","Glacier+1","Hologram","Compile Driver+1","Buffer+1","FTL","FTL","Glacier"],"relics":["Cracked Core","Dead Branch","Ice Cream","Matryoshka","Orrery","Kunai","Old Coin","Potion Belt","Cursed Key","Shuriken","Shovel","War Paint","Happy Flower","Orichalcum","Bird Faced Urn"],"potions_floor_usage":[12,33,33,44,44,50,50,50],"damage_taken":[{"damage":4,"enemies":"Small Slimes","floor":1,"turns":3},{"damage":0,"enemies":"Cultist","floor":2,"turns":3},{"damage":4,"enemies":"Jaw Worm","floor":3,"turns":3},{"damage":2,"enemies":"Looter","floor":5,"turns":3},{"damage":17,"enemies":"3 Sentries","floor":7,"turns":5},{"damage":6,"enemies":"Gremlin Nob","floor":12,"turns":4},{"damage":0,"enemies":"Blue Slaver","floor":14,"turns":7},{"damage":19,"enemies":"Hexaghost","floor":16,"turns":11},{"damage":0,"enemies":"Chosen","floor":18,"turns":6},{"damage":15,"enemies":"3 Byrds","floor":22,"turns":4},{"damage":2,"enemies":"Centurion and Healer","floor":24,"turns":7},{"damage":15,"enemies":"Slavers","floor":28,"turns":4},{"damage":0,"enemies":"3 Cultists","floor":30,"turns":2},{"damage":1,"enemies":"Collector","floor":33,"turns":13},{"damage":0,"enemies":"3 Darklings","floor":35,"turns":1},{"damage":0,"enemies":"Flame Bruiser 1 Orb","floor":37,"turns":4},{"damage":14,"enemies":"Transient","floor":38,"turns":5},{"damage":0,"enemies":"3 Darklings","floor":41,"turns":1},{"damage":5,"enemies":"2 Orb Walkers","floor":44,"turns":4},{"damage":0,"enemies":"Maw","floor":47,"turns":8},{"damage":0,"enemies":"4 Shapes","floor":48,"turns":3},{"damage":0,"enemies":"Awakened One","floor":50,"turns":12}],"seed_played":"-8437341192173288017","potions_obtained":[{"floor":2,"key":"Strength Potion"},{"floor":16,"key":"FocusPotion"},{"floor":18,"key":"Weak Potion"},{"floor":28,"key":"GamblersBrew"},{"floor":30,"key":"Dexterity Potion"},{"floor":37,"key":"Fire Potion"},{"floor":38,"key":"SkillPotion"},{"floor":48,"key":"LiquidBronze"}],"is_trial":false,"path_per_floor":["M","M","M","?","M","R","E","$","T","R","?","E","R","M","R","B",null,"M","$","?","?","M","R","M","R","T","R","E","?","M","?","R","B",null,"M","$","M","M","?","R","M","R","T","E","R","$","M","M","R","B"],"character_chosen":"DEFECT","items_purchased":["Genetic Algorithm","Shuriken","FTL"],"campfire_rested":3,"item_purchase_floors":[8,36,46],"current_hp_per_floor":[60,60,56,56,54,54,37,37,37,58,37,31,31,31,31,12,56,70,70,70,70,55,55,53,53,53,53,38,28,28,28,49,48,65,65,65,65,51,51,71,71,71,71,66,66,66,71,71,71,71],"gold":50,"neow_bonus":"UPGRADE_CARD","is_prod":false,"is_daily":false,"chose_seed":false,"campfire_upgraded":7,"win_rate":0,"timestamp":1530316633,"path_taken":["M","M","M","?","M","R","E","$","T","R","?","E","R","M","R","BOSS","M","$","?","?","M","R","M","R","T","R","E","?","M","?","R","BOSS","M","$","M","M","?","R","?","R","T","E","R","$","M","M","R","BOSS"],"build_version":"2018-06-28","purchased_purges":4,"victory":true,"max_hp_per_floor":[71,71,71,71,71,71,71,71,71,71,71,71,71,71,71,71,71,71,71,71,71,71,71,71,71,71,71,71,71,71,71,71,71,71,71,71,71,71,71,71,71,71,71,71,71,71,71,71,71,71],"card_choices":[{"not_picked":["Conserve Battery","Turbo"],"picked":"Gash","floor":1},{"not_picked":["Fusion","Coolheaded"],"picked":"Compile Driver","floor":2},{"not_picked":["Static Discharge","Coolheaded"],"picked":"Ball Lightning","floor":3},{"not_picked":["Aggregate","Darkness"],"picked":"Leap","floor":5},{"not_picked":["Electrodynamics","Recycle"],"picked":"Glacier","floor":7},{"not_picked":["Chill","Turbo"],"picked":"Recycle","floor":12},{"not_picked":["Steam","Ball Lightning","Redo"],"picked":"SKIP","floor":14},{"not_picked":["Creative AI","Machine Learning"],"picked":"Hyperbeam","floor":16},{"not_picked":["Compile Driver","Sweeping Beam"],"picked":"Hologram","floor":17},{"not_picked":["Redo","Go for the Eyes"],"picked":"Cold Snap","floor":17},{"not_picked":["Consume","Rebound"],"picked":"Go for the Eyes","floor":17},{"not_picked":["Buffer","Redo"],"picked":"Coolheaded","floor":17},{"not_picked":["Auto Shields","Coolheaded"],"picked":"Turbo","floor":17},{"not_picked":["Compile Driver","Sweeping Beam"],"picked":"Turbo","floor":18},{"not_picked":["Biased Cognition","Static Discharge+1"],"picked":"Genetic Algorithm","floor":22},{"not_picked":["Reprogram","Undo"],"picked":"White Noise","floor":24},{"not_picked":["Streamline+1","Storm","Rebound"],"picked":"SKIP","floor":28},{"not_picked":["Beam Cell","Barrage","Go for the Eyes"],"picked":"SKIP","floor":30},{"not_picked":["Buffer","Thunder Strike"],"picked":"Seek","floor":33},{"not_picked":["Go for the Eyes","Streamline"],"picked":"Glacier+1","floor":35},{"not_picked":["Streamline","Redo"],"picked":"Hologram","floor":37},{"not_picked":["Doom and Gloom","Steam"],"picked":"Compile Driver+1","floor":38},{"not_picked":["Conserve Battery","Barrage"],"picked":"Buffer","floor":41},{"not_picked":["Turbo","Beam Cell+1"],"picked":"FTL","floor":44},{"not_picked":["Gash","Redo","Beam Cell"],"picked":"SKIP","floor":47},{"not_picked":["Force Field","Multi-Cast"],"picked":"Glacier","floor":48}],"player_experience":2011638,"relics_obtained":[{"floor":7,"key":"Dead Branch"},{"floor":9,"key":"Ice Cream"},{"floor":12,"key":"Matryoshka"},{"floor":26,"key":"Kunai"},{"floor":26,"key":"Old Coin"},{"floor":28,"key":"Potion Belt"},{"floor":43,"key":"Shovel"},{"floor":43,"key":"War Paint"},{"floor":44,"key":"Happy Flower"},{"floor":45,"key":"Orichalcum"},{"floor":49,"key":"Bird Faced Urn"}],"event_choices":[{"event_name":"Match and Keep!","player_choice":"0 cards matched","floor":4,"damage_taken":0},{"event_name":"Shining Light","player_choice":"Entered Light","floor":11,"damage_taken":0},{"event_name":"Back to Basics","player_choice":"Simplicity","floor":20,"damage_taken":0},{"event_name":"The Library","player_choice":"Read","floor":21,"damage_taken":0},{"event_name":"Wheel of Change","player_choice":"Damage","floor":29,"damage_taken":0},{"event_name":"Nest","player_choice":"Stole From Cult","floor":31,"damage_taken":0},{"event_name":"Tomb of Lord Red Mask","player_choice":"Ignored","floor":39,"damage_taken":0}],"boss_relics":[{"not_picked":["Pandora\u0027s Box","Lizard Tail"],"picked":"Orrery"},{"not_picked":["Black Star","Nuclear Battery"],"picked":"Cursed Key"}],"items_purged_floors":[8,19,36,46],"is_endless":false,"potions_floor_spawned":[2,16,18,28,30,37,38,41,48],"ascension_level":15}