{"gold_per_floor":[109,119,138,138,138,138,157,157,157,169,195,212,246,260,260,360,360,373,90,104,121,131,159,159,173,173,173,201,201,234,264,264,359,359,371,23,37,48,66,97,97,112,189,201,201,227,449,462,462,462],"floor_reached":51,"playtime":4609,"items_purged":["Strike_B"],"score":795,"play_id":"ffe937e6-3e64-4ec7-982e-f62d3de6b447","local_time":"20190226024316","is_ascension_mode":true,"campfire_choices":[{"data":"Undo","floor":6,"key":"SMITH"},{"data":"Conserve Battery","floor":8,"key":"SMITH"},{"floor":15,"key":"REST"},{"data":"Defragment","floor":24,"key":"SMITH"},{"floor":27,"key":"REST"},{"data":"Creative AI","floor":29,"key":"SMITH"},{"floor":32,"key":"REST"},{"data":"Zap","floor":45,"key":"SMITH"},{"floor":49,"key":"REST"}],"neow_cost":"NONE","seed_source_timestamp":3649918582785800,"circlet_count":0,"master_deck":["Strike_B","Strike_B","Strike_B","Defend_B","Defend_B","Defend_B","Defend_B+1","Zap+1","Dualcast","Coolheaded","Sweeping Beam+1","Undo+1","Conserve Battery+1","Compile Driver","Ball Lightning","Auto Shields","Barrage","Leap+1","Creative AI+1","Ball Lightning+1","Steam+1","Enlightenment+1","Coolheaded+1","Leap+1","Undo+1","Defragment+1","Defragment","Parasite","Seek+1","Steam Power+1","Stack+1","Parasite","Compile Driver","Injury"],"relics":["Cracked Core","Oddly Smooth Stone","Cables","Pantograph","Toxic Egg 2","Cursed Key","Regal Pillow","Gambling Chip","Juzu Bracelet","Girya","Red Mask","Busted Crown","Calipers","Bag of Preparation","Darkstone Periapt","Unceasing Top"],"potions_floor_usage":[16,16,30,30,31,31,42,44,50,50],"damage_taken":[{"damage":1,"enemies":"Small Slimes","floor":1,"turns":3},{"damage":0,"enemies":"Cultist","floor":2,"turns":4},{"damage":5,"enemies":"Jaw Worm","floor":3,"turns":4},{"damage":0,"enemies":"Large Slime","floor":7,"turns":4},{"damage":0,"enemies":"Looter","floor":10,"turns":3},{"damage":5,"enemies":"Lagavulin","floor":11,"turns":9},{"damage":1,"enemies":"Exordium Thugs","floor":12,"turns":3},{"damage":10,"enemies":"3 Sentries","floor":13,"turns":5},{"damage":1,"enemies":"Red Slaver","floor":14,"turns":3},{"damage":7,"enemies":"Slime Boss","floor":16,"turns":11},{"damage":3,"enemies":"3 Byrds","floor":18,"turns":3},{"damage":3,"enemies":"Chosen","floor":20,"turns":6},{"damage":3,"enemies":"Snake Plant","floor":21,"turns":5},{"damage":0,"enemies":"Centurion and Healer","floor":22,"turns":11},{"damage":28,"enemies":"Gremlin Leader","floor":23,"turns":7},{"damage":0,"enemies":"3 Cultists","floor":25,"turns":5},{"damage":6,"enemies":"Book of Stabbing","floor":28,"turns":7},{"damage":11,"enemies":"Slavers","floor":30,"turns":8},{"damage":37,"enemies":"Masked Bandits","floor":31,"turns":7},{"damage":40,"enemies":"Collector","floor":33,"turns":16},{"damage":0,"enemies":"3 Shapes","floor":35,"turns":4},{"damage":0,"enemies":"3 Darklings","floor":37,"turns":7},{"damage":6,"enemies":"Jaw Worm Horde","floor":38,"turns":5},{"damage":0,"enemies":"Writhing Mass","floor":39,"turns":8},{"damage":37,"enemies":"Giant Head","floor":40,"turns":11},{"damage":0,"enemies":"3 Darklings","floor":42,"turns":6},{"damage":0,"enemies":"Transient","floor":44,"turns":5},{"damage":19,"enemies":"Nemesis","floor":46,"turns":8},{"damage":6,"enemies":"Jaw Worm Horde","floor":48,"turns":5},{"damage":13,"enemies":"Awakened One","floor":50,"turns":18}],"seed_played":"7226797941719293209","potions_obtained":[{"floor":2,"key":"FearPotion"},{"floor":11,"key":"SkillPotion"},{"floor":16,"key":"Fruit Juice"},{"floor":20,"key":"Dexterity Potion"},{"floor":22,"key":"EssenceOfSteel"},{"floor":25,"key":"Energy Potion"},{"floor":30,"key":"Fruit Juice"},{"floor":37,"key":"Dexterity Potion"},{"floor":38,"key":"Energy Potion"},{"floor":40,"key":"EssenceOfSteel"},{"floor":44,"key":"Fire Potion"},{"floor":46,"key":"LiquidBronze"}],"is_trial":false,"path_per_floor":["M","M","M","?","?","R","M","R","T","M","E","M","E","M","R","B",null,"M","$","M","M","M","E","R","M","T","R","E","R","E","?","R","B",null,"M","$","M","M","M","E","?","M","T","M","R","E","?","M","R","B",null],"character_chosen":"DEFECT","items_purchased":["Steam+1","Enlightenment+1","Regen Potion","Calipers","Stack+1"],"campfire_rested":4,"item_purchase_floors":[19,19,19,36,36],"current_hp_per_floor":[74,74,69,54,54,54,54,54,54,54,49,48,38,37,59,73,80,77,77,74,71,71,43,43,43,43,80,74,74,68,45,85,45,85,85,85,85,79,79,42,42,42,42,42,42,23,23,17,57,69],"gold":462,"neow_bonus":"RANDOM_COMMON_RELIC","is_prod":false,"is_daily":false,"chose_seed":false,"campfire_upgraded":5,"win_rate":0,"timestamp":1551166996,"path_taken":["M","M","M","?","?","R","?","R","T","M","E","?","E","M","R","BOSS","M","$","M","M","M","E","R","M","T","R","E","R","E","?","R","BOSS","M","$","M","M","M","E","?","M","T","M","R","E","?","M","R","BOSS"],"build_version":"2019-02-06","purchased_purges":1,"victory":true,"max_hp_per_floor":[75,75,75,75,75,75,75,75,75,75,75,75,75,75,75,80,80,80,80,80,80,80,80,80,80,80,80,80,80,85,85,85,85,85,85,85,85,85,85,85,85,85,85,85,85,85,85,85,85,85],"card_choices":[{"not_picked":["Beam Cell","Double Energy"],"picked":"Coolheaded","floor":1},{"not_picked":["Barrage","Streamline","Rebound"],"picked":"SKIP","floor":2},{"not_picked":["Rebound","Hologram"],"picked":"Sweeping Beam","floor":3},{"not_picked":["Gash","Recycle"],"picked":"Compile Driver","floor":7},{"not_picked":["Hyperbeam","Cold Snap"],"picked":"Ball Lightning","floor":10},{"not_picked":["Steam","Hologram"],"picked":"Auto Shields","floor":11},{"not_picked":["Steam","Redo"],"picked":"Barrage","floor":12},{"not_picked":["Beam Cell","Gash","Scrape"],"picked":"SKIP","floor":13},{"not_picked":["Core Surge","Blizzard"],"picked":"Leap+1","floor":14},{"not_picked":["Meteor Strike","Seek+1"],"picked":"Creative AI","floor":16},{"not_picked":["Skim+1","Lockon"],"picked":"Ball Lightning+1","floor":18},{"not_picked":["Beam Cell","Conserve Battery+1"],"picked":"Coolheaded+1","floor":20},{"not_picked":["Barrage","Sunder"],"picked":"Leap+1","floor":21},{"not_picked":["Beam Cell+1","Sunder"],"picked":"Undo+1","floor":22},{"not_picked":["Core Surge","Stack+1"],"picked":"Defragment","floor":23},{"not_picked":["FTL","Barrage"],"picked":"Defragment","floor":25},{"not_picked":["Steam+1","Chaos+1","Beam Cell"],"picked":"SKIP","floor":28},{"not_picked":["Go for the Eyes+1","Reprogram+1","Fusion+1"],"picked":"SKIP","floor":30},{"not_picked":["Hyperbeam","Meteor Strike"],"picked":"Seek+1","floor":33},{"not_picked":[],"picked":"Steam Power+1","floor":35},{"not_picked":["Streamline"],"picked":"SKIP","floor":37},{"not_picked":["Streamline+1"],"picked":"SKIP","floor":38},{"not_picked":["Scrape+1"],"picked":"SKIP","floor":39},{"not_picked":[],"picked":"Compile Driver","floor":40},{"not_picked":["Redo+1"],"picked":"SKIP","floor":42},{"not_picked":["Hologram+1"],"picked":"SKIP","floor":44},{"not_picked":["Stack+1"],"picked":"SKIP","floor":46},{"not_picked":["Doom and Gloom"],"picked":"SKIP","floor":48}],"player_experience":250999,"relics_obtained":[{"floor":9,"key":"Cables"},{"floor":11,"key":"Pantograph"},{"floor":13,"key":"Toxic Egg 2"},{"floor":23,"key":"Regal Pillow"},{"floor":26,"key":"Gambling Chip"},{"floor":28,"key":"Juzu Bracelet"},{"floor":30,"key":"Girya"},{"floor":31,"key":"Red Mask"},{"floor":40,"key":"Bag of Preparation"},{"floor":43,"key":"Darkstone Periapt"},{"floor":46,"key":"Unceasing Top"}],"event_choices":[{"damage_healed":0,"gold_gain":0,"player_choice":"Entered Light","damage_taken":15,"max_hp_gain":0,"max_hp_loss":0,"event_name":"Shining Light","floor":4,"gold_loss":0,"cards_upgraded":["Sweeping Beam","Defend_B"]},{"damage_healed":0,"gold_gain":0,"player_choice":"2 cards matched","damage_taken":0,"max_hp_gain":0,"max_hp_loss":0,"event_name":"Match and Keep!","floor":5,"gold_loss":0,"cards_obtained":["Undo","Conserve Battery"]},{"damage_healed":0,"gold_gain":0,"player_choice":"Fought Bandits","damage_taken":0,"max_hp_gain":0,"max_hp_loss":0,"event_name":"Masked Bandits","floor":31,"gold_loss":0},{"damage_healed":0,"gold_gain":0,"player_choice":"Memory 1","damage_taken":0,"max_hp_gain":0,"max_hp_loss":0,"event_name":"SensoryStone","floor":41,"gold_loss":0},{"damage_healed":0,"gold_gain":222,"player_choice":"Wore Mask","damage_taken":0,"max_hp_gain":0,"max_hp_loss":0,"event_name":"Tomb of Lord Red Mask","floor":47,"gold_loss":0}],"is_beta":true,"boss_relics":[{"not_picked":["Inserter","Philosopher\u0027s Stone"],"picked":"Cursed Key"},{"not_picked":["Snecko Eye","Runic Pyramid"],"picked":"Busted Crown"}],"items_purged_floors":[19],"is_endless":false,"potions_floor_spawned":[2,11,16,20,22,23,25,28,30,37,38,40,44,46],"ascension_level":1}