{"gold_per_floor":[115,132,150,100,113,113,145,163,210,247,259,288,47,47,47,150,150,165,181,12,12,30,63,63,91,165,165,179,179,193,227,227,331,331,348,448,26,39,39,39,51,51,78,95,95],"floor_reached":45,"playtime":2992,"items_purged":["Strike_G","Strike_G"],"score":656,"play_id":"707084d7-0e40-4a3d-9be2-414a87a6cbe8","local_time":"20190221194428","is_ascension_mode":true,"campfire_choices":[{"data":"Neutralize","floor":6,"key":"SMITH"},{"floor":15,"key":"REST"},{"floor":24,"key":"REST"},{"floor":27,"key":"REST"},{"floor":29,"key":"REST"},{"floor":32,"key":"REST"},{"data":"A Thousand Cuts","floor":40,"key":"SMITH"},{"floor":42,"key":"REST"}],"neow_cost":"NONE","seed_source_timestamp":3280826146619404,"circlet_count":0,"master_deck":["Defend_G","Defend_G","Defend_G","Defend_G","Defend_G","Strike_G","Strike_G","Survivor","Neutralize+1","Deadly Poison","Distraction","Quick Slash","Dagger Spray","Slice","Footwork+1","Cloak And Dagger","Backstab","Finesse","Cloak And Dagger","Caltrops","Adrenaline","Backflip+1","Endless Agony","A Thousand Cuts+1","Burst","Slice","Footwork+1","Deflect+1","Cloak And Dagger+1","Escape Plan+1","Caltrops+1","Prepared+1","Backflip+1","Dodge and Roll+1","Slice+1","Footwork+1","Well Laid Plans","Cloak And Dagger+1"],"relics":["Sozu","The Specimen","MawBank","Mummified Hand","WristBlade","Bag of Marbles","Shovel","Toxic Egg 2","Ancient Tea Set","Orrery","WingedGreaves","Pen Nib","DollysMirror","Bronze Scales"],"potions_floor_usage":[],"damage_taken":[{"damage":0,"enemies":"Cultist","floor":1,"turns":6},{"damage":0,"enemies":"Small Slimes","floor":2,"turns":3},{"damage":0,"enemies":"Jaw Worm","floor":3,"turns":3},{"damage":0,"enemies":"2 Fungi Beasts","floor":5,"turns":4},{"damage":30,"enemies":"Gremlin Nob","floor":7,"turns":5},{"damage":0,"enemies":"Looter","floor":8,"turns":3},{"damage":23,"enemies":"3 Sentries","floor":10,"turns":8},{"damage":2,"enemies":"3 Louse","floor":12,"turns":3},{"damage":20,"enemies":"Slime Boss","floor":16,"turns":13},{"damage":2,"enemies":"Shell Parasite","floor":18,"turns":5},{"damage":0,"enemies":"2 Thieves","floor":19,"turns":4},{"damage":6,"enemies":"Snecko","floor":22,"turns":7},{"damage":24,"enemies":"Slavers","floor":23,"turns":4},{"damage":27,"enemies":"Book of Stabbing","floor":25,"turns":5},{"damage":5,"enemies":"Centurion and Healer","floor":28,"turns":5},{"damage":0,"enemies":"3 Cultists","floor":30,"turns":5},{"damage":20,"enemies":"Gremlin Leader","floor":31,"turns":6},{"damage":37,"enemies":"Champ","floor":33,"turns":12},{"damage":0,"enemies":"Orb Walker","floor":35,"turns":3},{"damage":0,"enemies":"Mind Bloom Boss Battle","floor":36,"turns":6},{"damage":3,"enemies":"3 Darklings","floor":38,"turns":3},{"damage":11,"enemies":"4 Shapes","floor":41,"turns":6},{"damage":36,"enemies":"Transient","floor":44,"turns":5},{"damage":36,"enemies":"Writhing Mass","floor":45,"turns":2}],"seed_played":"-6117060925492557423","potions_obtained":[],"is_trial":false,"path_per_floor":["M","M","M","?","M","R","E","M","T","E","?","M","$","?","R","B",null,"M","M","$","?","M","E","R","E","T","R","M","R","M","E","R","B",null,"M","?","$","M","?","R","M","R","T","M","M"],"character_chosen":"THE_SILENT","items_purchased":["Finesse","Cloak And Dagger","Caltrops","A Thousand Cuts","Pen Nib","DollysMirror","Well Laid Plans"],"campfire_rested":6,"item_purchase_floors":[13,13,13,20,37,37,37],"current_hp_per_floor":[70,70,70,70,70,70,40,40,40,17,17,15,15,15,36,16,57,55,55,55,70,64,40,61,34,34,55,50,70,70,50,70,33,61,61,61,61,58,58,58,47,66,66,30,0],"gold":95,"neow_bonus":"BOSS_RELIC","is_prod":false,"is_daily":false,"chose_seed":false,"campfire_upgraded":2,"win_rate":0,"timestamp":1550796268,"path_taken":["M","M","M","?","M","R","E","M","T","E","?","M","$","?","R","BOSS","M","M","$","?","M","E","R","E","T","R","M","R","M","E","R","BOSS","M","?","$","M","?","R","M","R","T","M","M"],"build_version":"2019-02-06","purchased_purges":2,"victory":false,"max_hp_per_floor":[70,70,70,70,70,70,70,70,70,70,70,70,70,70,70,70,70,70,70,70,70,70,70,70,70,70,70,70,70,70,70,70,70,70,70,70,70,70,66,66,66,66,66,66,66],"card_choices":[{"not_picked":["Sucker Punch","Dodge and Roll"],"picked":"Deadly Poison","floor":1},{"not_picked":["Acrobatics","Slice"],"picked":"Distraction","floor":2},{"not_picked":["Blur","Deflect"],"picked":"Quick Slash","floor":3},{"not_picked":["A Thousand Cuts","Choke"],"picked":"Dagger Spray","floor":5},{"not_picked":["Expertise","Heel Hook"],"picked":"Slice","floor":7},{"not_picked":["Dodge and Roll","Cloak And Dagger"],"picked":"Footwork","floor":8},{"not_picked":["Infinite Blades","Quick Slash"],"picked":"Cloak And Dagger","floor":10},{"not_picked":["Outmaneuver","Masterful Stab"],"picked":"Backstab","floor":12},{"not_picked":["Doppelganger","Burst"],"picked":"Adrenaline","floor":16},{"not_picked":["Prepared","Flechettes+1"],"picked":"Backflip+1","floor":18},{"not_picked":["Expertise+1","Quick Slash"],"picked":"Endless Agony","floor":19},{"not_picked":["Deadly Poison","Dagger Throw"],"picked":"Burst","floor":22},{"not_picked":["Bane","Finisher"],"picked":"Slice","floor":23},{"not_picked":["Endless Agony","Die Die Die"],"picked":"Footwork+1","floor":25},{"not_picked":["Backflip+1","Poisoned Stab"],"picked":"Deflect+1","floor":28},{"not_picked":["Distraction+1","Terror+1"],"picked":"Cloak And Dagger+1","floor":30},{"not_picked":["Sucker Punch","Unload","Dagger Spray"],"picked":"SKIP","floor":31},{"not_picked":["Reflex+1","Dagger Spray+1"],"picked":"Escape Plan+1","floor":34},{"not_picked":["Choke","PiercingWail+1"],"picked":"Caltrops+1","floor":34},{"not_picked":["Concentrate+1","Dodge and Roll+1"],"picked":"Prepared+1","floor":34},{"not_picked":["Bane","Eviscerate"],"picked":"Backflip+1","floor":34},{"not_picked":["PiercingWail+1","Blade Dance+1"],"picked":"Dodge and Roll+1","floor":34},{"not_picked":["Flying Knee","Underhanded Strike+1","Setup+1"],"picked":"SKIP","floor":35},{"not_picked":["Backflip+1","Dodge and Roll+1"],"picked":"Slice+1","floor":36},{"not_picked":["Terror+1","Escape Plan+1"],"picked":"Cloak And Dagger+1","floor":38},{"not_picked":["Masterful Stab","Unload","Acrobatics+1"],"picked":"SKIP","floor":41},{"not_picked":["Tactician+1","Dodge and Roll+1","Dagger Spray+1"],"picked":"SKIP","floor":44}],"player_experience":190244,"relics_obtained":[{"floor":7,"key":"The Specimen"},{"floor":9,"key":"MawBank"},{"floor":10,"key":"Mummified Hand"},{"floor":23,"key":"Bag of Marbles"},{"floor":25,"key":"Shovel"},{"floor":26,"key":"Toxic Egg 2"},{"floor":31,"key":"Ancient Tea Set"},{"floor":36,"key":"WingedGreaves"},{"floor":43,"key":"Bronze Scales"}],"event_choices":[{"cards_removed":["Strike_G"],"damage_healed":0,"gold_gain":0,"player_choice":"Card Removal","damage_taken":0,"max_hp_gain":0,"max_hp_loss":0,"event_name":"The Cleric","floor":4,"gold_loss":50},{"damage_healed":0,"gold_gain":0,"player_choice":"Fled","damage_taken":0,"max_hp_gain":0,"max_hp_loss":0,"event_name":"Scrap Ooze","floor":11,"gold_loss":0},{"damage_healed":0,"gold_gain":0,"player_choice":"Grow","damage_taken":0,"max_hp_gain":0,"max_hp_loss":0,"event_name":"Living Wall","floor":14,"gold_loss":0,"cards_upgraded":["Footwork"]},{"damage_healed":23,"gold_gain":0,"player_choice":"Heal","damage_taken":0,"max_hp_gain":0,"max_hp_loss":0,"event_name":"The Library","floor":21,"gold_loss":0},{"damage_healed":0,"gold_gain":0,"player_choice":"Fight","damage_taken":0,"max_hp_gain":0,"max_hp_loss":0,"event_name":"MindBloom","floor":36,"gold_loss":0},{"damage_healed":0,"gold_gain":0,"player_choice":"Max HP","damage_taken":0,"max_hp_gain":0,"max_hp_loss":4,"event_name":"Winding Halls","floor":39,"gold_loss":0}],"is_beta":true,"boss_relics":[{"not_picked":["Astrolabe","Busted Crown"],"picked":"WristBlade"},{"not_picked":["Eternal Feather","Pandora\u0027s Box"],"picked":"Orrery"}],"items_purged_floors":[13,20],"is_endless":false,"potions_floor_spawned":[2,7,8,10,18,19,28,30,35,41,44],"killed_by":"Writhing Mass","ascension_level":5}