{"gold_per_floor":[116,41,41,61,81,81,25,25,74,101,112,147,160,85,85,156,156,156,156,67,67,67,67,67,67,67,67,67,67,67,67,67,67,67,67,67,67,5,5,5,5,5,5,5,5,5,5,0,0,0,0,0,0,0],"floor_reached":54,"playtime":3758,"items_purged":["Strike_R"],"score":1308,"play_id":"2463cef9-2117-4b3d-895c-5086f7130ced","local_time":"20190224193315","is_ascension_mode":true,"campfire_choices":[{"data":"Whirlwind","floor":6,"key":"SMITH"},{"data":"Uppercut","floor":8,"key":"SMITH"},{"data":"Barricade","floor":15,"key":"SMITH"},{"data":"True Grit","floor":23,"key":"SMITH"},{"data":"Ghostly","floor":25,"key":"SMITH"},{"data":"Barricade","floor":28,"key":"SMITH"},{"data":"Ghostly","floor":32,"key":"SMITH"},{"data":"Ghostly","floor":40,"key":"SMITH"},{"data":"Battle Trance","floor":46,"key":"SMITH"},{"floor":49,"key":"RECALL"},{"data":"Impervious","floor":52,"key":"SMITH"}],"neow_cost":"TEN_PERCENT_HP_LOSS","seed_source_timestamp":7559104743868,"circlet_count":0,"master_deck":["AscendersBane","Strike_R","Defend_R","Defend_R","Defend_R","Defend_R","Bash","Barricade+1","Feel No Pain","Whirlwind+1","Uppercut+1","Warcry","Shrug It Off","Shockwave","Body Slam","True Grit+1","Barricade+1","Shrug It Off","Infernal Blade","Headbutt","Feel No Pain","Ghostly+1","Ghostly+1","Ghostly+1","Shockwave","Limit Break","Flame Barrier","Impervious+1","Disarm","Battle Trance+1","Parasite"],"relics":["Burning Blood","Orichalcum","Odd Mushroom","Nunchaku","Ectoplasm","Art of War","Juzu Bracelet","Oddly Smooth Stone","Velvet Choker","Frozen Egg 2","Lantern","Red Mask"],"potions_floor_usage":[16,33,44],"damage_taken":[{"damage":10,"enemies":"Small Slimes","floor":1,"turns":3},{"damage":4,"enemies":"2 Louse","floor":4,"turns":3},{"damage":16,"enemies":"Jaw Worm","floor":5,"turns":5},{"damage":10,"enemies":"The Mushroom Lair","floor":10,"turns":3},{"damage":5,"enemies":"Looter","floor":11,"turns":3},{"damage":4,"enemies":"Gremlin Nob","floor":12,"turns":4},{"damage":0,"enemies":"Blue Slaver","floor":13,"turns":3},{"damage":17,"enemies":"The Guardian","floor":16,"turns":13},{"damage":0,"enemies":"3 Byrds","floor":18,"turns":4},{"damage":0,"enemies":"Spheric Guardian","floor":22,"turns":7},{"damage":2,"enemies":"Snecko","floor":24,"turns":8},{"damage":18,"enemies":"Gremlin Leader","floor":27,"turns":11},{"damage":17,"enemies":"Slavers","floor":29,"turns":9},{"damage":0,"enemies":"Centurion and Healer","floor":30,"turns":8},{"damage":0,"enemies":"3 Cultists","floor":31,"turns":3},{"damage":7,"enemies":"Champ","floor":33,"turns":8},{"damage":11,"enemies":"Orb Walker","floor":35,"turns":4},{"damage":0,"enemies":"3 Shapes","floor":39,"turns":8},{"damage":1,"enemies":"3 Darklings","floor":41,"turns":3},{"damage":8,"enemies":"Nemesis","floor":42,"turns":11},{"damage":0,"enemies":"Spire Growth","floor":44,"turns":6},{"damage":4,"enemies":"Writhing Mass","floor":45,"turns":9},{"damage":7,"enemies":"4 Shapes","floor":47,"turns":8},{"damage":5,"enemies":"Donu and Deca","floor":50,"turns":12},{"damage":71,"enemies":"Shield and Spear","floor":54,"turns":12}],"seed_played":"-1367031715467124513","potions_obtained":[{"floor":1,"key":"SmokeBomb"},{"floor":5,"key":"Dexterity Potion"},{"floor":10,"key":"PowerPotion"},{"floor":22,"key":"Fire Potion"},{"floor":24,"key":"Strength Potion"},{"floor":31,"key":"FairyPotion"},{"floor":42,"key":"Poison Potion"}],"is_trial":false,"path_per_floor":["M","?","?","M","M","R","$","R","T","?","M","E","M","$","R","B",null,"M","?","$","?","M","R","M","R","T","E","R","E","M","M","R","B",null,"M","?","?","?","M","R","M","E","T","M","M","R","M","?","R","B",null,"R","$","E"],"character_chosen":"IRONCLAD","items_purchased":["Warcry","Feel No Pain"],"campfire_rested":0,"item_purchase_floors":[7,20],"current_hp_per_floor":[64,64,64,66,56,56,56,56,56,52,53,55,61,61,61,50,64,68,68,68,34,34,34,34,34,34,22,22,11,17,23,23,22,31,26,26,26,26,32,32,32,30,30,32,32,32,31,31,31,32,32,32,32,0],"gold":0,"neow_bonus":"THREE_RARE_CARDS","is_prod":false,"is_daily":false,"chose_seed":false,"campfire_upgraded":10,"win_rate":0,"timestamp":1551054795,"path_taken":["M","?","?","M","M","R","$","R","T","?","?","E","M","$","R","BOSS","M","?","$","?","M","R","M","R","T","E","R","E","M","M","R","BOSS","M","?","?","?","M","R","M","E","T","M","M","R","M","?","R","BOSS","R","$","E"],"build_version":"2019-01-23","purchased_purges":1,"victory":false,"max_hp_per_floor":[68,68,68,68,68,68,68,68,68,68,68,68,68,68,68,68,68,68,68,68,34,34,34,34,34,34,34,34,34,34,34,34,34,34,34,34,32,32,32,32,32,32,32,32,32,32,32,32,32,32,32,32,32,32],"card_choices":[{"not_picked":["Exhume","Demon Form"],"picked":"Barricade","floor":0},{"not_picked":["Burning Pact","Anger"],"picked":"Feel No Pain","floor":1},{"not_picked":["Pommel Strike","Rage"],"picked":"Whirlwind","floor":4},{"not_picked":["Armaments","Blood for Blood"],"picked":"Uppercut","floor":5},{"not_picked":["Heavy Blade","Fiend Fire"],"picked":"Shrug It Off","floor":10},{"not_picked":["Rage","Armaments"],"picked":"Shockwave","floor":11},{"not_picked":["Shrug It Off","Thunderclap"],"picked":"Body Slam","floor":12},{"not_picked":["Headbutt","Evolve"],"picked":"True Grit","floor":13},{"not_picked":["Berserk","Demon Form"],"picked":"Barricade","floor":16},{"not_picked":["Iron Wave","Rampage"],"picked":"Shrug It Off","floor":18},{"not_picked":["Clash","Sentinel","Clothesline+1"],"picked":"SKIP","floor":22},{"not_picked":["Sever Soul","Flex"],"picked":"Shockwave","floor":24},{"not_picked":["Headbutt","Clash","Cleave+1"],"picked":"SKIP","floor":27},{"not_picked":["Barricade","Iron Wave"],"picked":"Limit Break","floor":29},{"not_picked":["Infernal Blade+1","Heavy Blade"],"picked":"Flame Barrier","floor":30},{"not_picked":["Clothesline+1","Sever Soul","Thunderclap"],"picked":"SKIP","floor":31},{"not_picked":["Dark Embrace","Limit Break"],"picked":"Impervious","floor":33},{"not_picked":["Armaments","Thunderclap"],"picked":"Metallicize","floor":35},{"not_picked":["Wild Strike","Sword Boomerang"],"picked":"Disarm","floor":39},{"not_picked":["Pommel Strike","Ghostly Armor+1","Warcry"],"picked":"SKIP","floor":41},{"not_picked":["Flex","Headbutt","Brutality+1"],"picked":"SKIP","floor":42},{"not_picked":["Anger+1","Heavy Blade"],"picked":"Battle Trance","floor":44},{"not_picked":["Armaments+1","Whirlwind","Battle Trance"],"picked":"SKIP","floor":45},{"not_picked":["Havoc","Pommel Strike","Thunderclap+1"],"picked":"SKIP","floor":47}],"player_experience":543578,"relics_obtained":[{"floor":9,"key":"Orichalcum"},{"floor":10,"key":"Odd Mushroom"},{"floor":12,"key":"Nunchaku"},{"floor":26,"key":"Art of War"},{"floor":27,"key":"Juzu Bracelet"},{"floor":29,"key":"Oddly Smooth Stone"},{"floor":42,"key":"Lantern"}],"event_choices":[{"cards_removed":["Strike_R"],"damage_healed":0,"gold_gain":0,"player_choice":"Card Removal","damage_taken":0,"max_hp_gain":0,"max_hp_loss":0,"event_name":"The Cleric","floor":2,"gold_loss":75},{"damage_healed":0,"gold_gain":0,"player_choice":"Ignored","damage_taken":0,"max_hp_gain":0,"max_hp_loss":0,"event_name":"Liars Game","floor":3,"gold_loss":0},{"damage_healed":0,"gold_gain":0,"player_choice":"Fought Mushrooms","damage_taken":0,"max_hp_gain":0,"max_hp_loss":0,"event_name":"Mushrooms","floor":10,"gold_loss":0},{"damage_healed":0,"gold_gain":0,"cards_transformed":["Strike_R","Strike_R"],"player_choice":"Became Test Subject","damage_taken":0,"max_hp_gain":0,"max_hp_loss":0,"event_name":"Drug Dealer","floor":19,"gold_loss":0,"cards_obtained":["Infernal Blade","Headbutt"]},{"damage_healed":0,"gold_gain":0,"player_choice":"Became a Ghost","damage_taken":0,"max_hp_gain":0,"max_hp_loss":34,"event_name":"Ghosts","floor":21,"gold_loss":0,"cards_obtained":["Ghostly","Ghostly","Ghostly"]},{"cards_removed":["Metallicize"],"damage_healed":0,"gold_gain":0,"player_choice":"Removed Power","damage_taken":0,"max_hp_gain":0,"max_hp_loss":0,"event_name":"Falling","floor":36,"gold_loss":0},{"damage_healed":0,"gold_gain":0,"player_choice":"Max HP","damage_taken":0,"max_hp_gain":0,"max_hp_loss":2,"event_name":"Winding Halls","floor":37,"gold_loss":0},{"damage_healed":0,"gold_gain":0,"player_choice":"Paid Gold","damage_taken":0,"relics_obtained":["Frozen Egg 2"],"max_hp_gain":0,"max_hp_loss":0,"event_name":"WeMeetAgain","floor":38,"gold_loss":62},{"damage_healed":0,"gold_gain":0,"player_choice":"Paid","damage_taken":0,"relics_obtained":["Red Mask"],"max_hp_gain":0,"max_hp_loss":0,"event_name":"Tomb of Lord Red Mask","floor":48,"gold_loss":5}],"is_beta":false,"boss_relics":[{"not_picked":["Eternal Feather","Tiny House"],"picked":"Ectoplasm"},{"not_picked":["Pandora\u0027s Box","Empty Cage"],"picked":"Velvet Choker"}],"items_purged_floors":[14],"is_endless":false,"potions_floor_spawned":[1,5,10,22,24,31,42],"killed_by":"Shield and Spear","ascension_level":17}