{"gold_per_floor":[118,118,134,84,84,99,99,127,187,216,228],"floor_reached":11,"playtime":1731,"items_purged":[],"score":88,"play_id":"a0fedc34-f550-41a2-8933-975039b3c3b6","local_time":"20190221192406","is_ascension_mode":true,"campfire_choices":[{"data":"Heavy Blade","floor":7,"key":"SMITH"}],"neow_cost":"NONE","seed_source_timestamp":568239461027349,"circlet_count":0,"master_deck":["Strike_R","Strike_R","Strike_R","Defend_R","Defend_R","Defend_R","Defend_R","Bash+1","Flex","Heavy Blade+1","Armaments","Headbutt"],"relics":["Burning Blood","MawBank","Pen Nib"],"potions_floor_usage":[8,11,11],"damage_taken":[{"damage":1,"enemies":"Jaw Worm","floor":1,"turns":6},{"damage":13,"enemies":"2 Louse","floor":3,"turns":3},{"damage":0,"enemies":"Cultist","floor":6,"turns":2},{"damage":40,"enemies":"Lagavulin","floor":8,"turns":6},{"damage":30,"enemies":"Gremlin Gang","floor":10,"turns":5},{"damage":26,"enemies":"Gremlin Nob","floor":11,"turns":3}],"seed_played":"-5578389824719422133","potions_obtained":[{"floor":1,"key":"Swift Potion"},{"floor":3,"key":"Poison Potion"},{"floor":8,"key":"SpeedPotion"},{"floor":10,"key":"Dexterity Potion"}],"is_trial":false,"path_per_floor":["M","?","M","?","?","M","R","E","T","M","E"],"character_chosen":"IRONCLAD","items_purchased":[],"campfire_rested":0,"item_purchase_floors":[],"current_hp_per_floor":[80,85,78,78,78,84,84,50,50,26,0],"gold":228,"neow_bonus":"REMOVE_CARD","is_prod":false,"is_daily":false,"chose_seed":false,"campfire_upgraded":1,"win_rate":0,"timestamp":1550773446,"path_taken":["M","?","M","?","?","M","R","E","T","M","E"],"build_version":"2019-01-23","purchased_purges":0,"victory":false,"max_hp_per_floor":[80,85,85,85,85,85,85,85,85,85,85],"card_choices":[{"not_picked":["Dropkick","Iron Wave"],"picked":"Flex","floor":1},{"not_picked":["Shrug It Off","Thunderclap","Sever Soul"],"picked":"SKIP","floor":3},{"not_picked":["Clash","Sword Boomerang"],"picked":"Heavy Blade","floor":6},{"not_picked":["Intimidate","Headbutt"],"picked":"Armaments","floor":8},{"not_picked":["Armaments","Shrug It Off"],"picked":"Headbutt","floor":10}],"player_experience":322226,"relics_obtained":[{"floor":8,"key":"MawBank"},{"floor":9,"key":"Pen Nib"}],"event_choices":[{"damage_healed":0,"gold_gain":0,"player_choice":"Donut","damage_taken":0,"max_hp_gain":5,"max_hp_loss":0,"event_name":"Big Fish","floor":2,"gold_loss":0},{"cards_removed":["Strike_R"],"damage_healed":0,"gold_gain":0,"player_choice":"Card Removal","damage_taken":0,"max_hp_gain":0,"max_hp_loss":0,"event_name":"The Cleric","floor":4,"gold_loss":50},{"damage_healed":0,"gold_gain":0,"player_choice":"Forge","damage_taken":0,"max_hp_gain":0,"max_hp_loss":0,"event_name":"Accursed Blacksmith","floor":5,"gold_loss":0,"cards_upgraded":["Bash"]}],"is_beta":false,"boss_relics":[],"items_purged_floors":[],"is_endless":false,"potions_floor_spawned":[1,3,8,10],"killed_by":"Gremlin Nob","ascension_level":4}