{"gold_per_floor":[212,212,237,0,0,0,33,33,33,33,33,49,49,69,69,158,158,173,189,213,213,138,176,176,220,220,220,220],"floor_reached":28,"playtime":1912,"items_purged":["Strike_R"],"score":625,"play_id":"3ae9cf35-e9ad-46b0-80df-891dd31b9b55","local_time":"20190223231820","is_ascension_mode":true,"campfire_choices":[{"floor":6,"key":"REST"},{"data":"Body Slam","floor":8,"key":"SMITH"},{"data":"Bash","floor":11,"key":"SMITH"},{"data":"Wild Strike","floor":13,"key":"SMITH"},{"data":"Fiend Fire","floor":15,"key":"SMITH"},{"data":"True Grit","floor":24,"key":"SMITH"},{"data":"Disarm","floor":27,"key":"SMITH"}],"neow_cost":"NONE","seed_source_timestamp":86431430608297,"circlet_count":0,"master_deck":["AscendersBane","Strike_R","Strike_R","Defend_R","Defend_R","Defend_R","Defend_R","Bash+1","Iron Wave","Anger","Body Slam+1","Wild Strike+1","Fiend Fire+1","Impervious","Dual Wield","True Grit+1","True Grit","Ghostly","Ghostly","Ghostly","Battle Trance","Disarm+1"],"relics":["Burning Blood","Golden Idol","Happy Flower","Potion Belt","FossilizedHelix","Runic Pyramid","Molten Egg 2","Pantograph","Pear"],"potions_floor_usage":[19,23],"damage_taken":[{"damage":9,"enemies":"Jaw Worm","floor":1,"turns":5},{"damage":10,"enemies":"Small Slimes","floor":3,"turns":3},{"damage":27,"enemies":"Gremlin Nob","floor":7,"turns":4},{"damage":0,"enemies":"2 Louse","floor":12,"turns":3},{"damage":3,"enemies":"Blue Slaver","floor":14,"turns":3},{"damage":0,"enemies":"Slime Boss","floor":16,"turns":6},{"damage":11,"enemies":"2 Thieves","floor":18,"turns":4},{"damage":0,"enemies":"Spheric Guardian","floor":19,"turns":2},{"damage":0,"enemies":"Chosen and Byrds","floor":20,"turns":6},{"damage":8,"enemies":"Gremlin Leader","floor":23,"turns":3},{"damage":0,"enemies":"Book of Stabbing","floor":25,"turns":5},{"damage":2,"enemies":"Colosseum Slavers","floor":28,"turns":6},{"damage":11,"enemies":"Colosseum Nobs","floor":28,"turns":8}],"seed_played":"-121801270312804625","potions_obtained":[{"floor":3,"key":"Swift Potion"},{"floor":12,"key":"Weak Potion"},{"floor":16,"key":"Explosive Potion"},{"floor":19,"key":"Regen Potion"},{"floor":20,"key":"Swift Potion"}],"is_trial":false,"path_per_floor":["M","?","M","$","?","R","E","R","T","?","R","M","R","M","R","B",null,"M","M","M","?","?","E","R","E","T","R","?"],"character_chosen":"IRONCLAD","items_purchased":["Happy Flower"],"campfire_rested":1,"item_purchase_floors":[4],"current_hp_per_floor":[65,39,35,35,35,57,36,36,36,29,29,35,35,38,38,44,67,62,68,74,37,37,35,35,37,47,47,36],"gold":220,"neow_bonus":"HUNDRED_GOLD","is_prod":false,"is_daily":false,"chose_seed":false,"campfire_upgraded":6,"win_rate":0,"timestamp":1550992700,"path_taken":["M","?","M","$","?","R","E","R","T","?","R","M","R","M","R","BOSS","M","M","M","?","?","E","R","E","T","R","?"],"build_version":"2019-01-23","purchased_purges":1,"victory":false,"max_hp_per_floor":[75,75,75,75,75,75,75,75,75,75,75,75,75,75,75,75,75,75,75,75,37,37,37,37,37,47,47,47],"card_choices":[{"not_picked":["Combust","Body Slam"],"picked":"Iron Wave","floor":1},{"not_picked":["Evolve","True Grit"],"picked":"Anger","floor":3},{"not_picked":["Sentinel","Sword Boomerang"],"picked":"Body Slam","floor":7},{"not_picked":["Reckless Charge","Perfected Strike"],"picked":"Wild Strike","floor":12},{"not_picked":["Thunderclap","Sword Boomerang"],"picked":"Fiend Fire","floor":14},{"not_picked":["Limit Break","Berserk"],"picked":"Impervious","floor":16},{"not_picked":["Clothesline","Infernal Blade"],"picked":"Dual Wield","floor":18},{"not_picked":["Twin Strike+1","Thunderclap"],"picked":"True Grit","floor":19},{"not_picked":["Perfected Strike","Shrug It Off"],"picked":"True Grit","floor":20},{"not_picked":["Perfected Strike","Clothesline"],"picked":"Battle Trance","floor":23},{"not_picked":["Warcry","Uppercut+1"],"picked":"Disarm","floor":25}],"player_experience":861249,"relics_obtained":[{"floor":7,"key":"Potion Belt"},{"floor":9,"key":"FossilizedHelix"},{"floor":23,"key":"Molten Egg 2"},{"floor":25,"key":"Pantograph"},{"floor":26,"key":"Pear"}],"event_choices":[{"damage_healed":0,"gold_gain":0,"player_choice":"Take Damage","damage_taken":26,"relics_obtained":["Golden Idol"],"max_hp_gain":0,"max_hp_loss":0,"event_name":"Golden Idol","floor":2,"gold_loss":0},{"damage_healed":0,"gold_gain":0,"player_choice":"Leave","damage_taken":0,"max_hp_gain":0,"max_hp_loss":0,"event_name":"The Cleric","floor":5,"gold_loss":0},{"cards_removed":["Strike_R"],"damage_healed":0,"gold_gain":0,"player_choice":"Card Removal","damage_taken":7,"max_hp_gain":0,"max_hp_loss":0,"event_name":"Golden Wing","floor":10,"gold_loss":0},{"damage_healed":0,"gold_gain":0,"player_choice":"Became a Ghost","damage_taken":0,"max_hp_gain":0,"max_hp_loss":38,"event_name":"Ghosts","floor":21,"gold_loss":0,"cards_obtained":["Ghostly","Ghostly","Ghostly"]},{"cards_removed":["Strike_R"],"damage_healed":0,"gold_gain":0,"player_choice":"Gave Gold","damage_taken":0,"max_hp_gain":0,"max_hp_loss":0,"event_name":"Beggar","floor":22,"gold_loss":75},{"damage_healed":0,"gold_gain":0,"player_choice":"Fight","damage_taken":0,"max_hp_gain":0,"max_hp_loss":0,"event_name":"Colosseum","floor":28,"gold_loss":0},{"damage_healed":0,"gold_gain":0,"player_choice":"Fought Nobs","damage_taken":0,"max_hp_gain":0,"max_hp_loss":0,"event_name":"Colosseum","floor":28,"gold_loss":0}],"is_beta":false,"boss_relics":[{"not_picked":["Cursed Key","Tiny House"],"picked":"Runic Pyramid"}],"items_purged_floors":[4],"is_endless":false,"potions_floor_spawned":[3,12,16,19,20],"killed_by":"Colosseum Nobs","ascension_level":18}