{"gold_per_floor":[112,112,37,55,79,79,119,133,158,158,182,182,182,218,218,341,341,359,377,400,325,102,102,126,126,126,140,160,160,180,15,15,141,141,159,284,284,125,125,125,145,164,214,16,16,16,30,30,30,30],"floor_reached":51,"playtime":3164,"items_purged":["Strike_G","Strike_G","Strike_G","Parasite"],"score":925,"play_id":"e4a0e042-9f4d-44b5-9d5a-e91ae8f9e184","local_time":"20190224130113","is_ascension_mode":true,"campfire_choices":[{"floor":6,"key":"REST"},{"floor":15,"key":"REST"},{"floor":23,"key":"REST"},{"data":"Cloak And Dagger","floor":25,"key":"SMITH"},{"floor":29,"key":"REST"},{"floor":32,"key":"REST"},{"floor":40,"key":"REST"},{"data":"After Image","floor":46,"key":"SMITH"},{"data":"Adrenaline","floor":49,"key":"SMITH"}],"neow_cost":"NONE","seed_source_timestamp":3515605468402390,"circlet_count":0,"master_deck":["Defend_G","Defend_G","Defend_G","Defend_G","Defend_G","Strike_G","Survivor","Neutralize+1","Finisher","Leg Sweep","Slice","Dodge and Roll","Flying Knee","Sucker Punch","Blade Dance","Wraith Form v2","Cloak And Dagger+1","Cloak And Dagger+1","PiercingWail","Blade Dance","Cloak And Dagger","Predator","Prepared+1","Dagger Spray+1","Blade Dance","After Image+1","Quick Slash","Accuracy+1","Adrenaline","Infinite Blades","Backstab","Dagger Spray+1","Backflip","Backstab+1","Cloak And Dagger","Terror","Swift Strike","Infinite Blades","Adrenaline+1"],"relics":["Ring of the Snake","Golden Idol","Dream Catcher","Pen Nib","Bronze Scales","WristBlade","Peace Pipe","Orrery","Pocketwatch","Juzu Bracelet"],"potions_floor_usage":[14,16,19,20,24,30,42,50,50,50,50,50,50],"damage_taken":[{"damage":0,"enemies":"Small Slimes","floor":1,"turns":3},{"damage":0,"enemies":"2 Louse","floor":4,"turns":3},{"damage":2,"enemies":"Cultist","floor":5,"turns":4},{"damage":19,"enemies":"3 Sentries","floor":7,"turns":12},{"damage":15,"enemies":"Exordium Thugs","floor":8,"turns":13},{"damage":2,"enemies":"Looter","floor":11,"turns":4},{"damage":7,"enemies":"Lagavulin","floor":14,"turns":5},{"damage":48,"enemies":"Hexaghost","floor":16,"turns":16},{"damage":8,"enemies":"3 Byrds","floor":18,"turns":4},{"damage":14,"enemies":"Shell Parasite","floor":19,"turns":4},{"damage":7,"enemies":"Centurion and Healer","floor":20,"turns":9},{"damage":15,"enemies":"Snake Plant","floor":24,"turns":5},{"damage":1,"enemies":"Chosen and Byrds","floor":27,"turns":6},{"damage":18,"enemies":"Cultist and Chosen","floor":28,"turns":8},{"damage":9,"enemies":"3 Cultists","floor":30,"turns":5},{"damage":59,"enemies":"Automaton","floor":33,"turns":11},{"damage":18,"enemies":"Orb Walker","floor":35,"turns":5},{"damage":2,"enemies":"Mind Bloom Boss Battle","floor":36,"turns":7},{"damage":7,"enemies":"3 Shapes","floor":41,"turns":4},{"damage":17,"enemies":"Writhing Mass","floor":42,"turns":5},{"damage":2,"enemies":"Sphere and 2 Shapes","floor":47,"turns":6},{"damage":60,"enemies":"Donu and Deca","floor":50,"turns":10}],"seed_played":"455239550685344280","potions_obtained":[{"floor":8,"key":"Swift Potion"},{"floor":11,"key":"FearPotion"},{"floor":16,"key":"Swift Potion"},{"floor":19,"key":"Regen Potion"},{"floor":28,"key":"AttackPotion"},{"floor":41,"key":"Ancient Potion"},{"floor":47,"key":"SpeedPotion"},{"floor":48,"key":"GhostInAJar"},{"floor":48,"key":"EntropicBrew"}],"is_trial":false,"path_per_floor":["M","?","$","M","M","R","E","M","T","?","M","?","?","E","R","B",null,"M","M","M","?","$","R","M","R","T","M","M","R","M","$","R","B",null,"M","?","?","$","?","R","M","M","T","$","?","R","M","?","R","B",null],"character_chosen":"THE_SILENT","items_purchased":["Fruit Juice","Blade Dance","After Image","Quick Slash","Terror","SpeedPotion"],"campfire_rested":6,"item_purchase_floors":[22,22,31,31,38,44],"current_hp_per_floor":[63,46,46,46,44,65,46,31,31,54,52,52,52,45,66,18,57,49,35,43,43,43,64,54,54,54,53,35,57,48,48,70,11,59,41,39,39,39,39,61,54,37,37,37,63,63,61,61,61,1],"gold":30,"neow_bonus":"UPGRADE_CARD","is_prod":false,"is_daily":false,"chose_seed":false,"campfire_upgraded":3,"win_rate":0,"timestamp":1551031273,"path_taken":["M","?","$","M","M","R","E","M","T","?","M","?","?","E","R","BOSS","M","?","M","?","$","R","M","R","T","M","M","R","M","?","R","BOSS","M","?","?","$","?","R","?","M","T","$","?","R","M","?","R","BOSS"],"build_version":"2019-02-06","purchased_purges":4,"victory":true,"max_hp_per_floor":[70,70,70,70,70,70,70,70,70,70,70,70,70,70,70,70,70,70,70,70,70,70,70,75,75,75,75,75,75,75,75,75,75,75,75,75,75,75,75,75,75,75,75,72,63,63,63,63,63,63],"card_choices":[{"not_picked":["Acrobatics","Blur"],"picked":"Finisher","floor":1},{"not_picked":["Quick Slash","Outmaneuver"],"picked":"Leg Sweep","floor":4},{"not_picked":["Underhanded Strike","Bane"],"picked":"Slice","floor":5},{"not_picked":["Phantasmal Killer","Flechettes","Escape Plan"],"picked":"SKIP","floor":7},{"not_picked":["Tactician","Slice"],"picked":"Dodge and Roll","floor":8},{"not_picked":["Quick Slash","Poisoned Stab"],"picked":"Setup","floor":11},{"not_picked":["Dodge and Roll","Eviscerate"],"picked":"Sucker Punch","floor":14},{"not_picked":["Acrobatics","Bane"],"picked":"Blade Dance","floor":15},{"not_picked":["Night Terror","Phantasmal Killer"],"picked":"Wraith Form v2","floor":16},{"not_picked":["Dagger Throw","Heel Hook"],"picked":"Cloak And Dagger","floor":18},{"not_picked":["Reflex","PiercingWail"],"picked":"Cloak And Dagger+1","floor":19},{"not_picked":["Prepared","All Out Attack"],"picked":"PiercingWail","floor":20},{"not_picked":["Dodge and Roll","Caltrops"],"picked":"Cloak And Dagger","floor":23},{"not_picked":["Heel Hook","Catalyst+1","Terror+1"],"picked":"SKIP","floor":24},{"not_picked":["Dagger Throw","Acrobatics"],"picked":"Predator","floor":27},{"not_picked":["Cloak And Dagger","Terror+1"],"picked":"Prepared+1","floor":28},{"not_picked":["Sucker Punch","Distraction"],"picked":"Dagger Spray+1","floor":29},{"not_picked":["Night Terror","Flechettes"],"picked":"Blade Dance","floor":30},{"not_picked":["Backflip","Blur"],"picked":"Accuracy+1","floor":32},{"not_picked":["Malaise","Storm of Steel"],"picked":"Adrenaline","floor":33},{"not_picked":["Setup+1","Quick Slash"],"picked":"Infinite Blades","floor":34},{"not_picked":["Slice","Concentrate+1"],"picked":"Backstab","floor":34},{"not_picked":["Poisoned Stab","Outmaneuver"],"picked":"Dagger Spray+1","floor":34},{"not_picked":["Dagger Throw","Outmaneuver+1"],"picked":"Backflip","floor":34},{"not_picked":["Quick Slash","Dagger Spray+1"],"picked":"Backstab+1","floor":35},{"not_picked":["Dodge and Roll+1","Prepared+1"],"picked":"Cloak And Dagger","floor":36},{"not_picked":["Sadistic Nature","Forethought"],"picked":"Swift Strike","floor":39},{"not_picked":["Crippling Poison+1","Bane"],"picked":"Infinite Blades","floor":40},{"not_picked":["Sucker Punch","Poisoned Stab+1","Bane+1"],"picked":"SKIP","floor":41},{"not_picked":["Deflect","Bane+1"],"picked":"Adrenaline","floor":42},{"not_picked":["Dodge and Roll+1","Setup+1","Terror"],"picked":"SKIP","floor":47}],"player_experience":232159,"relics_obtained":[{"floor":7,"key":"Dream Catcher"},{"floor":9,"key":"Pen Nib"},{"floor":14,"key":"Bronze Scales"},{"floor":26,"key":"Peace Pipe"},{"floor":36,"key":"Pocketwatch"},{"floor":43,"key":"Juzu Bracelet"}],"event_choices":[{"damage_healed":0,"gold_gain":0,"player_choice":"Take Damage","damage_taken":17,"relics_obtained":["Golden Idol"],"max_hp_gain":0,"max_hp_loss":0,"event_name":"Golden Idol","floor":2,"gold_loss":0},{"damage_healed":23,"gold_gain":0,"player_choice":"Banana","damage_taken":0,"max_hp_gain":0,"max_hp_loss":0,"event_name":"Big Fish","floor":10,"gold_loss":0},{"damage_healed":0,"gold_gain":0,"player_choice":"Ignored","damage_taken":0,"max_hp_gain":0,"max_hp_loss":0,"event_name":"Liars Game","floor":12,"gold_loss":0},{"damage_healed":0,"gold_gain":0,"cards_transformed":["Setup"],"player_choice":"Transformed","damage_taken":0,"max_hp_gain":0,"max_hp_loss":0,"event_name":"Transmorgrifier","floor":13,"gold_loss":0,"cards_obtained":["Flying Knee"]},{"cards_removed":["Strike_G"],"damage_healed":0,"gold_gain":0,"player_choice":"Gave Gold","damage_taken":0,"max_hp_gain":0,"max_hp_loss":0,"event_name":"Beggar","floor":21,"gold_loss":75},{"damage_healed":0,"gold_gain":0,"player_choice":"Fight","damage_taken":0,"max_hp_gain":0,"max_hp_loss":0,"event_name":"MindBloom","floor":36,"gold_loss":0},{"damage_healed":0,"gold_gain":0,"player_choice":"Ignored","damage_taken":0,"max_hp_gain":0,"max_hp_loss":0,"event_name":"Mysterious Sphere","floor":37,"gold_loss":0},{"damage_healed":0,"gold_gain":0,"player_choice":"Memory 1","damage_taken":0,"max_hp_gain":0,"max_hp_loss":0,"event_name":"SensoryStone","floor":39,"gold_loss":0},{"damage_healed":63,"gold_gain":0,"player_choice":"Heal","damage_taken":0,"max_hp_gain":0,"max_hp_loss":9,"event_name":"The Moai Head","floor":45,"gold_loss":0},{"damage_healed":0,"gold_gain":0,"player_choice":"Got Potions","damage_taken":0,"max_hp_gain":0,"max_hp_loss":0,"event_name":"Lab","floor":48,"gold_loss":0}],"is_beta":true,"boss_relics":[{"not_picked":["White Beast Statue","Runic Pyramid"],"picked":"WristBlade"},{"not_picked":["Velvet Choker","Ring of the Serpent"],"picked":"Orrery"}],"items_purged_floors":[3,22,38,44],"is_endless":false,"potions_floor_spawned":[8,11,16,19,28,41,47],"ascension_level":8}