{"path_per_floor":["M","M","?","$","M","R","M","R","T","M","E","?","R","E","R","B",null,"M","M","M","?","M","R","M","R","T","E","$","$","E","M","R","B",null,"M","?","?","T","$","R","E","M","T","E","R","?","M","$","R","B"],"character_chosen":"THE_SILENT","items_purchased":["Snake Skull","Block Potion","Backflip","Swift Potion"],"gold_per_floor":[116,129,229,8,27,27,40,40,96,111,138,138,138,169,169,243,243,256,269,279,279,294,294,311,311,311,342,242,23,56,71,71,147,147,161,207,207,230,31,31,60,70,151,181,181,181,192,17,17,17],"floor_reached":51,"campfire_rested":3,"playtime":6561,"current_hp_per_floor":[58,54,54,54,54,54,45,45,45,33,28,28,28,30,30,26,55,39,41,36,58,34,34,36,36,36,19,19,19,21,15,36,29,62,61,33,33,33,33,56,46,42,42,34,73,73,77,77,77,35],"items_purged":["Parasite","Strike_G","Strike_G","Strike_G","Strike_G"],"gold":17,"score":1025,"play_id":"c73aa222-3118-463d-b394-64e371c9dd3e","is_prod":false,"is_daily":false,"is_ascension_mode":true,"campfire_upgraded":7,"path_taken":["M","M","?","$","M","R","M","R","T","M","E","?","R","E","R","BOSS","M","?","M","?","?","R","M","R","T","E","?","$","E","M","R","BOSS","M","?","?","?","$","R","E","M","T","E","R","?","?","$","R","BOSS"],"build_version":"2018-02-07-BETA2","purchased_purges":6,"victory":true,"master_deck":["Defend_G","Defend_G","Defend_G","Defend_G","Survivor","Neutralize+1","Well Laid Plans","Footwork+1","Backflip","Bouncing Flask+1","Deadly Poison+1","Grand Finale+1","Prepared","Acrobatics","Reflex+1","Calculated Gamble+1","Backflip","Prepared","Backflip+1","Well Laid Plans+1"],"max_hp_per_floor":[66,66,66,63,63,63,63,63,63,63,63,63,63,65,65,65,65,65,67,67,67,67,67,69,69,69,69,69,69,71,71,71,73,73,75,77,77,77,77,77,79,81,81,81,81,81,81,81,81,81],"relics":["Velvet Choker","Snake Skull","Tiny Chest","Singing Bowl","Tingsha","Happy Flower","Black Star","Frozen Eye","Toolbox","Matryoshka","Bronze Scales","Vajra","The Specimen","Shovel","Centennial Puzzle","Oddly Smooth Stone","Darkstone Periapt","Regal Pillow","Mummified Hand","Thread and Needle","Bird Faced Urn"],"card_choices":[{"not_picked":["Crippling Poison","Cloak And Dagger"],"picked":"Well Laid Plans"},{"not_picked":["Sucker Punch","Poisoned Stab"],"picked":"Footwork"},{"not_picked":["Dagger Throw","Quick Slash"],"picked":"Backflip"},{"not_picked":["Dodge and Roll","Finisher"],"picked":"Bouncing Flask"},{"not_picked":["Riddle With Holes","Flying Knee"],"picked":"Deadly Poison"},{"not_picked":["Storm of Steel","Die Die Die"],"picked":"Grand Finale"},{"not_picked":["Poisoned Stab","Outmaneuver"],"picked":"Prepared"},{"not_picked":["Deadly Poison","All Out Attack"],"picked":"Acrobatics"},{"not_picked":["Flechettes","Poisoned Stab"],"picked":"Reflex"},{"not_picked":["Catalyst","Acrobatics"],"picked":"Calculated Gamble"},{"not_picked":["Quick Slash","Cloak And Dagger"],"picked":"Prepared"},{"not_picked":["Masterful Stab","Cloak And Dagger"],"picked":"Backflip"},{"not_picked":["Poisoned Stab","Terror"],"picked":"Well Laid Plans"}],"player_experience":756540,"potions_floor_usage":[11,20,27,27,30,30,31,47,50,50],"damage_taken":[{"damage":1,"enemies":"Cultist","floor":1,"turns":5},{"damage":4,"enemies":"Small Slimes","floor":2,"turns":5},{"damage":0,"enemies":"Jaw Worm","floor":5,"turns":6},{"damage":9,"enemies":"2 Fungi Beasts","floor":7,"turns":4},{"damage":12,"enemies":"Lots of Slimes","floor":10,"turns":4},{"damage":5,"enemies":"3 Sentries","floor":11,"turns":7},{"damage":0,"enemies":"Lagavulin","floor":14,"turns":7},{"damage":4,"enemies":"The Guardian","floor":16,"turns":7},{"damage":16,"enemies":"Spheric Guardian","floor":18,"turns":5},{"damage":0,"enemies":"Shell Parasite","floor":19,"turns":5},{"damage":5,"enemies":"Chosen and Byrds","floor":20,"turns":6},{"damage":24,"enemies":"Slaver and Parasite","floor":22,"turns":6},{"damage":0,"enemies":"Centurion and Healer","floor":24,"turns":5},{"damage":17,"enemies":"Slavers","floor":27,"turns":5},{"damage":0,"enemies":"Gremlin Leader","floor":30,"turns":5},{"damage":6,"enemies":"3 Cultists","floor":31,"turns":4},{"damage":9,"enemies":"Collector","floor":33,"turns":7},{"damage":3,"enemies":"Flame Bruiser 1 Orb","floor":35,"turns":4},{"damage":30,"enemies":"Mysterious Sphere","floor":36,"turns":4},{"damage":12,"enemies":"Giant Head","floor":41,"turns":7},{"damage":6,"enemies":"3 Shapes","floor":42,"turns":3},{"damage":8,"enemies":"Nemesis","floor":44,"turns":7},{"damage":0,"enemies":"Spire Growth","floor":47,"turns":4},{"damage":48,"enemies":"Donu and Deca","floor":50,"turns":7}],"event_choices":[{"event_name":"Golden Shrine","player_choice":"Pray","floor":3,"damage_taken":0},{"event_name":"Dead Adventurer","player_choice":"Searched \u00271\u0027 times","floor":12,"damage_taken":0},{"event_name":"The Library","player_choice":"Heal","floor":21,"damage_taken":0},{"event_name":"Mysterious Sphere","player_choice":"Fight","floor":36,"damage_taken":0},{"event_name":"Purifier","player_choice":"One Purge","floor":37,"damage_taken":0}],"boss_relics":[{"not_picked":["Tiny House","Runic Pyramid"],"picked":"Black Star"},{"not_picked":["Calling Bell","Snecko Eye"],"picked":"The Specimen"}],"potions_floor_spawned":[1,7,10,14,19,24,27,31,33,41,42],"seed_played":"7656756475030172929","ascension_level":14,"is_trial":false}