{"gold_per_floor":[215,229,81,93,43,71,71,100,100,100],"floor_reached":10,"playtime":616,"items_purged":["Strike_G"],"score":103,"play_id":"97100d4d-d8ed-4263-a9f1-d3e3fd6b6478","local_time":"20190222140616","is_ascension_mode":true,"campfire_choices":[{"floor":7,"key":"REST"}],"neow_cost":"NONE","seed_source_timestamp":3349318326072708,"circlet_count":0,"master_deck":["Defend_G","Defend_G","Defend_G","Defend_G","Defend_G","Strike_G","Strike_G","Strike_G","Survivor","Neutralize","Quick Slash","Slice","Footwork","All Out Attack","Flying Knee","Cloak And Dagger"],"relics":["Ring of the Snake","Anchor","Bottled Flame","Meat on the Bone"],"potions_floor_usage":[10],"damage_taken":[{"damage":10,"enemies":"Cultist","floor":1,"turns":6},{"damage":1,"enemies":"Small Slimes","floor":2,"turns":3},{"damage":0,"enemies":"Jaw Worm","floor":4,"turns":5},{"damage":25,"enemies":"3 Sentries","floor":6,"turns":8},{"damage":37,"enemies":"Lagavulin","floor":8,"turns":11},{"damage":17,"enemies":"Large Slime","floor":10,"turns":5}],"seed_played":"2998919976956139804","potions_obtained":[{"floor":8,"key":"AttackPotion"}],"is_trial":false,"path_per_floor":["M","M","$","M","?","E","R","E","T","M"],"character_chosen":"THE_SILENT","items_purchased":["Footwork"],"campfire_rested":1,"item_purchase_floors":[3],"current_hp_per_floor":[53,52,52,52,52,27,48,11,11,0],"gold":100,"neow_bonus":"HUNDRED_GOLD","is_prod":false,"is_daily":false,"chose_seed":false,"campfire_upgraded":0,"win_rate":0,"timestamp":1550862376,"path_taken":["M","M","$","?","?","E","R","E","T","M"],"build_version":"2019-02-06","purchased_purges":1,"victory":false,"max_hp_per_floor":[70,70,70,70,70,70,70,70,70,70],"card_choices":[{"not_picked":["Acrobatics","Flechettes"],"picked":"Quick Slash","floor":1},{"not_picked":["Deflect","Footwork"],"picked":"Slice","floor":2},{"not_picked":["Predator","Cloak And Dagger"],"picked":"All Out Attack","floor":4},{"not_picked":["Quick Slash","Eviscerate"],"picked":"Flying Knee","floor":6},{"not_picked":["Masterful Stab","Bane"],"picked":"Cloak And Dagger","floor":8}],"player_experience":209666,"relics_obtained":[{"floor":6,"key":"Anchor"},{"floor":8,"key":"Bottled Flame"},{"floor":9,"key":"Meat on the Bone"}],"event_choices":[{"cards_removed":["Strike_G"],"damage_healed":0,"gold_gain":0,"player_choice":"Card Removal","damage_taken":0,"max_hp_gain":0,"max_hp_loss":0,"event_name":"The Cleric","floor":5,"gold_loss":50}],"is_beta":true,"boss_relics":[],"items_purged_floors":[3],"is_endless":false,"potions_floor_spawned":[8],"killed_by":"Large Slime","ascension_level":7}