{"path_per_floor":["M","M","?","$","M","R","E","M","T","M","R","M","R","?","R","B",null,"M","M","?","$","M","R","M","R","T","M","R","$","M","M","R","B",null,"M","?","$","M","?","E","$","R","T","R","?","M","M","M","R","B"],"character_chosen":"DEFECT","items_purchased":["Blood Vial","Strength Potion","DataDisk","Emotion Chip","Blue Candle","Conserve Battery","Defragment","Bag of Preparation"],"gold_per_floor":[210,222,222,13,31,31,64,78,78,88,88,105,105,105,105,180,180,193,207,257,39,52,52,64,64,90,103,103,3,22,37,37,108,108,127,1126,400,410,410,441,64,64,64,64,118,138,149,164,164,164],"floor_reached":51,"campfire_rested":2,"playtime":3755,"item_purchase_floors":[4,4,21,37,37,37,41,41],"current_hp_per_floor":[60,60,65,65,60,60,46,48,48,50,50,52,52,52,52,53,70,57,59,59,59,44,66,68,68,68,69,69,69,71,69,69,58,72,74,74,74,76,76,50,50,50,50,50,52,47,48,47,69,70],"items_purged":["Strike_B","Strike_B","Normality","Strike_B"],"gold":164,"score":1261,"play_id":"3e7d6937-5406-420e-ab6a-29ace7d5f7fb","local_time":"20180618154232","is_prod":false,"is_daily":false,"chose_seed":false,"is_ascension_mode":true,"campfire_upgraded":9,"win_rate":0,"timestamp":1529361752,"campfire_choices":[{"data":"Zap","floor":6,"key":"SMITH"},{"data":"Biased Cognition","floor":11,"key":"SMITH"},{"data":"Loop","floor":13,"key":"SMITH"},{"data":"Ball Lightning","floor":15,"key":"SMITH"},{"floor":23,"key":"REST"},{"data":"Barrage","floor":25,"key":"SMITH"},{"data":"Dualcast","floor":28,"key":"SMITH"},{"data":"Loop","floor":32,"key":"SMITH"},{"data":"Defragment","floor":42,"key":"SMITH"},{"data":"Coolheaded","floor":44,"key":"SMITH"},{"floor":49,"key":"REST"}],"path_taken":["M","M","?","?","M","R","E","M","T","M","R","M","R","?","R","BOSS","M","M","?","$","M","R","M","R","T","M","R","$","M","M","R","BOSS","M","?","$","M","?","E","$","R","T","R","?","M","?","M","R","BOSS"],"build_version":"2018-06-14v2","seed_source_timestamp":1049485344817043,"purchased_purges":4,"victory":true,"master_deck":["Defend_B","Defend_B","Defend_B","Defend_B","Zap+1","Dualcast+1","AscendersBane","Glacier","Hologram","Ball Lightning+1","Biased Cognition+1","Coolheaded+1","Compile Driver","Loop+1","Rainbow","Steam","BootSequence","Glacier","Cold Snap","Barrage+1","Loop+1","Reboot","Cold Snap","Normality","Conserve Battery","Defragment+1","Glacier","Hologram+1","Capacitor+1"],"max_hp_per_floor":[71,71,76,76,76,76,76,76,76,76,76,76,76,76,76,76,76,76,76,76,76,76,76,76,76,76,76,76,76,76,76,76,76,76,76,76,76,76,76,76,76,76,76,76,76,76,76,76,76,76],"relics":["Cracked Core","Blood Vial","Dream Catcher","Anchor","Inserter","DataDisk","Potion Belt","Sozu","Emotion Chip","Blue Candle","Matryoshka","Bag of Preparation","Molten Egg 2","Mummified Hand","Du-Vu Doll"],"card_choices":[{"not_picked":["Stack","Coolheaded"],"picked":"Glacier","floor":1},{"not_picked":["Sweeping Beam","Chill"],"picked":"Hologram","floor":2},{"not_picked":["Beam Cell","Chaos"],"picked":"Ball Lightning","floor":5},{"not_picked":["Reinforced Body","Hologram"],"picked":"Biased Cognition","floor":7},{"not_picked":["Rip and Tear","Stack"],"picked":"Coolheaded","floor":8},{"not_picked":["Turbo","Sweeping Beam"],"picked":"Compile Driver","floor":10},{"not_picked":["Streamline","Sweeping Beam"],"picked":"Loop","floor":12},{"not_picked":["Buffer","Reboot"],"picked":"Rainbow","floor":16},{"not_picked":["Sweeping Beam","Beam Cell"],"picked":"Steam","floor":18},{"not_picked":["Beam Cell","Coolheaded"],"picked":"BootSequence","floor":19},{"not_picked":["Force Field","Sweeping Beam+1"],"picked":"Glacier","floor":22},{"not_picked":["Sweeping Beam","Skim"],"picked":"Cold Snap","floor":23},{"not_picked":["BootSequence","Hologram"],"picked":"Barrage","floor":24},{"not_picked":["Streamline","Sweeping Beam","Rebound"],"picked":"SKIP","floor":27},{"not_picked":["Genetic Algorithm","Doom and Gloom+1"],"picked":"Loop","floor":30},{"not_picked":["Ball Lightning","Turbo","Scrape"],"picked":"SKIP","floor":31},{"not_picked":["Amplify","Thunder Strike"],"picked":"Reboot","floor":33},{"not_picked":["Beam Cell","Streamline"],"picked":"Cold Snap","floor":35},{"not_picked":["Sweeping Beam+1","Cold Snap","Ball Lightning"],"picked":"SKIP","floor":38},{"not_picked":["Aggregate+1","Doom and Gloom","Compile Driver"],"picked":"SKIP","floor":40},{"not_picked":["Sunder+1","Streamline+1"],"picked":"Glacier","floor":45},{"not_picked":["Rebound+1","Blizzard+1"],"picked":"Hologram+1","floor":46},{"not_picked":["Ball Lightning+1","Melter+1"],"picked":"Capacitor+1","floor":47},{"not_picked":["Rebound+1","Rip and Tear+1","Turbo"],"picked":"SKIP","floor":48}],"player_experience":1936127,"potions_floor_usage":[7,8,33],"damage_taken":[{"damage":4,"enemies":"Jaw Worm","floor":1,"turns":3},{"damage":0,"enemies":"2 Louse","floor":2,"turns":3},{"damage":7,"enemies":"Small Slimes","floor":5,"turns":3},{"damage":16,"enemies":"Gremlin Nob","floor":7,"turns":5},{"damage":0,"enemies":"Gremlin Gang","floor":8,"turns":3},{"damage":0,"enemies":"2 Fungi Beasts","floor":10,"turns":3},{"damage":0,"enemies":"Large Slime","floor":12,"turns":3},{"damage":1,"enemies":"The Guardian","floor":16,"turns":8},{"damage":15,"enemies":"Chosen","floor":18,"turns":5},{"damage":0,"enemies":"Spheric Guardian","floor":19,"turns":4},{"damage":17,"enemies":"3 Cultists","floor":22,"turns":5},{"damage":0,"enemies":"Centurion and Healer","floor":24,"turns":7},{"damage":1,"enemies":"Slaver and Parasite","floor":27,"turns":6},{"damage":0,"enemies":"Snake Plant","floor":30,"turns":3},{"damage":4,"enemies":"Cultist and Chosen","floor":31,"turns":5},{"damage":13,"enemies":"Collector","floor":33,"turns":8},{"damage":0,"enemies":"3 Darklings","floor":35,"turns":8},{"damage":0,"enemies":"3 Shapes","floor":38,"turns":7},{"damage":26,"enemies":"Giant Head","floor":40,"turns":9},{"damage":0,"floor":45,"turns":3},{"damage":7,"enemies":"Maw","floor":46,"turns":5},{"damage":1,"enemies":"Sphere and 2 Shapes","floor":47,"turns":4},{"damage":3,"enemies":"Flame Bruiser 2 Orb","floor":48,"turns":4},{"damage":1,"enemies":"Time Eater","floor":50,"turns":19}],"relics_obtained":[{"floor":7,"key":"Dream Catcher"},{"floor":9,"key":"Anchor"},{"floor":26,"key":"Potion Belt"},{"floor":40,"key":"Matryoshka"},{"floor":43,"key":"Molten Egg 2"},{"floor":43,"key":"Mummified Hand"},{"floor":45,"key":"Du-Vu Doll"}],"event_choices":[{"event_name":"Big Fish","player_choice":"Donut","floor":3,"damage_taken":0},{"event_name":"Bonfire Elementals","player_choice":"BASIC","floor":14,"damage_taken":0},{"event_name":"Nest","player_choice":"Stole From Cult","floor":20,"damage_taken":0},{"event_name":"MindBloom","player_choice":"Gold","floor":36,"damage_taken":0},{"event_name":"The Lab","player_choice":"Got Potions","floor":39,"damage_taken":0},{"event_name":"Mysterious Sphere","player_choice":"Fight","floor":45,"damage_taken":0}],"boss_relics":[{"not_picked":["Velvet Choker","Empty Cage"],"picked":"Inserter"},{"not_picked":["Orrery","Eternal Feather"],"picked":"Sozu"}],"items_purged_floors":[21,29,37,41],"is_endless":false,"potions_floor_spawned":[1,5,7,22,24,33,45,47,48],"seed_played":"-1431459329449920293","ascension_level":15,"potions_obtained":[{"floor":1,"key":"Energy Potion"},{"floor":5,"key":"Dexterity Potion"},{"floor":7,"key":"Swift Potion"},{"floor":22,"key":"FairyPotion"},{"floor":33,"key":"Energy Potion"}],"is_trial":false}