{"path_per_floor":["M","?","M","?","M","E","R","M","T","R","M","$","R","M","R","B",null,"M","M","M","M","M","R","$","M","T","R","M","R","M","E","R","B",null,"M","?","M","M","M","R","M","?","T","M","?","R","M","?","R","B"],"character_chosen":"THE_SILENT","items_purchased":["Weak Potion","Regen Potion"],"gold_per_floor":[110,110,120,120,140,168,168,178,178,178,197,74,74,86,86,159,159,159,159,159,159,159,159,7,7,7,7,7,7,7,7,7,7,7,7,0,0,0,0,0,0,0,0,0,0,0,0,0,0,0],"floor_reached":51,"campfire_rested":2,"playtime":5461,"current_hp_per_floor":[59,64,64,61,58,36,36,36,36,36,32,32,32,27,27,19,54,53,53,53,45,39,39,39,51,51,51,51,51,37,6,25,13,52,43,43,43,43,33,52,51,65,65,65,65,65,65,65,65,65],"items_purged":["Strike_G","Strike_G"],"gold":0,"score":787,"play_id":"b5b53c31-7a83-4bea-867f-a77925f622cc","is_prod":false,"is_daily":false,"is_ascension_mode":true,"campfire_upgraded":9,"path_taken":["M","?","M","?","M","E","R","?","T","R","M","$","R","M","R","BOSS","M","M","?","?","M","R","$","M","T","R","M","R","M","E","R","BOSS","M","?","M","M","M","R","M","?","T","M","?","R","?","?","R","BOSS"],"build_version":"2018-02-14-BETA1","purchased_purges":2,"victory":true,"master_deck":["Defend_G","Defend_G","Defend_G","Defend_G+1","Strike_G","Strike_G","Strike_G","Survivor+1","Neutralize+1","Bouncing Flask","Deadly Poison","Dash+1","Noxious Fumes+1","Malaise+1","Bane+1","Adrenaline+1","Noxious Fumes+1","PiercingWail+1","Leg Sweep+1","Blur","Venomology","Leg Sweep+1","Predator+1","Dash+1","Blur"],"max_hp_per_floor":[60,65,65,65,65,65,65,65,65,65,65,65,65,65,65,65,65,65,65,65,65,65,65,65,65,65,65,65,65,65,65,65,65,65,65,65,65,65,65,65,65,65,65,65,65,65,65,65,65,65],"relics":["Ring of the Snake","Ornamental Fan","War Paint","Frozen Eye","Ectoplasm","Girya","Anchor","Snecko Eye","Red Mask","Vajra"],"card_choices":[{"not_picked":["Dodge and Roll","Dagger Throw"],"picked":"Bouncing Flask"},{"not_picked":["Dodge and Roll","Dagger Throw"],"picked":"Deadly Poison"},{"not_picked":["Blur","Prepared"],"picked":"Dash"},{"not_picked":["Dagger Throw","Poisoned Stab"],"picked":"Noxious Fumes"},{"not_picked":["Deflect","Sucker Punch"],"picked":"Malaise"},{"not_picked":["Glass Knife","Poisoned Stab"],"picked":"Bane"},{"not_picked":["Doppelganger","Night Terror"],"picked":"Adrenaline"},{"not_picked":["Flying Knee","Riddle With Holes"],"picked":"Noxious Fumes"},{"not_picked":["Dodge and Roll","Sucker Punch"],"picked":"PiercingWail"},{"not_picked":["Slice","Reflex"],"picked":"Leg Sweep"},{"not_picked":["All Out Attack","Concentrate"],"picked":"Blur"},{"not_picked":["Storm of Steel","Envenom"],"picked":"Venomology"},{"not_picked":["Dodge and Roll","Dagger Spray"],"picked":"Leg Sweep"},{"not_picked":["Acrobatics","Terror"],"picked":"Predator"},{"not_picked":["Eviscerate","Storm of Steel"],"picked":"Dash"},{"not_picked":["Malaise","Leg Sweep"],"picked":"Blur"}],"player_experience":222732,"potions_floor_usage":[11,16,21,22,25,33,33,35,37,38,38,39,41,44,47,50,50],"damage_taken":[{"damage":1,"enemies":"Cultist","floor":1,"turns":5},{"damage":0,"enemies":"Small Slimes","floor":3,"turns":3},{"damage":3,"enemies":"Jaw Worm","floor":5,"turns":3},{"damage":22,"enemies":"Gremlin Nob","floor":6,"turns":4},{"damage":0,"enemies":"Looter","floor":8,"turns":3},{"damage":4,"enemies":"Large Slime","floor":11,"turns":7},{"damage":5,"enemies":"Exordium Thugs","floor":14,"turns":5},{"damage":8,"enemies":"The Guardian","floor":16,"turns":8},{"damage":1,"enemies":"Shell Parasite","floor":18,"turns":5},{"damage":0,"enemies":"Spheric Guardian","floor":19,"turns":4},{"damage":0,"enemies":"Snecko","floor":20,"turns":6},{"damage":8,"enemies":"Sentry and Sphere","floor":21,"turns":3},{"damage":6,"enemies":"Chosen and Byrds","floor":22,"turns":5},{"damage":0,"enemies":"Centurion and Healer","floor":25,"turns":6},{"damage":0,"enemies":"Cultist and Chosen","floor":28,"turns":5},{"damage":14,"enemies":"Chosen and Byrds","floor":30,"turns":5},{"damage":31,"enemies":"Gremlin Leader","floor":31,"turns":7},{"damage":12,"enemies":"Automaton","floor":33,"turns":10},{"damage":9,"enemies":"3 Shapes","floor":35,"turns":6},{"damage":0,"enemies":"3 Darklings","floor":37,"turns":5},{"damage":0,"enemies":"Sphere and 2 Shapes","floor":38,"turns":6},{"damage":10,"enemies":"Spire Growth","floor":39,"turns":7},{"damage":1,"enemies":"4 Shapes","floor":41,"turns":5},{"damage":0,"enemies":"3 Darklings","floor":44,"turns":5},{"damage":0,"enemies":"Flame Bruiser 2 Orb","floor":47,"turns":5},{"damage":23,"enemies":"Donu and Deca","floor":50,"turns":11}],"event_choices":[{"event_name":"Big Fish","player_choice":"Donut","floor":2,"damage_taken":0},{"event_name":"Scrap Ooze","player_choice":"success","floor":4,"damage_taken":3},{"event_name":"Tomb of Lord Red Mask","player_choice":"Paid","floor":36,"damage_taken":0},{"event_name":"Winding Halls","player_choice":"Writhe","floor":42,"damage_taken":0},{"event_name":"Wheel of Change","player_choice":"Gold","floor":45,"damage_taken":0},{"event_name":"Fountain of Cleansing","player_choice":"Removed Curse","floor":48,"damage_taken":0}],"boss_relics":[{"not_picked":["Orrery","Tiny House"],"picked":"Ectoplasm"},{"not_picked":["Pandora\u0027s Box","Runic Pyramid"],"picked":"Snecko Eye"}],"potions_floor_spawned":[8,11,16,18,21,30,33,37,38,41],"seed_played":"6034456717196079487","ascension_level":13,"is_trial":false}