{"path_per_floor":["M","$","?","M","?","R","M","R","T","M","?","M","E","M","R","B",null,"M","M","M","M","$","R","M","R","T","R","M","E","$","M","R","B",null,"M","?","T","M","?","R","M","$","T","R","M","R","?","$","R","B"],"character_chosen":"IRONCLAD","items_purchased":["Girya","Blind","Transmutation","Vajra","Apotheosis"],"gold_per_floor":[409,24,24,38,38,38,49,49,49,67,142,155,184,196,196,291,291,301,320,330,346,84,84,97,97,168,168,186,214,61,80,80,178,178,194,194,221,231,231,231,247,34,61,61,71,71,124,24,24,24],"floor_reached":51,"campfire_rested":0,"playtime":3752,"current_hp_per_floor":[44,44,44,49,31,31,35,35,35,41,30,36,41,47,47,15,80,80,80,77,78,78,78,62,62,62,62,60,80,80,80,80,66,80,74,64,64,80,80,80,80,80,80,80,72,72,77,77,77,71],"items_purged":["Defend_R","Defend_R"],"gold":24,"score":519,"play_id":"0fd61a01-f4eb-4187-8646-420800976792","is_prod":false,"is_daily":false,"is_ascension_mode":false,"campfire_upgraded":8,"path_taken":["M","$","?","M","?","R","M","R","T","M","?","M","E","M","R","BOSS","M","M","M","?","$","R","M","R","T","R","M","E","?","M","R","BOSS","M","?","?","M","?","R","M","?","T","R","M","R","?","$","R","BOSS"],"build_version":"2018-02-22-PROD2","purchased_purges":2,"victory":true,"master_deck":["Strike_R","Strike_R","Strike_R+1","Strike_R","Defend_R","Defend_R","Bash","Battle Trance+1","Blind+1","Spot Weakness+1","Ghostly Armor","Thunderclap","Impervious","Shrug It Off","Reaper","Iron Wave+1","Pommel Strike+1","Flame Barrier+1","Transmutation+1","Headbutt+1","Disarm","Iron Wave+1","Intimidate","Limit Break+1","Flex","Spot Weakness","Warcry","Shrug It Off","Shrug It Off+1","Armaments+1","Madness+1","Madness+1","Ghostly Armor","Dual Wield+1","Apotheosis+1","Sword Boomerang+1"],"max_hp_per_floor":[80,80,80,80,80,80,80,80,80,80,80,80,80,80,80,80,80,80,80,80,80,80,80,80,80,80,80,80,80,80,80,80,80,80,80,80,80,80,80,80,80,80,80,80,80,80,80,80,80,80],"relics":["Burning Blood","Old Coin","Girya","Bag of Preparation","Charon\u0027s Ashes","Art of War","Sozu","Matryoshka","Whetstone","Vajra","Orrery","Orichalcum","Blood Vial","Shuriken","Pen Nib","Ginger"],"card_choices":[{"not_picked":["Pummel","Clash"],"picked":"Battle Trance"},{"not_picked":["Body Slam","Headbutt"],"picked":"Spot Weakness"},{"not_picked":["Heavy Blade","Warcry"],"picked":"Ghostly Armor"},{"not_picked":["Pommel Strike","Clothesline"],"picked":"Thunderclap"},{"not_picked":["Twin Strike","Corruption"],"picked":"Impervious"},{"not_picked":["Clothesline","Havoc"],"picked":"Shrug It Off"},{"not_picked":["Barricade","Double Tap"],"picked":"Reaper"},{"not_picked":["Blood for Blood","Anger"],"picked":"Iron Wave"},{"not_picked":["Wild Strike","Reckless Charge"],"picked":"Pommel Strike"},{"not_picked":["True Grit","Entrench"],"picked":"Flame Barrier"},{"not_picked":["Pommel Strike","Body Slam"],"picked":"Headbutt"},{"not_picked":["Rampage","Infernal Blade"],"picked":"Disarm"},{"not_picked":["Rage","Pommel Strike"],"picked":"Iron Wave"},{"not_picked":["Double Tap","Reckless Charge"],"picked":"Intimidate"},{"not_picked":["Berserk","Demon Form"],"picked":"Limit Break"},{"not_picked":["Corruption","Power Through"],"picked":"Flex"},{"not_picked":["Perfected Strike","Infernal Blade"],"picked":"Spot Weakness"},{"not_picked":["Clothesline","Power Through"],"picked":"Warcry"},{"not_picked":["Body Slam","Wild Strike"],"picked":"Shrug It Off"},{"not_picked":["Sever Soul","Flame Barrier"],"picked":"Shrug It Off"},{"not_picked":["Clash","Warcry"],"picked":"Armaments"},{"not_picked":["Rage","Headbutt"],"picked":"Ghostly Armor"},{"not_picked":["Shrug It Off","Armaments"],"picked":"Dual Wield"},{"not_picked":["Flame Barrier","Fiend Fire"],"picked":"Sword Boomerang"}],"player_experience":129498,"potions_floor_usage":[13,16,20],"damage_taken":[{"damage":2,"enemies":"2 Louse","floor":1,"turns":3},{"damage":1,"enemies":"Cultist","floor":4,"turns":4},{"damage":2,"enemies":"Small Slimes","floor":7,"turns":5},{"damage":0,"enemies":"Looter","floor":10,"turns":4},{"damage":0,"enemies":"3 Louse","floor":12,"turns":3},{"damage":1,"enemies":"Gremlin Nob","floor":13,"turns":4},{"damage":0,"enemies":"Lots of Slimes","floor":14,"turns":3},{"damage":38,"enemies":"Hexaghost","floor":16,"turns":16},{"damage":5,"enemies":"3 Byrds","floor":18,"turns":7},{"damage":0,"enemies":"Chosen","floor":19,"turns":4},{"damage":9,"enemies":"Snecko","floor":20,"turns":5},{"damage":5,"enemies":"Centurion and Healer","floor":21,"turns":5},{"damage":22,"enemies":"Chosen and Byrds","floor":24,"turns":5},{"damage":19,"enemies":"Slaver and Parasite","floor":28,"turns":7},{"damage":2,"enemies":"Slavers","floor":29,"turns":5},{"damage":5,"enemies":"Snake Plant","floor":31,"turns":4},{"damage":20,"enemies":"Champ","floor":33,"turns":13},{"damage":12,"enemies":"Orb Walker","floor":35,"turns":3},{"damage":0,"enemies":"3 Shapes","floor":38,"turns":4},{"damage":0,"enemies":"3 Darklings","floor":41,"turns":6},{"damage":14,"enemies":"Sphere and 2 Shapes","floor":45,"turns":5},{"damage":3,"enemies":"Mysterious Sphere","floor":47,"turns":5},{"damage":37,"enemies":"Time Eater","floor":50,"turns":9}],"event_choices":[{"event_name":"Purifier","player_choice":"One Purge","floor":3,"damage_taken":0},{"event_name":"Scrap Ooze","player_choice":"success","floor":5,"damage_taken":18},{"event_name":"World of Goop","player_choice":"Gather Gold","floor":11,"damage_taken":0},{"event_name":"Winding Halls","player_choice":"Embrace Madness","floor":36,"damage_taken":0},{"event_name":"Tomb of Lord Red Mask","player_choice":"Ignored","floor":39,"damage_taken":0},{"event_name":"Mysterious Sphere","player_choice":"Fight","floor":47,"damage_taken":0}],"boss_relics":[{"not_picked":["Runic Pyramid","Cursed Key"],"picked":"Sozu"},{"not_picked":["White Beast Statue","Calling Bell"],"picked":"Orrery"}],"potions_floor_spawned":[1,7,12,13,16,19,24,28,41,45],"seed_played":"-7294430881180374591","ascension_level":0,"is_trial":false}