{"gold_per_floor":[114,127,139,153,169,169,198,215,215,244,244,244,261,277,277,382,382,393,407,506,518,518,518,18,30,30,30,3,19,19,33,33,33],"floor_reached":33,"playtime":2486,"items_purged":["Concentrate"],"score":395,"play_id":"6ca80836-ccd6-422b-b0d6-7ad23903ac14","local_time":"20190226000907","is_ascension_mode":true,"campfire_choices":[{"floor":6,"key":"REST"},{"floor":11,"key":"REST"},{"floor":15,"key":"REST"},{"floor":23,"key":"REST"},{"floor":30,"key":"REST"},{"floor":32,"key":"REST"}],"neow_cost":"NONE","seed_source_timestamp":3642783331326888,"circlet_count":0,"master_deck":["AscendersBane","Defend_G","Defend_G","Defend_G","Defend_G","Defend_G","Strike_G","Strike_G","Strike_G","Survivor","Neutralize","Flying Knee","Dagger Throw","Deadly Poison","Footwork","Dagger Spray","Dash","PiercingWail","Poisoned Stab","Adrenaline","Flying Knee+1","Burst","Cloak And Dagger","PiercingWail","Noxious Fumes","Die Die Die","Slice","Slice","Blade Dance"],"relics":["Ring of the Snake","Shuriken","Bottled Flame","Bottled Tornado","White Beast Statue","Strawberry","Paper Crane","GremlinMask"],"potions_floor_usage":[5,10,10,18,21,21,25,25,29,31,33,33,33,33],"damage_taken":[{"damage":9,"enemies":"Cultist","floor":1,"turns":5},{"damage":0,"enemies":"2 Louse","floor":2,"turns":4},{"damage":6,"enemies":"Jaw Worm","floor":3,"turns":7},{"damage":20,"enemies":"3 Louse","floor":4,"turns":4},{"damage":5,"enemies":"Gremlin Gang","floor":5,"turns":3},{"damage":24,"enemies":"3 Sentries","floor":7,"turns":13},{"damage":3,"enemies":"Blue Slaver","floor":8,"turns":4},{"damage":23,"enemies":"Gremlin Nob","floor":10,"turns":4},{"damage":0,"enemies":"2 Fungi Beasts","floor":13,"turns":3},{"damage":13,"enemies":"Gremlin Gang","floor":14,"turns":8},{"damage":26,"enemies":"Hexaghost","floor":16,"turns":12},{"damage":7,"enemies":"3 Byrds","floor":18,"turns":7},{"damage":32,"enemies":"Spheric Guardian","floor":19,"turns":9},{"damage":25,"enemies":"Snake Plant","floor":21,"turns":5},{"damage":23,"enemies":"3 Cultists","floor":25,"turns":6},{"damage":0,"enemies":"Chosen and Byrds","floor":29,"turns":9},{"damage":29,"enemies":"Snecko","floor":31,"turns":5},{"damage":56,"enemies":"Automaton","floor":33,"turns":8}],"seed_played":"-3098175496506211548","potions_obtained":[{"floor":2,"key":"Explosive Potion"},{"floor":3,"key":"SpeedPotion"},{"floor":7,"key":"SteroidPotion"},{"floor":16,"key":"Regen Potion"},{"floor":18,"key":"LiquidBronze"},{"floor":19,"key":"SkillPotion"},{"floor":21,"key":"PowerPotion"},{"floor":25,"key":"PowerPotion"},{"floor":29,"key":"AttackPotion"},{"floor":31,"key":"EntropicBrew"}],"is_trial":false,"path_per_floor":["M","M","M","M","M","R","E","M","T","E","R","?","M","M","R","B",null,"M","M","?","M","?","R","$","M","T","?","$","M","R","M","R","B"],"character_chosen":"THE_SILENT","items_purchased":["Regen Potion","Cloak And Dagger","PiercingWail","Strawberry","Noxious Fumes","Dexterity Potion","Slice"],"campfire_rested":6,"item_purchase_floors":[24,24,24,24,24,24,28],"current_hp_per_floor":[61,61,55,35,30,53,29,26,26,3,26,26,26,13,36,10,60,68,36,36,11,11,34,41,30,30,30,30,30,55,26,51,0],"gold":33,"neow_bonus":"TEN_PERCENT_HP_BONUS","is_prod":false,"is_daily":false,"chose_seed":false,"campfire_upgraded":0,"win_rate":0,"timestamp":1551157747,"path_taken":["M","?","M","?","M","R","E","M","T","E","R","?","M","M","R","BOSS","M","M","?","M","?","R","$","M","T","?","$","M","R","M","R","BOSS"],"build_version":"2019-02-06","purchased_purges":1,"victory":false,"max_hp_per_floor":[77,77,77,77,77,77,77,77,77,77,77,77,77,77,77,77,77,77,77,77,77,77,77,84,84,84,84,84,84,84,84,84,84],"card_choices":[{"not_picked":["Acrobatics","Expertise"],"picked":"Flying Knee","floor":1},{"not_picked":["Noxious Fumes","Backflip"],"picked":"Dagger Throw","floor":2},{"not_picked":["Blade Dance","Flying Knee","Acrobatics"],"picked":"SKIP","floor":3},{"not_picked":["Prepared","Terror"],"picked":"Deadly Poison","floor":4},{"not_picked":["Finisher","Prepared","Blade Dance"],"picked":"SKIP","floor":5},{"not_picked":["Accuracy","Bane"],"picked":"Footwork","floor":7},{"not_picked":["Predator","Acrobatics"],"picked":"Dagger Spray","floor":8},{"not_picked":["Outmaneuver","Backflip"],"picked":"Dash","floor":10},{"not_picked":["Bane","Infinite Blades"],"picked":"PiercingWail","floor":13},{"not_picked":["Prepared","All Out Attack"],"picked":"Poisoned Stab","floor":14},{"not_picked":["Night Terror","A Thousand Cuts"],"picked":"Adrenaline","floor":16},{"not_picked":["Prepared","Bouncing Flask","Heel Hook"],"picked":"SKIP","floor":18},{"not_picked":["Deflect","Acrobatics"],"picked":"Flying Knee+1","floor":19},{"not_picked":["Expertise","Blade Dance","Flying Knee"],"picked":"SKIP","floor":21},{"not_picked":["Dagger Throw","Eviscerate+1"],"picked":"Die Die Die","floor":25},{"not_picked":["Sucker Punch","Leg Sweep"],"picked":"Slice","floor":29},{"not_picked":["Masterful Stab","Dagger Throw+1"],"picked":"Blade Dance","floor":31}],"player_experience":244088,"relics_obtained":[{"floor":7,"key":"Shuriken"},{"floor":9,"key":"Bottled Flame"},{"floor":10,"key":"Bottled Tornado"},{"floor":26,"key":"Paper Crane"}],"event_choices":[{"damage_healed":0,"gold_gain":0,"player_choice":"Ignored","damage_taken":0,"max_hp_gain":0,"max_hp_loss":0,"event_name":"Liars Game","floor":12,"gold_loss":0},{"damage_healed":0,"gold_gain":99,"player_choice":"Stole From Cult","damage_taken":0,"max_hp_gain":0,"max_hp_loss":0,"event_name":"Nest","floor":20,"gold_loss":0},{"damage_healed":0,"gold_gain":0,"cards_transformed":["Strike_G","Strike_G"],"player_choice":"Became Test Subject","damage_taken":0,"max_hp_gain":0,"max_hp_loss":0,"event_name":"Drug Dealer","floor":22,"gold_loss":0,"cards_obtained":["Burst","Concentrate"]},{"damage_healed":0,"gold_gain":0,"player_choice":"Trade","damage_taken":0,"relics_obtained":["GremlinMask"],"max_hp_gain":0,"max_hp_loss":0,"event_name":"FaceTrader","floor":27,"gold_loss":0}],"is_beta":true,"boss_relics":[{"not_picked":["Calling Bell","Pandora\u0027s Box"],"picked":"White Beast Statue"}],"items_purged_floors":[24],"is_endless":false,"potions_floor_spawned":[2,3,7,16,18,19,21,25,29,31],"killed_by":"Automaton","ascension_level":10}