{"path_per_floor":["M","M","M","M","?","R","E","R","T","E","$","R","E","M","R","B",null,"M","M","M","?","M","R","E","R","T","E","M","?","$"],"character_chosen":"THE_SILENT","items_purchased":["Kunai","Noxious Fumes","Quick Slash","Heel Hook","Calculated Gamble","Acrobatics","Bouncing Flask"],"gold_per_floor":[114,131,145,162,162,162,190,190,271,303,47,47,78,96,96,172,172,186,199,215,215,234,234,260,260,260,290,305,305,0],"floor_reached":31,"campfire_rested":2,"playtime":3624,"current_hp_per_floor":[58,53,46,42,42,42,30,30,30,24,24,24,16,16,38,36,66,66,60,46,46,46,46,11,33,33,29,9,9,9],"items_purged":["Parasite"],"gold":0,"score":516,"play_id":"47ff83d6-8ac4-410e-9b2f-848b79f0fa9f","is_prod":false,"is_daily":false,"is_ascension_mode":true,"campfire_upgraded":4,"path_taken":["M","M","M","M","?","R","E","R","T","E","$","R","E","?","R","BOSS","M","?","M","?","M","R","E","R","T","E","M","?","$","E"],"build_version":"2018-02-16-BETA2","purchased_purges":2,"victory":false,"master_deck":["Defend_G","Defend_G","Defend_G","Defend_G","Defend_G","Strike_G","Strike_G","Strike_G","Strike_G","Strike_G","Survivor","Neutralize+1","Quick Slash","Dagger Spray+1","Acrobatics","Reflex","PiercingWail","Blur","Noxious Fumes+1","Backflip","Calculated Gamble","Storm of Steel","Bullet Time","Noxious Fumes","Skewer+1","PiercingWail","Quick Slash","Heel Hook","Calculated Gamble","Acrobatics","Bouncing Flask"],"max_hp_per_floor":[66,66,66,66,66,66,66,66,66,66,66,66,76,76,76,76,76,76,76,76,76,76,76,76,76,76,76,76,76,73],"relics":["Sozu","The Courier","Toolbox","Bag of Preparation","Kunai","Pear","Snecko Eye","Ninja Scroll","Oddly Smooth Stone","Gremlin Horn"],"card_choices":[{"not_picked":["Finisher","PiercingWail"],"picked":"Quick Slash"},{"not_picked":["Blur","Cloak And Dagger"],"picked":"Dagger Spray"},{"not_picked":["Bane","Deflect"],"picked":"Acrobatics"},{"not_picked":["Sucker Punch","Poisoned Stab"],"picked":"Reflex"},{"not_picked":["Wraith Form","Riddle With Holes"],"picked":"PiercingWail"},{"not_picked":["Dagger Throw","Slice"],"picked":"Blur"},{"not_picked":["Dodge and Roll","PiercingWail"],"picked":"Backflip"},{"not_picked":["PiercingWail","Deadly Poison"],"picked":"Calculated Gamble"},{"not_picked":["Envenom","A Thousand Cuts"],"picked":"Storm of Steel"},{"not_picked":["Dodge and Roll","Cloak And Dagger"],"picked":"Bullet Time"},{"not_picked":["PiercingWail","Bane"],"picked":"Noxious Fumes"},{"not_picked":["Noxious Fumes","Slice"],"picked":"Skewer"},{"not_picked":["Dagger Throw","Deadly Poison"],"picked":"PiercingWail"}],"player_experience":728645,"potions_floor_usage":[],"damage_taken":[{"damage":1,"enemies":"Jaw Worm","floor":1,"turns":5},{"damage":5,"enemies":"Cultist","floor":2,"turns":5},{"damage":7,"enemies":"Small Slimes","floor":3,"turns":3},{"damage":4,"enemies":"Exordium Wildlife","floor":4,"turns":6},{"damage":12,"enemies":"3 Sentries","floor":7,"turns":8},{"damage":6,"enemies":"Gremlin Nob","floor":10,"turns":4},{"damage":18,"enemies":"Lagavulin","floor":13,"turns":7},{"damage":0,"enemies":"Lots of Slimes","floor":14,"turns":3},{"damage":2,"enemies":"Slime Boss","floor":16,"turns":11},{"damage":0,"enemies":"Spheric Guardian","floor":18,"turns":3},{"damage":6,"enemies":"Shell Parasite","floor":19,"turns":6},{"damage":14,"enemies":"3 Cultists","floor":20,"turns":4},{"damage":0,"enemies":"Slaver and Parasite","floor":22,"turns":5},{"damage":35,"enemies":"Gremlin Leader","floor":24,"turns":8},{"damage":4,"enemies":"Slavers","floor":27,"turns":5},{"damage":20,"enemies":"Cultist and Chosen","floor":28,"turns":7},{"damage":13,"enemies":"Gremlin Leader","floor":31,"turns":5}],"event_choices":[{"event_name":"Liars Game","player_choice":"disagreed","floor":5,"damage_taken":0},{"event_name":"Cursed Tome","player_choice":"Ignored","floor":21,"damage_taken":0},{"event_name":"Drug Dealer","player_choice":"Ignored","floor":29,"damage_taken":0}],"boss_relics":[{"not_picked":["Pandora\u0027s Box","The Specimen"],"picked":"Snecko Eye"}],"potions_floor_spawned":[2,4,13,18,19,20,28],"seed_played":"8386517586126647102","killed_by":"Gremlin Leader","ascension_level":15,"is_trial":false}