{"gold_per_floor":[119,136,136,13,25,25,59,72,125,152,168,168,187,205,205,308,308,319,16,16,33,33,33,59,71,106,118,148,160,190,218,230,242],"floor_reached":33,"playtime":1917,"items_purged":["Strike_R","Strike_R"],"score":332,"play_id":"5069a6be-0acd-4b4d-bd6d-7dcbc675231a","local_time":"20190219103222","is_ascension_mode":true,"campfire_choices":[{"data":"Bash","floor":6,"key":"SMITH"},{"data":"Body Slam","floor":12,"key":"SMITH"},{"floor":15,"key":"REST"},{"data":"Juggernaut","floor":23,"key":"SMITH"},{"data":"True Grit","floor":25,"key":"SMITH"},{"floor":32,"key":"REST"}],"neow_cost":"NONE","seed_source_timestamp":3075970272682331,"circlet_count":0,"master_deck":["Defend_R","Defend_R+1","Defend_R","Defend_R","Bash+1","Rupture","Body Slam+1","Anger","Cleave","Uppercut","True Grit+1","Shrug It Off","Offering","Juggernaut+1","Twin Strike","Bite","Bite","Bite","Bite","Bite","Dual Wield+1","True Grit","Necronomicurse","Exhume","Offering","True Grit+1","Inflame"],"relics":["Burning Blood","Sundial","Pen Nib","Potion Belt","Black Star","TheAbacus","MawBank","War Paint","Bag of Preparation","Necronomicon"],"potions_floor_usage":[0,7,7,10,10,13,16,24,24,24,24,31,31,33],"damage_taken":[{"damage":0,"enemies":"Small Slimes","floor":1,"turns":3},{"damage":5,"enemies":"Cultist","floor":2,"turns":5},{"damage":3,"enemies":"2 Louse","floor":5,"turns":3},{"damage":22,"enemies":"Lagavulin","floor":7,"turns":6},{"damage":7,"enemies":"Looter","floor":8,"turns":4},{"damage":17,"enemies":"3 Sentries","floor":10,"turns":6},{"damage":16,"enemies":"3 Louse","floor":11,"turns":3},{"damage":12,"enemies":"Gremlin Gang","floor":13,"turns":2},{"damage":1,"enemies":"2 Fungi Beasts","floor":14,"turns":4},{"damage":48,"enemies":"Hexaghost","floor":16,"turns":10},{"damage":44,"enemies":"3 Byrds","floor":18,"turns":5},{"damage":6,"enemies":"Chosen","floor":21,"turns":4},{"damage":17,"enemies":"Gremlin Leader","floor":24,"turns":6},{"damage":6,"enemies":"Snecko","floor":28,"turns":2},{"damage":25,"enemies":"3 Cultists","floor":30,"turns":4},{"damage":16,"enemies":"Snake Plant","floor":31,"turns":4},{"damage":72,"enemies":"Automaton","floor":33,"turns":6}],"seed_played":"1100300090261640003","potions_obtained":[{"floor":0,"key":"Fruit Juice"},{"floor":0,"key":"Dexterity Potion"},{"floor":0,"key":"EssenceOfSteel"},{"floor":7,"key":"Fire Potion"},{"floor":10,"key":"PowerPotion"},{"floor":13,"key":"Poison Potion"},{"floor":16,"key":"GamblersBrew"},{"floor":18,"key":"EntropicBrew"},{"floor":30,"key":"Swift Potion"}],"is_trial":false,"path_per_floor":["M","M","?","$","M","R","E","M","T","E","M","R","M","M","R","B",null,"M","$","?","M","$","R","E","R","T","?","M","?","M","M","R","B"],"character_chosen":"IRONCLAD","items_purchased":["Swift Potion","TheAbacus"],"campfire_rested":2,"item_purchase_floors":[4,19],"current_hp_per_floor":[85,85,85,85,85,85,69,68,68,57,47,47,41,46,71,29,85,47,47,47,53,53,53,52,52,52,36,46,46,41,37,54,0],"gold":242,"neow_bonus":"THREE_SMALL_POTIONS","is_prod":false,"is_daily":false,"chose_seed":false,"campfire_upgraded":4,"win_rate":0,"timestamp":1550590342,"path_taken":["M","M","?","$","?","R","E","M","T","E","M","R","M","M","R","BOSS","M","$","?","M","$","R","E","R","T","?","M","?","M","M","R","BOSS"],"build_version":"2019-02-06","purchased_purges":2,"victory":false,"max_hp_per_floor":[85,85,85,85,85,85,85,85,85,85,85,85,85,85,85,85,85,85,85,59,59,59,59,59,59,59,59,59,59,59,59,59,59],"card_choices":[{"not_picked":["Rage","Dropkick"],"picked":"Rupture","floor":1},{"not_picked":["Corruption","Dropkick"],"picked":"Body Slam","floor":2},{"not_picked":["Dual Wield","Wild Strike"],"picked":"Anger","floor":5},{"not_picked":["Inflame","Twin Strike"],"picked":"Cleave","floor":7},{"not_picked":["Blood for Blood","Second Wind"],"picked":"Uppercut","floor":8},{"not_picked":["Sever Soul","Twin Strike","Reckless Charge"],"picked":"SKIP","floor":10},{"not_picked":["Twin Strike","Ghostly Armor"],"picked":"True Grit","floor":11},{"not_picked":["Warcry","Wild Strike"],"picked":"Shrug It Off","floor":13},{"not_picked":["Dropkick","Heavy Blade"],"picked":"Offering","floor":14},{"not_picked":["Double Tap","Immolate"],"picked":"Juggernaut","floor":16},{"not_picked":["Clothesline","Seeing Red"],"picked":"Twin Strike","floor":18},{"not_picked":["Headbutt","Cleave"],"picked":"Dual Wield","floor":21},{"not_picked":["Pommel Strike","Carnage"],"picked":"True Grit","floor":24},{"not_picked":["Anger+1","Shrug It Off"],"picked":"Exhume","floor":28},{"not_picked":["Clothesline","Wild Strike"],"picked":"True Grit+1","floor":30},{"not_picked":["Wild Strike","Clothesline+1"],"picked":"Inflame","floor":31}],"player_experience":147707,"relics_obtained":[{"floor":7,"key":"Sundial"},{"floor":9,"key":"Pen Nib"},{"floor":10,"key":"Potion Belt"},{"floor":24,"key":"MawBank"},{"floor":24,"key":"War Paint"},{"floor":26,"key":"Bag of Preparation"},{"floor":27,"key":"Necronomicon"}],"event_choices":[{"damage_healed":0,"gold_gain":0,"player_choice":"Ignored","damage_taken":0,"max_hp_gain":0,"max_hp_loss":0,"event_name":"Transmorgrifier","floor":3,"gold_loss":0},{"damage_healed":0,"gold_gain":0,"player_choice":"Became a vampire","damage_taken":0,"max_hp_gain":0,"max_hp_loss":26,"event_name":"Vampires","floor":20,"gold_loss":0,"cards_obtained":["Bite","Bite","Bite","Bite","Bite"]},{"damage_healed":0,"gold_gain":0,"player_choice":"Obtained Book","damage_taken":16,"max_hp_gain":0,"max_hp_loss":0,"event_name":"Cursed Tome","floor":27,"gold_loss":0},{"damage_healed":0,"gold_gain":0,"player_choice":"Copied","damage_taken":0,"max_hp_gain":0,"max_hp_loss":0,"event_name":"Duplicator","floor":29,"gold_loss":0,"cards_obtained":["Offering"]}],"is_beta":true,"boss_relics":[{"not_picked":["Mark of Pain","Calling Bell"],"picked":"Black Star"}],"items_purged_floors":[4,19],"is_endless":false,"potions_floor_spawned":[5,7,10,13,16,18,30],"killed_by":"Automaton","ascension_level":2}