{"gold_per_floor":[116,127,141,161,180,180,180,198,198,198,198,211,211,38,38,135,135,151,166,166,185,0,17,17,17,17,33,47,60,60,60,60,60],"floor_reached":33,"playtime":1434,"items_purged":["Strike_R"],"score":268,"play_id":"42f50836-d7a5-4f99-876d-62253d7a7e08","local_time":"20190226173558","is_ascension_mode":false,"campfire_choices":[{"data":"Shrug It Off","floor":6,"key":"SMITH"},{"data":"Bash","floor":10,"key":"SMITH"},{"data":"Dropkick","floor":13,"key":"SMITH"},{"data":"Inflame","floor":15,"key":"SMITH"},{"data":"Feed","floor":24,"key":"SMITH"},{"floor":32,"key":"REST"}],"neow_cost":"NONE","seed_source_timestamp":3706673326048463,"circlet_count":0,"master_deck":["Strike_R","Strike_R","Strike_R","Strike_R+1","Defend_R","Defend_R+1","Defend_R","Defend_R","Bash+1","Shrug It Off+1","Dropkick+1","Thunderclap","Thunderclap","Wild Strike+1","Spot Weakness","Inflame+1","Anger","Feed+1","Body Slam+1","Carnage","Shrug It Off+1","Iron Wave","True Grit","True Grit+1","Armaments","Decay"],"relics":["Burning Blood"],"potions_floor_usage":[12,23,27,29,33],"damage_taken":[{"damage":1,"enemies":"Cultist","floor":1,"turns":3},{"damage":0,"enemies":"2 Louse","floor":2,"turns":4},{"damage":6,"enemies":"Jaw Worm","floor":3,"turns":6},{"damage":2,"enemies":"2 Fungi Beasts","floor":4,"turns":4},{"damage":14,"enemies":"Blue Slaver","floor":5,"turns":4},{"damage":1,"enemies":"3 Louse","floor":8,"turns":3},{"damage":0,"enemies":"Lots of Slimes","floor":12,"turns":2},{"damage":26,"enemies":"Slime Boss","floor":16,"turns":9},{"damage":8,"enemies":"Shell Parasite","floor":18,"turns":6},{"damage":13,"enemies":"3 Byrds","floor":19,"turns":5},{"damage":9,"enemies":"Centurion and Healer","floor":21,"turns":5},{"damage":38,"enemies":"3 Cultists","floor":23,"turns":6},{"damage":15,"enemies":"Snecko","floor":27,"turns":4},{"damage":13,"enemies":"Snake Plant","floor":28,"turns":3},{"damage":34,"enemies":"3 Cultists","floor":29,"turns":8},{"damage":55,"enemies":"Champ","floor":33,"turns":15}],"seed_played":"9200080509763273019","potions_obtained":[{"floor":1,"key":"Explosive Potion"},{"floor":5,"key":"Regen Potion"},{"floor":21,"key":"GamblersBrew"},{"floor":23,"key":"Ancient Potion"},{"floor":27,"key":"Explosive Potion"}],"is_trial":false,"path_per_floor":["M","M","M","M","M","R","?","M","T","R","?","M","R","$","R","B",null,"M","M","?","M","?","M","R","$","T","M","M","M","?","T","R","B"],"character_chosen":"IRONCLAD","items_purchased":["Inflame","Anger"],"campfire_rested":1,"item_purchase_floors":[14,14],"current_hp_per_floor":[88,88,88,88,80,80,80,85,85,85,67,73,73,73,73,53,88,86,82,82,82,82,62,62,62,62,53,46,22,22,22,52,0],"gold":60,"neow_bonus":"TEN_PERCENT_HP_BONUS","is_prod":false,"is_daily":false,"chose_seed":false,"campfire_upgraded":5,"win_rate":0,"timestamp":1551220558,"path_taken":["M","M","M","?","?","R","?","?","T","R","?","M","R","$","R","BOSS","M","M","?","M","?","?","R","$","T","M","M","M","?","?","R","BOSS"],"build_version":"2019-02-06","purchased_purges":1,"victory":false,"max_hp_per_floor":[88,88,88,88,88,88,88,88,88,88,88,88,88,88,88,88,88,88,91,91,94,94,97,97,97,97,97,97,101,101,101,101,101],"card_choices":[{"not_picked":["Disarm","Headbutt"],"picked":"Shrug It Off","floor":1},{"not_picked":["Seeing Red","Flex"],"picked":"Dropkick","floor":2},{"not_picked":["Armaments","Anger"],"picked":"Thunderclap","floor":3},{"not_picked":["Body Slam","Pommel Strike"],"picked":"Thunderclap","floor":4},{"not_picked":["Sword Boomerang","Thunderclap"],"picked":"Wild Strike","floor":5},{"not_picked":["Anger","Body Slam","Intimidate"],"picked":"SKIP","floor":8},{"not_picked":["Perfected Strike","Wild Strike"],"picked":"Spot Weakness","floor":12},{"not_picked":["Reaper","Offering"],"picked":"Feed","floor":16},{"not_picked":["Flex+1","Rupture"],"picked":"Body Slam+1","floor":18},{"not_picked":["Rage","Second Wind"],"picked":"Carnage","floor":19},{"not_picked":["Rage","Heavy Blade+1"],"picked":"Shrug It Off+1","floor":21},{"not_picked":["Warcry","Thunderclap"],"picked":"Iron Wave","floor":23},{"not_picked":["Uppercut","Armaments+1"],"picked":"True Grit","floor":27},{"not_picked":["Spot Weakness+1","Flex"],"picked":"True Grit+1","floor":28},{"not_picked":["Fire Breathing","Thunderclap+1"],"picked":"Armaments","floor":29}],"player_experience":266311,"relics_obtained":[],"event_choices":[{"damage_healed":0,"gold_gain":0,"player_choice":"Forge","damage_taken":0,"max_hp_gain":0,"max_hp_loss":0,"event_name":"Accursed Blacksmith","floor":7,"gold_loss":0,"cards_upgraded":["Wild Strike"]},{"damage_healed":0,"gold_gain":0,"player_choice":"Entered Light","damage_taken":18,"max_hp_gain":0,"max_hp_loss":0,"event_name":"Shining Light","floor":11,"gold_loss":0,"cards_upgraded":["Strike_R","Defend_R"]},{"damage_healed":0,"gold_gain":0,"player_choice":"Paid Fearfully","damage_taken":0,"max_hp_gain":0,"max_hp_loss":0,"event_name":"Masked Bandits","floor":22,"gold_loss":185},{"damage_healed":0,"gold_gain":0,"player_choice":"Smashed Altar","damage_taken":0,"max_hp_gain":0,"max_hp_loss":0,"event_name":"Forgotten Altar","floor":30,"gold_loss":0,"cards_obtained":["Decay"]}],"is_beta":true,"boss_relics":[{"not_picked":[]}],"items_purged_floors":[14],"is_endless":false,"potions_floor_spawned":[1,5,21,23,27],"killed_by":"Champ","ascension_level":0}