{"path_per_floor":["M","M","M","$","M","R","E","R","T","?","R","$","?","M","R","B",null,"M","$","M","M","M","E","M","E","T","?","R","E","T","M","R","B",null,"M","$","?","M","M","R","E","R","T","?","M","R","?","T","R","B"],"character_chosen":"THE_SILENT","items_purchased":["Paper Crane","Well Laid Plans","Snake Skull","Happy Flower"],"gold_per_floor":[367,385,401,1,19,19,47,47,47,47,47,47,47,57,57,155,155,140,40,58,71,86,118,129,161,161,161,161,191,191,209,209,309,309,327,30,0,10,28,28,57,57,84,84,94,94,94,94,94,94],"floor_reached":51,"campfire_rested":1,"playtime":5797,"current_hp_per_floor":[66,55,55,55,41,41,54,54,54,40,40,40,15,15,15,29,70,70,70,70,70,70,58,58,45,45,29,50,50,50,60,60,41,70,63,63,63,70,70,70,76,76,76,76,70,70,70,70,70,74],"items_purged":["Doubt","Strike_G"],"gold":94,"score":560,"play_id":"6e26b5dd-cd73-45e5-95a5-7835e693aa02","is_prod":false,"is_daily":false,"is_ascension_mode":false,"campfire_upgraded":9,"path_taken":["M","M","M","$","M","R","E","R","T","?","R","$","?","?","R","BOSS","M","$","?","M","M","E","M","E","T","?","R","E","?","M","R","BOSS","M","$","?","M","M","R","E","R","T","?","?","R","?","?","R","BOSS"],"build_version":"2018-02-08-BETA1","purchased_purges":2,"victory":true,"master_deck":["Defend_G","Defend_G+1","Defend_G+1","Strike_G+1","Strike_G+1","Survivor","Neutralize+1","Heel Hook","Backflip+1","Infinite Blades","Well Laid Plans+1","Backflip+1","Leg Sweep","Backflip","After Image+1","Dagger Throw+1","Escape Plan+1","Flying Knee","Footwork+1","Deflect+1","Dagger Throw","Predator+1","Envenom+1","Infinite Blades+1","Night Terror+1","Distraction+1","Outmaneuver+1","Skewer+1"],"max_hp_per_floor":[70,70,70,70,70,70,70,70,70,70,70,70,70,70,70,70,70,70,70,70,70,70,70,70,70,70,70,70,70,70,70,70,70,70,70,70,70,70,70,70,77,77,77,77,77,77,77,77,77,77],"relics":["Ring of the Snake","Paper Crane","Darkstone Periapt","Ginger","Orichalcum","Sozu","Vajra","Anchor","Matryoshka","Enchiridion","Bird Faced Urn","Molten Egg 2","War Paint","Astrolabe","Snake Skull","Happy Flower","Red Mask","Strawberry","Pantograph","Bag of Marbles","Ice Cream"],"card_choices":[{"not_picked":["Slice","Sucker Punch"],"picked":"Heel Hook"},{"not_picked":["Outmaneuver","Choke"],"picked":"Backflip"},{"not_picked":["Deflect","Poisoned Stab"],"picked":"Infinite Blades"},{"not_picked":["Skewer","Finisher"],"picked":"Backflip"},{"not_picked":["Wraith Form","Prepared"],"picked":"Leg Sweep"},{"not_picked":["Flechettes","Slice"],"picked":"Backflip"},{"not_picked":["Burst","Envenom"],"picked":"After Image"},{"not_picked":["Poisoned Stab","Slice"],"picked":"Dagger Throw"},{"not_picked":["Outmaneuver","Dagger Throw"],"picked":"Escape Plan"},{"not_picked":["Choke","Deadly Poison"],"picked":"Flying Knee"},{"not_picked":["Blur","PiercingWail"],"picked":"Footwork"},{"not_picked":["Acrobatics","Dagger Throw"],"picked":"Deflect"},{"not_picked":["Leg Sweep","Dodge and Roll"],"picked":"Dagger Throw"},{"not_picked":["Dagger Throw","All Out Attack"],"picked":"Predator"},{"not_picked":["Venomology","After Image"],"picked":"Envenom"},{"not_picked":["Sucker Punch","Dodge and Roll"],"picked":"Distraction"},{"not_picked":["Expertise","After Image"],"picked":"Outmaneuver"},{"not_picked":["Slice","Dagger Throw"],"picked":"Skewer"}],"player_experience":9422,"potions_floor_usage":[7,16],"damage_taken":[{"damage":4,"enemies":"Cultist","floor":1,"turns":4},{"damage":11,"enemies":"Jaw Worm","floor":2,"turns":4},{"damage":0,"enemies":"Small Slimes","floor":3,"turns":3},{"damage":14,"enemies":"3 Louse","floor":5,"turns":4},{"damage":2,"enemies":"Lagavulin","floor":7,"turns":9},{"damage":0,"enemies":"Exordium Wildlife","floor":14,"turns":4},{"damage":1,"enemies":"The Guardian","floor":16,"turns":14},{"damage":0,"enemies":"2 Thieves","floor":18,"turns":4},{"damage":0,"enemies":"3 Byrds","floor":20,"turns":7},{"damage":0,"enemies":"Snake Plant","floor":21,"turns":5},{"damage":0,"enemies":"3 Cultists","floor":22,"turns":6},{"damage":12,"enemies":"Slavers","floor":23,"turns":6},{"damage":0,"enemies":"Snecko","floor":24,"turns":8},{"damage":13,"enemies":"Gremlin Leader","floor":25,"turns":10},{"damage":0,"enemies":"Book of Stabbing","floor":29,"turns":6},{"damage":0,"enemies":"Centurion and Healer","floor":31,"turns":6},{"damage":29,"enemies":"Collector","floor":33,"turns":11},{"damage":7,"enemies":"Orb Walker","floor":35,"turns":3},{"damage":0,"enemies":"3 Darklings","floor":38,"turns":5},{"damage":1,"enemies":"Spire Growth","floor":39,"turns":5},{"damage":1,"enemies":"2 Orb Walkers","floor":41,"turns":6},{"damage":11,"enemies":"Flame Bruiser 2 Orb","floor":45,"turns":5},{"damage":11,"enemies":"Donu and Deca","floor":50,"turns":9}],"event_choices":[{"event_name":"Shining Light","player_choice":"Entered Light","floor":10,"damage_taken":0},{"event_name":"Scrap Ooze","player_choice":"success","floor":13,"damage_taken":25},{"event_name":"Cursed Tome","player_choice":"Obtained Book","floor":27,"damage_taken":0},{"event_name":"Tomb of Lord Red Mask","player_choice":"Paid","floor":37,"damage_taken":0},{"event_name":"Purifier","player_choice":"One Purge","floor":47,"damage_taken":0}],"boss_relics":[{"not_picked":["Philosopher\u0027s Stone","Runic Dome"],"picked":"Sozu"},{"not_picked":["Lizard Tail","Tiny House"],"picked":"Astrolabe"}],"potions_floor_spawned":[5,7,14,16,21,22,23,25,29,31,35,39,45],"seed_played":"1148052898035500427","ascension_level":0,"is_trial":false}