{"path_per_floor":["M","?","M","?","$","E","R","E","T","$","M","$","E","M","R","B",null,"M","$","?","?","M","R","E","M","T","E","R","$","?","E","R","B",null,"M","$","M","?","M","E","M","E","T","$","M","E","R","E","R","B"],"character_chosen":"DEFECT","items_purchased":["Fruit Juice","Orichalcum","Toxic Egg 2","White Noise","Hello World","Hologram","Capacitor","Impulse","Aggregate","Consume","Capacitor","Skim"],"gold_per_floor":[211,211,227,227,31,365,365,401,401,3,26,26,61,84,84,175,175,198,27,27,27,46,46,85,103,178,217,217,97,47,81,81,174,174,198,2,22,86,99,133,151,192,192,14,30,70,70,106,106,106],"floor_reached":51,"campfire_rested":1,"playtime":5691,"current_hp_per_floor":[66,66,66,52,52,40,40,28,28,28,28,28,15,15,15,5,56,58,58,58,58,58,58,37,37,44,46,71,71,71,72,72,79,84,84,84,83,91,93,93,95,97,97,97,106,108,108,108,108,110],"items_purged":["Strike_B","Defend_B","Strike_B"],"gold":106,"score":1814,"play_id":"09cdb5f5-f7de-4dda-8439-2dcad9100aa9","local_time":"20180508171813","is_prod":false,"is_daily":false,"chose_seed":false,"is_ascension_mode":true,"campfire_upgraded":5,"timestamp":1525825093,"path_taken":["M","?","M","?","$","E","R","E","T","$","M","$","E","M","R","BOSS","M","$","?","?","M","R","E","M","T","E","R","$","?","E","R","BOSS","M","$","M","?","M","E","M","E","T","$","M","E","R","E","R","BOSS"],"build_version":"2018-05-07","seed_source_timestamp":0,"purchased_purges":3,"victory":true,"master_deck":["Defend_B+1","Zap+1","Dualcast","AscendersBane","BootSequence","Steam Power","Glacier","Capacitor+1","White Noise+1","Leap+1","Cold Snap+1","Auto Shields+1","All For One+1","Consume+1","Seek+1","Glacier+1","Hello World+1","Zap+1","Impulse+1","Hologram+1","Hologram+1","Capacitor+1","Impulse+1","Skim+1","All For One+1","Defragment+1","Aggregate+1","Steam Power+1","Double Energy+1","Capacitor+1","Consume+1","Capacitor","Skim+1","White Noise+1"],"max_hp_per_floor":[75,69,69,69,69,73,73,73,73,73,73,73,73,73,73,73,73,75,75,75,75,75,75,77,77,84,86,86,86,86,86,86,86,86,86,86,86,100,102,102,104,106,106,106,108,110,110,110,110,110],"relics":["Cracked Core","Golden Idol","Orichalcum","Old Coin","Molten Egg 2","Matryoshka","Toxic Egg 2","Singing Bowl","Astrolabe","Art of War","Strawberry","Bottled Lightning","Dead Branch","Anchor","Sozu","Mango","Ornamental Fan","Calipers","Bag of Preparation","Girya","Thread and Needle","Ancient Tea Set"],"card_choices":[{"not_picked":["Turbo","Melter"],"picked":"BootSequence","floor":1.0},{"not_picked":["Loop","Sweeping Beam"],"picked":"Steam Power","floor":3.0},{"not_picked":["Beam Cell","Leap"],"picked":"Glacier","floor":6.0},{"not_picked":["Glacier","White Noise"],"picked":"Capacitor","floor":8.0},{"not_picked":["Auto Shields","Static Discharge"],"picked":"Leap","floor":11.0},{"not_picked":["Melter","Stack"],"picked":"Cold Snap","floor":13.0},{"not_picked":["Beam Cell","Rebound"],"picked":"Auto Shields","floor":14.0},{"not_picked":["Multi-Cast","Thunder Strike"],"picked":"All For One","floor":16.0},{"not_picked":["Blizzard","Barrage"],"picked":"Impulse","floor":22},{"not_picked":["Barrage","Beam Cell"],"picked":"Hologram","floor":25},{"not_picked":["White Noise","Coolheaded"],"picked":"Skim","floor":31},{"not_picked":["Amplify","Multi-Cast"],"picked":"All For One","floor":33},{"not_picked":["Stack","Ball Lightning"],"picked":"Defragment","floor":35},{"not_picked":["Reinforced Body","Axe Kick"],"picked":"Steam Power","floor":37},{"not_picked":["Auto Shields","Heatsinks"],"picked":"Double Energy","floor":38},{"not_picked":["Impulse","Genetic Algorithm"],"picked":"Capacitor","floor":40},{"not_picked":["Coolheaded","Go for the Eyes"],"picked":"White Noise","floor":48}],"player_experience":1391587,"potions_floor_usage":[],"damage_taken":[{"damage":2.0,"enemies":"2 Louse","floor":1.0,"turns":3.0},{"damage":0.0,"enemies":"Cultist","floor":3.0,"turns":4.0},{"damage":16.0,"enemies":"Gremlin Nob","floor":6.0,"turns":5.0},{"damage":12.0,"enemies":"Lagavulin","floor":8.0,"turns":8.0},{"damage":0.0,"enemies":"Small Slimes","floor":11.0,"turns":3.0},{"damage":13.0,"enemies":"3 Sentries","floor":13.0,"turns":13.0},{"damage":0.0,"enemies":"Exordium Wildlife","floor":14.0,"turns":4.0},{"damage":10.0,"enemies":"Slime Boss","floor":16.0,"turns":21.0},{"damage":0,"enemies":"Chosen","floor":18,"turns":8},{"damage":0,"enemies":"Spheric Guardian","floor":22,"turns":4},{"damage":30,"enemies":"Gremlin Leader","floor":24,"turns":6},{"damage":0,"enemies":"Centurion and Healer","floor":25,"turns":7},{"damage":0,"enemies":"Book of Stabbing","floor":27,"turns":5},{"damage":20,"enemies":"Gremlin Leader","floor":31,"turns":8},{"damage":0,"enemies":"Champ","floor":33,"turns":9},{"damage":0,"enemies":"Orb Walker","floor":35,"turns":2},{"damage":1,"enemies":"3 Shapes","floor":37,"turns":3},{"damage":6,"enemies":"Mysterious Sphere","floor":38,"turns":4},{"damage":0,"enemies":"Spire Growth","floor":39,"turns":3},{"damage":0,"enemies":"Giant Head","floor":40,"turns":6},{"damage":0,"enemies":"Maw","floor":41,"turns":4},{"damage":0,"enemies":"Nemesis","floor":42,"turns":1},{"damage":0,"enemies":"Flame Bruiser 2 Orb","floor":45,"turns":5},{"damage":0,"enemies":"Giant Head","floor":46,"turns":5},{"damage":0,"enemies":"Nemesis","floor":48,"turns":5},{"damage":0,"enemies":"Donu and Deca","floor":50,"turns":7}],"event_choices":[{"event_name":"Golden Idol","player_choice":"Lose Max HP","floor":2.0,"damage_taken":0.0},{"event_name":"Shining Light","player_choice":"Entered Light","floor":4.0,"damage_taken":0.0},{"event_name":"Match and Keep!","player_choice":"1 cards matched","floor":20,"damage_taken":0},{"event_name":"Match and Keep!","player_choice":"1 cards matched","floor":20,"damage_taken":0},{"event_name":"Bonfire Elementals","player_choice":"BASIC","floor":21,"damage_taken":0},{"event_name":"The Joust","player_choice":"Bet on Murderer","floor":30,"damage_taken":0},{"event_name":"Mysterious Sphere","player_choice":"Fight","floor":38,"damage_taken":0}],"boss_relics":[{"not_picked":["Velvet Choker","Nuclear Battery"],"picked":"Sozu"}],"potions_floor_spawned":[1,3,14,24,25,33,38,40,41,42,46],"seed_played":"-6787197815332543808","ascension_level":13,"is_trial":false}