{"gold_per_floor":[118,43,58,70,70,137,155,175,175,175,202,274,274,304,304,409,409,423,473,483,533,550,550],"floor_reached":23,"playtime":1715,"items_purged":[],"score":264,"play_id":"a9a44bf9-7dd1-4de2-899d-01bf8ae49068","local_time":"20190224131833","is_ascension_mode":true,"campfire_choices":[{"data":"Spot Weakness","floor":10,"key":"SMITH"},{"data":"Inflame","floor":13,"key":"SMITH"},{"data":"Seeing Red","floor":15,"key":"SMITH"}],"neow_cost":"NONE","seed_source_timestamp":805526835904562,"circlet_count":0,"master_deck":["Strike_R+1","Strike_R+1","Strike_R+1","Strike_R+1","Defend_R+1","Defend_R+1","Defend_R+1","Defend_R+1","Bash","Flame Barrier","Pommel Strike","Inflame+1","Feel No Pain","Havoc","Ghostly Armor","Spot Weakness+1","Seeing Red+1","Demon Form","Offering+1","Metallicize","Corruption"],"relics":["Black Blood","SsserpentHead","Torii","Oddly Smooth Stone","Odd Mushroom","Toxic Egg 2"],"potions_floor_usage":[11,11,11,14,20,20,23],"damage_taken":[{"damage":2,"enemies":"2 Louse","floor":1,"turns":4},{"damage":1,"enemies":"Cultist","floor":3,"turns":3},{"damage":0,"enemies":"Small Slimes","floor":4,"turns":3},{"damage":11,"enemies":"3 Louse","floor":6,"turns":4},{"damage":6,"enemies":"Looter","floor":7,"turns":4},{"damage":0,"enemies":"Large Slime","floor":8,"turns":4},{"damage":8,"enemies":"Lagavulin","floor":11,"turns":8},{"damage":19,"enemies":"The Mushroom Lair","floor":12,"turns":5},{"damage":32,"enemies":"Gremlin Nob","floor":14,"turns":4},{"damage":21,"enemies":"Slime Boss","floor":16,"turns":11},{"damage":16,"enemies":"Chosen","floor":18,"turns":6},{"damage":16,"enemies":"2 Thieves","floor":20,"turns":4},{"damage":21,"enemies":"Snecko","floor":22,"turns":5},{"damage":52,"enemies":"Slavers","floor":23,"turns":5}],"seed_played":"-6902166321094496175","potions_obtained":[{"floor":4,"key":"SteroidPotion"},{"floor":6,"key":"Dexterity Potion"},{"floor":8,"key":"Poison Potion"},{"floor":12,"key":"Fruit Juice"},{"floor":16,"key":"AttackPotion"},{"floor":18,"key":"Block Potion"},{"floor":22,"key":"PowerPotion"}],"is_trial":false,"path_per_floor":["M","$","M","M","?","M","M","M","T","R","E","?","R","E","R","B",null,"M","?","M","?","M","E"],"character_chosen":"IRONCLAD","items_purchased":["Inflame"],"campfire_rested":0,"item_purchase_floors":[2],"current_hp_per_floor":[76,76,80,80,80,75,75,80,80,80,78,65,65,44,44,29,71,65,65,59,59,48,0],"gold":550,"neow_bonus":"TRANSFORM_CARD","is_prod":false,"is_daily":false,"chose_seed":false,"campfire_upgraded":3,"win_rate":0,"timestamp":1551010713,"path_taken":["M","$","M","M","?","?","M","M","T","R","E","?","R","E","R","BOSS","M","?","M","?","M","E"],"build_version":"2019-01-23","purchased_purges":0,"victory":false,"max_hp_per_floor":[80,80,80,80,80,80,80,80,80,80,80,80,80,85,85,85,85,85,85,85,85,85,85],"card_choices":[{"not_picked":["Second Wind","Thunderclap"],"picked":"Pommel Strike","floor":1},{"not_picked":["Warcry","Sword Boomerang"],"picked":"Feel No Pain","floor":3},{"not_picked":["Clothesline","Infernal Blade"],"picked":"Havoc","floor":4},{"not_picked":["Seeing Red","Rampage"],"picked":"Ghostly Armor","floor":6},{"not_picked":["Pummel","Anger","Sever Soul"],"picked":"SKIP","floor":7},{"not_picked":["Burning Pact","Pommel Strike"],"picked":"Spot Weakness","floor":8},{"not_picked":["Flex","Anger"],"picked":"Seeing Red","floor":11},{"not_picked":["Bloodletting","Seeing Red"],"picked":"Demon Form","floor":14},{"not_picked":["Demon Form","Reaper"],"picked":"Offering+1","floor":16},{"not_picked":["Flex+1","Clash","Sword Boomerang"],"picked":"SKIP","floor":18},{"not_picked":["True Grit+1","Combust+1","Body Slam"],"picked":"SKIP","floor":20},{"not_picked":["Anger","Second Wind+1"],"picked":"Corruption","floor":22}],"player_experience":436002,"relics_obtained":[{"floor":9,"key":"Torii"},{"floor":11,"key":"Oddly Smooth Stone"},{"floor":12,"key":"Odd Mushroom"},{"floor":14,"key":"Toxic Egg 2"}],"event_choices":[{"damage_healed":0,"gold_gain":0,"player_choice":"Trade","damage_taken":0,"relics_obtained":["SsserpentHead"],"max_hp_gain":0,"max_hp_loss":0,"event_name":"FaceTrader","floor":5,"gold_loss":0},{"damage_healed":0,"gold_gain":0,"player_choice":"Fought Mushrooms","damage_taken":0,"max_hp_gain":0,"max_hp_loss":0,"event_name":"Mushrooms","floor":12,"gold_loss":0},{"damage_healed":0,"gold_gain":0,"player_choice":"Simplicity","damage_taken":0,"max_hp_gain":0,"max_hp_loss":0,"event_name":"Back to Basics","floor":19,"gold_loss":0,"cards_upgraded":["Strike_R","Strike_R","Strike_R","Strike_R","Defend_R","Defend_R","Defend_R","Defend_R"]},{"damage_healed":0,"gold_gain":0,"player_choice":"Read","damage_taken":0,"max_hp_gain":0,"max_hp_loss":0,"event_name":"The Library","floor":21,"gold_loss":0,"cards_obtained":["Metallicize"]}],"is_beta":false,"boss_relics":[{"not_picked":["Calling Bell","Black Star"],"picked":"Black Blood"}],"items_purged_floors":[],"is_endless":false,"potions_floor_spawned":[4,6,8,12,16,18,22],"killed_by":"Slavers","ascension_level":6}