{"gold_per_floor":[117,127,141,15,34,62,62,78,126,126,139,139,66,91,91,91],"floor_reached":16,"playtime":920,"items_purged":["Strike_R"],"score":162,"play_id":"611a49de-9b0e-402d-8573-a9cbfca70142","local_time":"20190226004108","is_ascension_mode":true,"campfire_choices":[{"data":"Body Slam","floor":7,"key":"SMITH"},{"data":"Bash","floor":10,"key":"SMITH"},{"data":"Blind","floor":12,"key":"SMITH"},{"data":"Metallicize","floor":15,"key":"SMITH"}],"neow_cost":"NONE","seed_source_timestamp":933681518095166,"circlet_count":0,"master_deck":["Strike_R","Strike_R","Strike_R","Strike_R","Defend_R","Defend_R","Defend_R","Defend_R","Bash+1","Blind+1","Ghostly Armor","Body Slam+1","Power Through","Double Tap","Flame Barrier","Metallicize+1","Iron Wave"],"relics":["Burning Blood","Paper Frog","Omamori","Bottled Flame"],"potions_floor_usage":[6,6,6,16,16],"damage_taken":[{"damage":6,"enemies":"Cultist","floor":1,"turns":4},{"damage":10,"enemies":"Jaw Worm","floor":2,"turns":4},{"damage":1,"enemies":"2 Louse","floor":3,"turns":3},{"damage":19,"enemies":"Exordium Thugs","floor":5,"turns":8},{"damage":15,"enemies":"Lagavulin","floor":6,"turns":8},{"damage":9,"enemies":"Lots of Slimes","floor":8,"turns":6},{"damage":19,"enemies":"Large Slime","floor":11,"turns":8},{"damage":7,"enemies":"3 Sentries","floor":14,"turns":10},{"damage":44,"enemies":"Slime Boss","floor":16,"turns":12}],"seed_played":"6704698347245844457","potions_obtained":[{"floor":1,"key":"PowerPotion"},{"floor":2,"key":"Dexterity Potion"},{"floor":11,"key":"SpeedPotion"},{"floor":14,"key":"FearPotion"}],"is_trial":false,"path_per_floor":["M","M","M","$","M","E","R","M","T","R","M","R","$","E","R","B"],"character_chosen":"IRONCLAD","items_purchased":["SkillPotion","Metallicize"],"campfire_rested":0,"item_purchase_floors":[4,13],"current_hp_per_floor":[72,68,73,73,60,51,51,48,48,48,35,35,35,34,34,0],"gold":91,"neow_bonus":"RANDOM_COLORLESS","is_prod":false,"is_daily":false,"chose_seed":false,"campfire_upgraded":4,"win_rate":0,"timestamp":1551138068,"path_taken":["M","M","M","$","M","E","R","M","T","R","M","R","$","E","R","BOSS"],"build_version":"2019-01-23","purchased_purges":1,"victory":false,"max_hp_per_floor":[80,80,80,80,80,80,80,80,80,80,80,80,80,80,80,80],"card_choices":[{"not_picked":["Bloodletting","Twin Strike"],"picked":"Ghostly Armor","floor":1},{"not_picked":["Warcry","Clash","Second Wind"],"picked":"SKIP","floor":2},{"not_picked":["Iron Wave","Heavy Blade"],"picked":"Body Slam","floor":3},{"not_picked":["Shrug It Off","Anger"],"picked":"Power Through","floor":5},{"not_picked":["Thunderclap","Uppercut"],"picked":"Double Tap","floor":6},{"not_picked":["Twin Strike","Searing Blow","Warcry"],"picked":"SKIP","floor":8},{"not_picked":["Clothesline","Power Through"],"picked":"Flame Barrier","floor":11},{"not_picked":["Ghostly Armor","Havoc"],"picked":"Iron Wave","floor":14}],"player_experience":532892,"relics_obtained":[{"floor":6,"key":"Paper Frog"},{"floor":9,"key":"Omamori"},{"floor":14,"key":"Bottled Flame"}],"event_choices":[],"is_beta":false,"boss_relics":[],"items_purged_floors":[4],"is_endless":false,"potions_floor_spawned":[1,2,5,11,14],"killed_by":"Slime Boss","ascension_level":9}