{"path_per_floor":["M","M","M","?","$","R","E","?","T","R","E","M","M","E","R","B",null,"M","M","M","$","?","E","?","R","T","$","R","M","E","M","R","B",null,"M","?","M","M","?","R","E","M","T","R","T","M","M","?","R","B"],"character_chosen":"DEFECT","items_purchased":["Symbiotic Virus","Chill","Runic Capacitor","Capacitor","Coolheaded"],"gold_per_floor":[118,134,150,300,0,0,32,32,32,32,67,83,96,125,125,202,202,217,237,249,58,58,91,91,91,91,19,19,32,61,72,72,150,150,162,0,19,33,33,33,58,74,120,120,120,136,151,151,151,151],"floor_reached":51,"campfire_rested":2,"playtime":4330,"current_hp_per_floor":[62,55,53,53,53,53,20,20,34,59,61,58,50,49,49,32,72,67,60,68,68,68,49,49,49,49,49,74,79,84,85,85,71,82,85,85,84,85,85,85,85,85,85,85,85,85,85,85,85,85],"items_purged":[],"gold":151,"score":1446,"play_id":"a0f41e0a-8410-43b8-b912-3634085dfb2e","local_time":"20180517125619","is_prod":false,"is_daily":false,"chose_seed":false,"is_ascension_mode":true,"campfire_upgraded":7,"timestamp":1526586979,"campfire_choices":[{"data":"Streamline","floor":6,"key":"SMITH"},{"floor":10,"key":"REST"},{"data":"Defragment","floor":15,"key":"SMITH"},{"data":"Loop","floor":25,"key":"SMITH"},{"floor":28,"key":"REST"},{"data":"Capacitor","floor":32,"key":"SMITH"},{"data":"Coolheaded","floor":40,"key":"SMITH"},{"data":"Capacitor","floor":44,"key":"SMITH"},{"data":"Stack","floor":49,"key":"SMITH"}],"path_taken":["M","M","M","?","$","R","E","?","T","R","E","M","M","E","R","BOSS","M","M","M","$","?","E","?","R","T","$","R","M","E","M","R","BOSS","M","?","M","M","?","R","E","M","T","R","?","M","?","?","R","BOSS"],"build_version":"2018-05-17","seed_source_timestamp":2244584555336383,"purchased_purges":0,"victory":true,"master_deck":["Strike_B","Strike_B","Strike_B","Strike_B","Defend_B","Defend_B","Defend_B","Defend_B","Zap","Dualcast","AscendersBane","Streamline+1","Steam","Go for the Eyes","Doubt","Chill","Defragment+1","Coolheaded","Loop+1","Hologram","Reinforced Body","Buffer+1","Sweeping Beam+1","Defragment+1","Hologram","Coolheaded","Capacitor+1","Coolheaded+1","Chill","BootSequence+1","Steam Power","Echo Form","Skim","Auto Shields","Stack+1","Capacitor+1","Reinforced Body+1"],"max_hp_per_floor":[71,71,71,71,71,71,71,71,85,85,85,85,85,85,85,85,85,85,85,85,85,85,85,85,85,85,85,85,85,85,85,85,85,85,85,85,85,85,85,85,85,85,85,85,85,85,85,85,85,85],"relics":["Cracked Core","Boot","Symbiotic Virus","Bird Faced Urn","Mango","Bronze Scales","Dodecahedron","Velvet Choker","Runic Capacitor","Omamori","Ornamental Fan","Bottled Lightning","Black Star","Red Mask","Letter Opener","Mummified Hand","Ancient Tea Set","Dream Catcher"],"card_choices":[{"not_picked":["Axe Kick","Skim"],"picked":"Streamline","floor":1},{"not_picked":["Rebound","Skim"],"picked":"Steam","floor":2},{"not_picked":["Sweeping Beam","Tempest"],"picked":"Go for the Eyes","floor":3},{"not_picked":["Barrage","Ball Lightning"],"picked":"Defragment","floor":7},{"not_picked":["Reprogram","Sweeping Beam"],"picked":"Coolheaded","floor":11},{"not_picked":["Turbo","Cold Snap"],"picked":"Loop","floor":12},{"not_picked":["Streamline","Cold Snap"],"picked":"Hologram","floor":13},{"not_picked":["Stack","Auto Shields"],"picked":"Reinforced Body","floor":14},{"not_picked":["Reboot","Rainbow"],"picked":"Buffer","floor":16},{"not_picked":["Streamline","Storm"],"picked":"Sweeping Beam+1","floor":18},{"not_picked":["Go for the Eyes","Capacitor+1"],"picked":"Defragment+1","floor":19},{"not_picked":["Genetic Algorithm","White Noise"],"picked":"Hologram","floor":20},{"not_picked":["Genetic Algorithm","Axe Kick"],"picked":"Coolheaded","floor":23},{"not_picked":["All For One","Beam Cell"],"picked":"Chill","floor":29},{"not_picked":["Rebound+1","Genetic Algorithm"],"picked":"BootSequence+1","floor":30},{"not_picked":["Glacier","Lockon"],"picked":"Steam Power","floor":31},{"not_picked":["Nova","Rainbow"],"picked":"Echo Form","floor":33},{"not_picked":["Heatsinks","Scrape"],"picked":"Skim","floor":35},{"not_picked":["Beam Cell","Steam+1"],"picked":"Auto Shields","floor":37},{"not_picked":["Coolheaded","Rip and Tear","Hologram"],"picked":"SKIP","floor":38},{"not_picked":["Chill","Gash"],"picked":"Stack","floor":41},{"not_picked":["Skim+1","BootSequence"],"picked":"Capacitor","floor":42},{"not_picked":["Go for the Eyes+1","Ball Lightning","Heatsinks"],"picked":"SKIP","floor":46},{"not_picked":["Chill","Storm+1"],"picked":"Reinforced Body+1","floor":47}],"player_experience":1499601,"potions_floor_usage":[12,14,23,30,30,50],"damage_taken":[{"damage":2,"enemies":"Jaw Worm","floor":1,"turns":3},{"damage":7,"enemies":"Small Slimes","floor":2,"turns":2},{"damage":2,"enemies":"2 Louse","floor":3,"turns":2},{"damage":33,"enemies":"Gremlin Nob","floor":7,"turns":5},{"damage":0,"enemies":"3 Sentries","floor":11,"turns":10},{"damage":5,"enemies":"Gremlin Gang","floor":12,"turns":3},{"damage":10,"enemies":"Red Slaver","floor":13,"turns":3},{"damage":3,"enemies":"Gremlin Nob","floor":14,"turns":3},{"damage":21,"enemies":"Slime Boss","floor":16,"turns":6},{"damage":9,"enemies":"2 Thieves","floor":18,"turns":4},{"damage":11,"enemies":"Spheric Guardian","floor":19,"turns":4},{"damage":0,"enemies":"Cultist and Chosen","floor":20,"turns":5},{"damage":27,"enemies":"Gremlin Leader","floor":23,"turns":6},{"damage":5,"enemies":"Centurion and Healer","floor":29,"turns":7},{"damage":3,"enemies":"Book of Stabbing","floor":30,"turns":5},{"damage":0,"enemies":"Slaver and Parasite","floor":31,"turns":7},{"damage":14,"enemies":"Collector","floor":33,"turns":11},{"damage":0,"enemies":"3 Shapes","floor":35,"turns":5},{"damage":1,"enemies":"Orb Walker","floor":37,"turns":3},{"damage":0,"enemies":"Flame Bruiser 2 Orb","floor":38,"turns":9},{"damage":0,"enemies":"Giant Head","floor":41,"turns":14},{"damage":0,"enemies":"Maw","floor":42,"turns":7},{"damage":0,"enemies":"Sphere and 2 Shapes","floor":46,"turns":6},{"damage":0,"enemies":"Spire Growth","floor":47,"turns":7},{"damage":0,"enemies":"Time Eater","floor":50,"turns":38}],"relics_obtained":[{"floor":7,"key":"Bird Faced Urn"},{"floor":9,"key":"Mango"},{"floor":11,"key":"Bronze Scales"},{"floor":14,"key":"Dodecahedron"},{"floor":23,"key":"Omamori"},{"floor":26,"key":"Ornamental Fan"},{"floor":30,"key":"Bottled Lightning"},{"floor":41,"key":"Letter Opener"},{"floor":41,"key":"Mummified Hand"},{"floor":43,"key":"Ancient Tea Set"},{"floor":45,"key":"Dream Catcher"}],"event_choices":[{"event_name":"Liars Game","player_choice":"agreed","floor":4,"damage_taken":0},{"event_name":"The Cleric","player_choice":"Leave","floor":8,"damage_taken":0},{"event_name":"Upgrade Shrine","player_choice":"Upgraded","floor":22,"damage_taken":0},{"event_name":"Forgotten Altar","player_choice":"Smashed Altar","floor":24,"damage_taken":0},{"event_name":"Tomb of Lord Red Mask","player_choice":"Paid","floor":36,"damage_taken":0},{"event_name":"Winding Halls","player_choice":"Writhe","floor":39,"damage_taken":0},{"event_name":"Match and Keep!","player_choice":"0 cards matched","floor":48,"damage_taken":0}],"boss_relics":[{"not_picked":["Pandora\u0027s Box","Astrolabe"],"picked":"Velvet Choker"},{"not_picked":["Runic Pyramid","Philosopher\u0027s Stone"],"picked":"Black Star"}],"potions_floor_spawned":[11,12,13,16,20,29,30,33,37,41,46,47],"seed_played":"-3705012697739682147","ascension_level":15,"potions_obtained":[{"floor":11,"key":"Explosive Potion"},{"floor":12,"key":"FearPotion"},{"floor":13,"key":"Weak Potion"},{"floor":16,"key":"Poison Potion"},{"floor":20,"key":"Weak Potion"},{"floor":29,"key":"AttackPotion"},{"floor":30,"key":"Energy Potion"},{"floor":33,"key":"SteroidPotion"},{"floor":37,"key":"Explosive Potion"},{"floor":41,"key":"Ancient Potion"}],"is_trial":false}