{"gold_per_floor":[117,42,42,42,142,142,173,173,199,233,248,259,294,307,307,408,408,423,64,0,0,0],"floor_reached":22,"playtime":818,"items_purged":["Strike_B","Strike_B"],"score":375,"play_id":"e97592a4-295c-4748-9d7e-ee6dc6e169ad","local_time":"20190226151247","is_ascension_mode":true,"campfire_choices":[{"data":"Chill","floor":6,"key":"SMITH"},{"data":"Zap","floor":8,"key":"SMITH"},{"data":"Darkness","floor":15,"key":"SMITH"}],"neow_cost":"NONE","seed_source_timestamp":986081407063935,"circlet_count":0,"master_deck":["AscendersBane","Strike_B","Strike_B","Defend_B","Defend_B","Defend_B","Defend_B","Zap+1","Dualcast","Chill+1","Auto Shields","Coolheaded","White Noise","Darkness+1","Echo Form","Conserve Battery","Self Repair","Chill"],"relics":["Cracked Core","NeowsBlessing","Gambling Chip","Ornamental Fan","Omamori","Ancient Tea Set","Dream Catcher","Sozu","Blood Vial"],"potions_floor_usage":[13,16,16],"damage_taken":[{"damage":0,"enemies":"Small Slimes","floor":1,"turns":1},{"damage":0,"enemies":"Gremlin Nob","floor":7,"turns":1},{"damage":0,"enemies":"3 Sentries","floor":10,"turns":1},{"damage":0,"enemies":"2 Louse","floor":11,"turns":3},{"damage":0,"enemies":"Cultist","floor":12,"turns":3},{"damage":40,"enemies":"Lagavulin","floor":13,"turns":10},{"damage":0,"enemies":"3 Louse","floor":14,"turns":4},{"damage":26,"enemies":"Hexaghost","floor":16,"turns":12},{"damage":14,"enemies":"Spheric Guardian","floor":18,"turns":6},{"damage":48,"enemies":"3 Byrds","floor":22,"turns":7}],"seed_played":"-5023474669450611855","potions_obtained":[{"floor":1,"key":"Explosive Potion"},{"floor":7,"key":"Strength Potion"},{"floor":13,"key":"Explosive Potion"},{"floor":14,"key":"SkillPotion"}],"is_trial":false,"path_per_floor":["M","$","?","?","?","R","E","R","T","E","M","M","E","M","R","B",null,"M","$","?","?","M"],"character_chosen":"DEFECT","items_purchased":["Self Repair","Blood Vial","Chill"],"campfire_rested":0,"item_purchase_floors":[19,19,19],"current_hp_per_floor":[68,68,50,75,75,75,75,75,75,75,75,75,35,35,35,9,59,45,45,45,45,0],"gold":0,"neow_bonus":"THREE_ENEMY_KILL","is_prod":false,"is_daily":false,"chose_seed":false,"campfire_upgraded":3,"win_rate":0,"timestamp":1551190367,"path_taken":["M","$","?","?","?","R","E","R","T","E","M","?","E","M","R","BOSS","M","$","?","?","M"],"build_version":"2019-01-23","purchased_purges":2,"victory":false,"max_hp_per_floor":[75,75,75,75,75,75,75,75,75,75,75,75,75,75,75,75,75,75,75,75,75,75],"card_choices":[{"not_picked":["Darkness","Storm"],"picked":"Chill","floor":1},{"not_picked":["Force Field","Rip and Tear"],"picked":"Auto Shields","floor":7},{"not_picked":["Buffer","Gash","Heatsinks"],"picked":"SKIP","floor":10},{"not_picked":["Double Energy","Stack"],"picked":"Coolheaded","floor":11},{"not_picked":["Stack","Static Discharge"],"picked":"White Noise","floor":12},{"not_picked":["Coolheaded","Rip and Tear","Rebound"],"picked":"SKIP","floor":13},{"not_picked":["Sweeping Beam","Static Discharge"],"picked":"Darkness","floor":14},{"not_picked":["Seek","Rainbow"],"picked":"Echo Form","floor":16},{"not_picked":["Hologram+1","Steam"],"picked":"Conserve Battery","floor":18}],"player_experience":551966,"relics_obtained":[{"floor":7,"key":"Ornamental Fan"},{"floor":9,"key":"Omamori"},{"floor":10,"key":"Ancient Tea Set"},{"floor":13,"key":"Dream Catcher"}],"event_choices":[{"damage_healed":0,"gold_gain":0,"player_choice":"Success","damage_taken":18,"relics_obtained":["Gambling Chip"],"max_hp_gain":0,"max_hp_loss":0,"event_name":"Scrap Ooze","floor":3,"gold_loss":0},{"damage_healed":25,"gold_gain":0,"player_choice":"Banana","damage_taken":0,"max_hp_gain":0,"max_hp_loss":0,"event_name":"Big Fish","floor":4,"gold_loss":0},{"damage_healed":0,"gold_gain":100,"player_choice":"Gold","damage_taken":0,"max_hp_gain":0,"max_hp_loss":0,"event_name":"Wheel of Change","floor":5,"gold_loss":0},{"damage_healed":0,"gold_gain":0,"player_choice":"Paid Fearfully","damage_taken":0,"max_hp_gain":0,"max_hp_loss":0,"event_name":"Masked Bandits","floor":20,"gold_loss":64}],"is_beta":false,"boss_relics":[{"not_picked":["Pandora\u0027s Box","Cursed Key"],"picked":"Sozu"}],"items_purged_floors":[2,19],"is_endless":false,"potions_floor_spawned":[1,7,13,14],"killed_by":"3 Byrds","ascension_level":10}