{"path_per_floor":["M","?","M","M","M","R","E","R","T","?","R","M","E","M","R","B",null,"M","M","$","?","?","R","E","R","T","E","M","E","$","?","R","B",null,"M","M","?","?","M","R","E","?","T","R","E","M","R","?","R","B"],"character_chosen":"DEFECT","items_purchased":["Capacitor","Flash of Steel","Loop","FocusPotion"],"gold_per_floor":[115,115,130,141,152,152,184,184,184,184,184,197,224,234,234,313,313,331,342,89,39,39,39,73,73,73,107,120,153,5,5,5,78,78,88,106,159,159,173,173,204,204,254,254,282,292,292,252,252,252],"floor_reached":51,"campfire_rested":4,"playtime":5460,"item_purchase_floors":[20,20,30,30],"current_hp_per_floor":[57,50,50,48,47,47,26,26,26,26,47,47,47,34,34,28,60,59,59,59,59,59,59,53,53,53,52,52,37,37,37,71,61,69,67,64,55,45,35,71,63,63,63,63,63,55,55,55,71,55],"items_purged":["Defend_B"],"gold":252,"score":1349,"play_id":"366ccba3-6557-41e1-9556-5fcadaff79d3","local_time":"20180602095223","is_prod":false,"is_daily":false,"chose_seed":false,"is_ascension_mode":true,"campfire_upgraded":7,"win_rate":0,"timestamp":1527958343,"campfire_choices":[{"data":"Cold Snap","floor":6,"key":"SMITH"},{"data":"Ball Lightning","floor":8,"key":"SMITH"},{"floor":11,"key":"REST"},{"data":"Loop","floor":15,"key":"SMITH"},{"data":"Biased Cognition","floor":23,"key":"SMITH"},{"data":"Capacitor","floor":25,"key":"SMITH"},{"floor":32,"key":"REST"},{"floor":40,"key":"REST"},{"data":"Defragment","floor":44,"key":"SMITH"},{"data":"Loop","floor":47,"key":"SMITH"},{"floor":49,"key":"REST"}],"path_taken":["M","?","M","M","M","R","E","R","T","?","R","?","E","M","R","BOSS","M","M","$","?","?","R","E","R","T","E","?","E","?","?","R","BOSS","M","M","?","?","M","R","E","?","T","R","E","?","R","?","R","BOSS"],"build_version":"2018-05-30v2","seed_source_timestamp":412184079613734,"purchased_purges":1,"victory":true,"master_deck":["Strike_B","Strike_B","Defend_B","Defend_B","Zap","Dualcast","AscendersBane","Cold Snap+1","Cold Snap","Glacier","Ball Lightning+1","Loop+1","Skim","Biased Cognition+1","Sunder","Capacitor+1","Flash of Steel","Go for the Eyes","Hologram","Recycle","Echo Form","Loop","Creative AI","Fission","Defragment+1","Loop+1"],"max_hp_per_floor":[71,71,71,71,71,71,71,71,71,71,71,71,71,71,71,71,71,71,71,71,71,71,71,71,71,71,71,71,71,71,71,71,71,71,71,71,71,71,71,71,71,71,71,71,71,71,71,71,71,71],"relics":["Cracked Core","Blue Candle","Bottled Lightning","Darkstone Periapt","Nuclear Battery","Ornamental Fan","Toolbox","Regal Pillow","Centennial Puzzle","Sozu","Shovel","Girya","Bronze Scales","Happy Flower"],"card_choices":[{"not_picked":["Steam","Glacier"],"picked":"Cold Snap","floor":1},{"not_picked":["Reprogram","BootSequence"],"picked":"Cold Snap","floor":3},{"not_picked":["Conserve Battery","Turbo","Streamline"],"picked":"SKIP","floor":4},{"not_picked":["Double Energy","Redo"],"picked":"Glacier","floor":5},{"not_picked":["Reinforced Body","Hologram"],"picked":"Ball Lightning","floor":7},{"not_picked":["Beam Cell","Cold Snap"],"picked":"Loop","floor":12},{"not_picked":["Double Energy","Turbo","Force Field"],"picked":"SKIP","floor":13},{"not_picked":["Doom and Gloom","Fusion"],"picked":"Skim","floor":14},{"not_picked":["Echo Form","All For One"],"picked":"Biased Cognition","floor":16},{"not_picked":["Sweeping Beam","Force Field","Static Discharge"],"picked":"SKIP","floor":18},{"not_picked":["Ball Lightning","Go for the Eyes"],"picked":"Sunder","floor":19},{"not_picked":["Reinforced Body","Chill"],"picked":"Go for the Eyes","floor":24},{"not_picked":["Stack","Turbo"],"picked":"Hologram","floor":27},{"not_picked":["Beam Cell","Go for the Eyes"],"picked":"Recycle","floor":28},{"not_picked":["Ball Lightning","Static Discharge"],"picked":"Echo Form","floor":29},{"not_picked":["Hyperbeam","Machine Learning"],"picked":"Creative AI","floor":33},{"not_picked":["Coolheaded","Gash","Double Energy"],"picked":"SKIP","floor":35},{"not_picked":["Hologram","Gash","Sweeping Beam"],"picked":"SKIP","floor":36},{"not_picked":["Melter+1","Compile Driver"],"picked":"Fission","floor":37},{"not_picked":["Glacier","Sweeping Beam+1"],"picked":"Defragment","floor":39},{"not_picked":["Skim","Steam Power"],"picked":"Loop","floor":41},{"not_picked":["Stack","Heatsinks","Melter"],"picked":"SKIP","floor":45},{"not_picked":["Go for the Eyes","Barrage","Sweeping Beam"],"picked":"SKIP","floor":46}],"player_experience":1739069,"potions_floor_usage":[7,13,16,27,33,50],"damage_taken":[{"damage":7,"enemies":"Small Slimes","floor":1,"turns":3},{"damage":0,"enemies":"Jaw Worm","floor":3,"turns":4},{"damage":2,"enemies":"Cultist","floor":4,"turns":3},{"damage":1,"enemies":"Blue Slaver","floor":5,"turns":4},{"damage":21,"enemies":"Gremlin Nob","floor":7,"turns":5},{"damage":0,"enemies":"Large Slime","floor":12,"turns":6},{"damage":0,"enemies":"Lagavulin","floor":13,"turns":6},{"damage":13,"enemies":"Gremlin Gang","floor":14,"turns":5},{"damage":6,"enemies":"Hexaghost","floor":16,"turns":8},{"damage":1,"enemies":"3 Byrds","floor":18,"turns":5},{"damage":0,"enemies":"2 Thieves","floor":19,"turns":4},{"damage":6,"enemies":"Slavers","floor":24,"turns":6},{"damage":11,"enemies":"Book of Stabbing","floor":27,"turns":6},{"damage":0,"enemies":"Cultist and Chosen","floor":28,"turns":5},{"damage":15,"enemies":"Gremlin Leader","floor":29,"turns":8},{"damage":10,"enemies":"Automaton","floor":33,"turns":12},{"damage":2,"enemies":"Flame Bruiser 1 Orb","floor":35,"turns":5},{"damage":3,"enemies":"Orb Walker","floor":36,"turns":3},{"damage":9,"enemies":"Mysterious Sphere","floor":37,"turns":6},{"damage":10,"enemies":"Sphere and 2 Shapes","floor":39,"turns":6},{"damage":8,"enemies":"Nemesis","floor":41,"turns":9},{"damage":0,"enemies":"Giant Head","floor":45,"turns":12},{"damage":8,"enemies":"3 Darklings","floor":46,"turns":7},{"damage":16,"enemies":"Time Eater","floor":50,"turns":17}],"relics_obtained":[{"floor":7,"key":"Blue Candle"},{"floor":9,"key":"Bottled Lightning"},{"floor":13,"key":"Darkstone Periapt"},{"floor":24,"key":"Ornamental Fan"},{"floor":26,"key":"Toolbox"},{"floor":27,"key":"Regal Pillow"},{"floor":29,"key":"Centennial Puzzle"},{"floor":37,"key":"Shovel"},{"floor":41,"key":"Girya"},{"floor":43,"key":"Bronze Scales"},{"floor":45,"key":"Happy Flower"}],"event_choices":[{"event_name":"Golden Wing","player_choice":"Card Removal","floor":2,"damage_taken":0},{"event_name":"Living Wall","player_choice":"Forget","floor":10,"damage_taken":0},{"event_name":"The Joust","player_choice":"Bet on Murderer","floor":21,"damage_taken":0},{"event_name":"Drug Dealer","player_choice":"Ignored","floor":22,"damage_taken":0},{"event_name":"Ghosts","player_choice":"Ignored","floor":31,"damage_taken":0},{"event_name":"Mysterious Sphere","player_choice":"Fight","floor":37,"damage_taken":0},{"event_name":"SensoryStone","player_choice":"Memory 3","floor":38,"damage_taken":0},{"event_name":"Tomb of Lord Red Mask","player_choice":"Ignored","floor":42,"damage_taken":0},{"event_name":"The Woman in Blue","player_choice":"Bought 3 Potions","floor":48,"damage_taken":0}],"boss_relics":[{"not_picked":["Philosopher\u0027s Stone","Runic Pyramid"],"picked":"Nuclear Battery"},{"not_picked":["Calling Bell","Lizard Tail"],"picked":"Sozu"}],"items_purged_floors":[20],"potions_floor_spawned":[3,7,13,14,16,24,29,33,36,37],"seed_played":"-1183655498345149728","ascension_level":15,"potions_obtained":[{"floor":3,"key":"PowerPotion"},{"floor":7,"key":"Swift Potion"},{"floor":13,"key":"Regen Potion"},{"floor":14,"key":"PowerPotion"},{"floor":16,"key":"Dexterity Potion"},{"floor":24,"key":"Explosive Potion"},{"floor":29,"key":"Weak Potion"},{"floor":33,"key":"Energy Potion"}],"is_trial":false}