{"gold_per_floor":[119,139,89,99,99,99,59,76,125,150,2,20,33,63,63,63],"floor_reached":16,"playtime":980,"items_purged":[],"score":162,"play_id":"bb054eed-71b8-4d58-9c9a-61aea9eb0dbd","local_time":"20190224132553","is_ascension_mode":true,"campfire_choices":[{"data":"Dodge and Roll","floor":6,"key":"SMITH"},{"floor":15,"key":"REST"}],"neow_cost":"NONE","seed_source_timestamp":3519329070645422,"circlet_count":0,"master_deck":["Defend_G","Defend_G","Defend_G","Defend_G","Strike_G","Strike_G+1","Strike_G+1","Strike_G","Survivor","Neutralize+1","Slice","Footwork","Dodge and Roll+1","Dodge and Roll","Dodge and Roll","Cloak And Dagger","Skewer","Deflect"],"relics":["Ring of the Snake","Whetstone","Oddly Smooth Stone","Vajra","Dream Catcher"],"potions_floor_usage":[14,16,16],"damage_taken":[{"damage":0,"enemies":"Jaw Worm","floor":1,"turns":6},{"damage":0,"enemies":"Cultist","floor":2,"turns":5},{"damage":0,"enemies":"2 Louse","floor":4,"turns":3},{"damage":0,"enemies":"Blue Slaver","floor":8,"turns":5},{"damage":1,"enemies":"Lagavulin","floor":10,"turns":14},{"damage":2,"enemies":"3 Louse","floor":12,"turns":5},{"damage":0,"enemies":"Exordium Wildlife","floor":13,"turns":5},{"damage":5,"enemies":"Gremlin Nob","floor":14,"turns":5},{"damage":70,"enemies":"Slime Boss","floor":16,"turns":18}],"seed_played":"-971743203746280050","potions_obtained":[{"floor":7,"key":"SneckoOil"},{"floor":7,"key":"Energy Potion"},{"floor":7,"key":"SmokeBomb"},{"floor":13,"key":"GhostInAJar"},{"floor":14,"key":"Weak Potion"}],"is_trial":false,"path_per_floor":["M","M","?","M","?","R","?","M","T","E","$","M","M","E","R","B"],"character_chosen":"THE_SILENT","items_purchased":["Vajra"],"campfire_rested":1,"item_purchase_floors":[11],"current_hp_per_floor":[63,63,63,63,56,56,56,56,56,55,55,53,53,48,69,0],"gold":63,"neow_bonus":"UPGRADE_CARD","is_prod":false,"is_daily":false,"chose_seed":false,"campfire_upgraded":1,"win_rate":0,"timestamp":1551032753,"path_taken":["M","M","?","M","?","R","?","?","T","E","?","M","M","E","R","BOSS"],"build_version":"2019-02-06","purchased_purges":0,"victory":false,"max_hp_per_floor":[70,70,70,70,70,70,70,70,70,70,70,70,70,70,70,70],"card_choices":[{"not_picked":["Sucker Punch","Prepared"],"picked":"Slice","floor":1},{"not_picked":["PiercingWail","Noxious Fumes"],"picked":"Footwork","floor":2},{"not_picked":["Skewer","Deadly Poison"],"picked":"Dodge and Roll","floor":4},{"not_picked":["Slice","Caltrops"],"picked":"Dodge and Roll","floor":8},{"not_picked":["After Image","Endless Agony"],"picked":"Dodge and Roll","floor":10},{"not_picked":["Eviscerate","Blade Dance"],"picked":"Cloak And Dagger","floor":12},{"not_picked":["Flying Knee","Calculated Gamble"],"picked":"Skewer","floor":13},{"not_picked":["Backstab","Acrobatics"],"picked":"Deflect","floor":14}],"player_experience":235323,"relics_obtained":[{"floor":9,"key":"Whetstone"},{"floor":10,"key":"Oddly Smooth Stone"},{"floor":14,"key":"Dream Catcher"}],"event_choices":[{"cards_removed":["Strike_G"],"damage_healed":0,"gold_gain":0,"player_choice":"Card Removal","damage_taken":0,"max_hp_gain":0,"max_hp_loss":0,"event_name":"The Cleric","floor":3,"gold_loss":50},{"cards_removed":["Defend_G"],"damage_healed":0,"gold_gain":0,"player_choice":"Card Removal","damage_taken":7,"max_hp_gain":0,"max_hp_loss":0,"event_name":"Golden Wing","floor":5,"gold_loss":0},{"damage_healed":0,"gold_gain":0,"player_choice":"Bought 3 Potions","damage_taken":0,"max_hp_gain":0,"max_hp_loss":0,"event_name":"The Woman in Blue","floor":7,"gold_loss":0}],"is_beta":true,"boss_relics":[],"items_purged_floors":[],"is_endless":false,"potions_floor_spawned":[8,12,13,14],"killed_by":"Slime Boss","ascension_level":9}