{"gold_per_floor":[360,360,310,310,327,28,28,203,228,245,245,278,278,317,317,445,445,469,510,510,531,49,49,89,89,144,243,34,34,34,104,104,104],"floor_reached":33,"playtime":772,"items_purged":["Strike_R","Doubt"],"score":290,"play_id":"94fae09d-35cf-43f9-af09-42712a06c16b","local_time":"20190227103613","is_ascension_mode":false,"campfire_choices":[{"data":"Uppercut","floor":7.0,"key":"SMITH"},{"data":"Uppercut","floor":13.0,"key":"SMITH"},{"data":"Double Tap","floor":15.0,"key":"SMITH"},{"data":"Armaments","floor":23.0,"key":"SMITH"},{"data":"Whirlwind","floor":25.0,"key":"SMITH"},{"data":"Demon Form","floor":30,"key":"SMITH"},{"data":"True Grit","floor":32,"key":"SMITH"}],"neow_cost":"CURSE","seed_source_timestamp":53910316893611,"circlet_count":0,"master_deck":["Strike_R","Strike_R","Strike_R","Strike_R","Defend_R","Defend_R","Defend_R+1","Defend_R+1","Bash","Uppercut+1","Uppercut+1","Double Tap+1","True Grit+1","Demon Form+1","Pummel","Feed","Battle Trance","Armaments+1","Intimidate","Spot Weakness","Whirlwind+1","Uppercut+1"],"special_seed":0,"relics":["Burning Blood","War Paint","Boot","Golden Idol","Turnip","Letter Opener","Mark of Pain","Red Mask","Incense Burner","Blue Candle","Tiny Chest","DollysMirror","Pantograph","Matryoshka"],"potions_floor_usage":[],"damage_taken":[{"damage":5.0,"enemies":"Small Slimes","floor":1.0,"turns":4.0},{"damage":0.0,"enemies":"2 Louse","floor":5.0,"turns":3.0},{"damage":0.0,"enemies":"Jaw Worm","floor":10.0,"turns":3.0},{"damage":31.0,"enemies":"3 Sentries","floor":12.0,"turns":13.0},{"damage":13.0,"enemies":"Lagavulin","floor":14.0,"turns":6.0},{"damage":34.0,"enemies":"Slime Boss","floor":16.0,"turns":11.0},{"damage":27.0,"enemies":"2 Thieves","floor":18.0,"turns":4.0},{"damage":16.0,"enemies":"Masked Bandits","floor":19.0,"turns":4.0},{"damage":4.0,"enemies":"Shell Parasite","floor":21.0,"turns":5.0},{"damage":28.0,"enemies":"Gremlin Leader","floor":24.0,"turns":5.0},{"damage":96,"enemies":"Automaton","floor":33,"turns":6}],"seed_played":"-4956679703295159508","potions_obtained":[{"floor":5.0,"key":"Block Potion"},{"floor":14.0,"key":"Ancient Potion"},{"floor":18.0,"key":"GamblersBrew"},{"floor":19.0,"key":"PowerPotion"}],"is_trial":false,"path_per_floor":["M","?","?","$","M","$","R","?","T","M","?","E","R","E","R","B",null,"M","?","?","M","$","R","E","R","T","?","$","?","R","T","R","B"],"character_chosen":"IRONCLAD","items_purchased":["Uppercut","Double Tap","Spot Weakness","Incense Burner","DollysMirror"],"campfire_rested":0,"item_purchase_floors":[6,6,22,22,28],"current_hp_per_floor":[80,62,62,62,68,68,68,68,68,74,74,49,49,42,42,14,74,56,49,49,51,51,51,29,29,29,29,29,29,29,29,29,0],"gold":104,"neow_bonus":"TWO_FIFTY_GOLD","is_prod":false,"is_daily":false,"chose_seed":false,"campfire_upgraded":7,"win_rate":0,"timestamp":1551285373,"path_taken":["M","?","?","$","M","$","R","?","T","?","?","E","R","E","R","BOSS","M","?","?","?","$","R","E","R","T","?","$","?","R","?","R","BOSS"],"build_version":"2019-01-23","purchased_purges":2,"victory":false,"max_hp_per_floor":[80,80,80,80,80,80,80,80,80,80,74,74,74,74,74,74,74,77,80,80,80,80,80,80,80,80,80,80,80,80,80,80,80],"card_choices":[{"not_picked":["Thunderclap","Havoc"],"picked":"Uppercut","floor":1.0},{"not_picked":["Thunderclap","Perfected Strike","Pommel Strike"],"picked":"SKIP","floor":5.0},{"not_picked":["Thunderclap","Anger"],"picked":"True Grit","floor":10.0},{"not_picked":["Havoc","Fire Breathing"],"picked":"Demon Form","floor":12.0},{"not_picked":["Headbutt","Entrench"],"picked":"Pummel","floor":14.0},{"not_picked":["Berserk","Offering"],"picked":"Feed","floor":16.0},{"not_picked":["Havoc","Seeing Red"],"picked":"Battle Trance","floor":18.0},{"not_picked":["Havoc","Rampage"],"picked":"Armaments","floor":19.0},{"not_picked":["Clash","Havoc"],"picked":"Intimidate","floor":21.0},{"not_picked":["Corruption","Twin Strike"],"picked":"Whirlwind","floor":24.0}],"player_experience":941392,"relics_obtained":[{"floor":9.0,"key":"Boot"},{"floor":12.0,"key":"Turnip"},{"floor":14.0,"key":"Letter Opener"},{"floor":19.0,"key":"Red Mask"},{"floor":24.0,"key":"Blue Candle"},{"floor":26.0,"key":"Tiny Chest"},{"floor":31,"key":"Matryoshka"}],"event_choices":[{"damage_healed":0.0,"max_hp_gain":0.0,"max_hp_loss":0.0,"gold_gain":0.0,"event_name":"Scrap Ooze","player_choice":"Success","floor":2.0,"gold_loss":0.0,"damage_taken":18.0,"relics_obtained":["War Paint"]},{"cards_removed":["Injury"],"damage_healed":0.0,"max_hp_gain":0.0,"max_hp_loss":0.0,"gold_gain":0.0,"event_name":"The Cleric","player_choice":"Card Removal","floor":3.0,"gold_loss":50.0,"damage_taken":0.0},{"damage_healed":0.0,"max_hp_gain":0.0,"max_hp_loss":0.0,"gold_gain":175.0,"event_name":"Liars Game","player_choice":"AGREE","floor":8.0,"gold_loss":0.0,"damage_taken":0.0,"cards_obtained":["Doubt"]},{"damage_healed":0.0,"max_hp_gain":0.0,"max_hp_loss":6.0,"gold_gain":0.0,"event_name":"Golden Idol","player_choice":"Lose Max HP","floor":11.0,"gold_loss":0.0,"damage_taken":0.0,"relics_obtained":["Golden Idol"]},{"damage_healed":0.0,"max_hp_gain":0.0,"max_hp_loss":0.0,"gold_gain":0.0,"event_name":"Masked Bandits","player_choice":"Fought Bandits","floor":19.0,"gold_loss":0.0,"damage_taken":0.0},{"damage_healed":0.0,"max_hp_gain":0.0,"max_hp_loss":0.0,"gold_gain":0.0,"event_name":"Ghosts","player_choice":"Ignored","floor":20.0,"gold_loss":0.0,"damage_taken":0.0},{"damage_healed":0.0,"max_hp_gain":0.0,"max_hp_loss":0.0,"gold_gain":99.0,"event_name":"Nest","player_choice":"Stole From Cult","floor":27.0,"gold_loss":0.0,"damage_taken":0.0},{"damage_healed":0,"gold_gain":0,"player_choice":"Opened","damage_taken":0,"relics_obtained":["Pantograph"],"max_hp_gain":0,"max_hp_loss":0,"event_name":"The Mausoleum","floor":29,"gold_loss":0}],"is_beta":false,"boss_relics":[{"not_picked":["Tiny House","Orrery"],"picked":"Mark of Pain"}],"items_purged_floors":[6,22],"is_endless":false,"potions_floor_spawned":[5,14,18,19],"killed_by":"Automaton","ascension_level":0}