{"path_per_floor":["M","M","?","M","$","R","?","R","T","E","?","E","$","M","R","B",null,"M","M","?","$","?"],"character_chosen":"DEFECT","items_purchased":["FTL","Symbiotic Virus","Steam Power","Toxic Egg 2"],"gold_per_floor":[113,127,277,289,144,144,144,144,144,180,430,473,82,106,106,197,197,213,229,267,21,21,21],"floor_reached":23,"campfire_rested":0,"playtime":2299,"item_purchase_floors":[5,13,13,21],"current_hp_per_floor":[63,59,59,52,52,52,52,52,52,43,43,40,40,43,43,40,58,56,55,55,55,55,0],"items_purged":["Doubt","Regret"],"gold":21,"score":345,"play_id":"0f1d3ded-28d6-40bb-aa97-58cce96c1760","local_time":"20180608151942","is_prod":false,"is_daily":false,"chose_seed":false,"is_ascension_mode":true,"campfire_upgraded":3,"win_rate":0,"timestamp":1528496382,"campfire_choices":[{"data":"Ball Lightning","floor":6,"key":"SMITH"},{"data":"Dualcast","floor":8,"key":"SMITH"},{"data":"Hologram","floor":15,"key":"SMITH"}],"path_taken":["M","M","?","M","$","R","?","R","T","E","?","E","$","M","R","BOSS","M","M","?","$","?","E"],"build_version":"2018-06-07v2","seed_source_timestamp":185681342906264,"purchased_purges":2,"victory":false,"master_deck":["Strike_B","Strike_B","Strike_B","Defend_B","Defend_B","Defend_B","Defend_B","Zap+1","Dualcast+1","AscendersBane","Ball Lightning+1","Coolheaded","Cold Snap","FTL","Reinforced Body","Hologram+1","Steam Power","Redo","Hyperbeam","FTL","Conserve Battery","Defragment"],"max_hp_per_floor":[71,71,71,71,71,71,64,64,64,64,64,64,64,64,64,64,64,64,64,64,64,64,64],"relics":["Cracked Core","Golden Idol","Meat on the Bone","Regal Pillow","Gremlin Horn","Symbiotic Virus","Sozu","Red Mask","Toxic Egg 2"],"card_choices":[{"not_picked":["Reprogram","Rebound"],"picked":"Ball Lightning","floor":1},{"not_picked":["Lockon","Aggregate"],"picked":"Coolheaded","floor":2},{"not_picked":["Coolheaded","Turbo"],"picked":"Cold Snap","floor":4},{"not_picked":["Redo","Hyperbeam"],"picked":"Reinforced Body","floor":10},{"not_picked":["Darkness","Streamline"],"picked":"Hologram","floor":12},{"not_picked":["Recycle","Static Discharge"],"picked":"Redo","floor":14},{"not_picked":["Amplify","Core Surge"],"picked":"Hyperbeam","floor":16},{"not_picked":["Conserve Battery","Redo+1"],"picked":"FTL","floor":18},{"not_picked":["Barrage","Ball Lightning"],"picked":"Conserve Battery","floor":19},{"not_picked":["Beam Cell","Storm"],"picked":"Defragment","floor":20}],"player_experience":1828706,"potions_floor_usage":[16,23],"damage_taken":[{"damage":1,"enemies":"Cultist","floor":1,"turns":3},{"damage":4,"enemies":"Jaw Worm","floor":2,"turns":3},{"damage":7,"enemies":"Small Slimes","floor":4,"turns":3},{"damage":21,"enemies":"Gremlin Nob","floor":10,"turns":4},{"damage":15,"enemies":"3 Sentries","floor":12,"turns":5},{"damage":9,"enemies":"2 Fungi Beasts","floor":14,"turns":2},{"damage":22,"enemies":"Hexaghost","floor":16,"turns":9},{"damage":2,"enemies":"2 Thieves","floor":18,"turns":3},{"damage":1,"enemies":"3 Byrds","floor":19,"turns":4},{"damage":0,"floor":20,"turns":2},{"damage":58,"enemies":"Gremlin Leader","floor":23,"turns":10}],"relics_obtained":[{"floor":9,"key":"Meat on the Bone"},{"floor":10,"key":"Regal Pillow"},{"floor":12,"key":"Gremlin Horn"},{"floor":20,"key":"Red Mask"}],"event_choices":[{"event_name":"Liars Game","player_choice":"agreed","floor":3,"damage_taken":0},{"event_name":"Golden Idol","player_choice":"Lose Max HP","floor":7,"damage_taken":0},{"event_name":"Golden Shrine","player_choice":"Desecrate","floor":11,"damage_taken":0},{"event_name":"Masked Bandits","player_choice":"Fought over 229 gold","floor":20,"damage_taken":0},{"event_name":"Wheel of Change","player_choice":"Card Removal","floor":22,"damage_taken":0}],"boss_relics":[{"not_picked":["Pandora\u0027s Box","Lizard Tail"],"picked":"Sozu"}],"items_purged_floors":[5,13],"potions_floor_spawned":[1,10,14,18],"seed_played":"5617419584412878842","killed_by":"Gremlin Leader","ascension_level":15,"potions_obtained":[{"floor":1,"key":"Block Potion"},{"floor":10,"key":"PowerPotion"}],"is_trial":false}