{"gold_per_floor":[111,126,138,158,171,205,205,218,218,218,247,263,263,281,281,381,381,396,415,140,153,153,153,164,182,254,254,254,31,46,59,59,154,154,164,179,116,128,53,78,78,104,129,149,161,174,186,30,30,30],"floor_reached":51,"playtime":3360,"items_purged":["Scrape","Streamline","Melter","Beam Cell"],"score":1077,"play_id":"256dbdda-3b2a-41af-aa18-215aa2168dbb","local_time":"20190227194818","is_ascension_mode":true,"campfire_choices":[{"data":"Defragment","floor":7,"key":"SMITH"},{"data":"Zap","floor":10,"key":"SMITH"},{"data":"Consume","floor":13,"key":"SMITH"},{"floor":15,"key":"REST"},{"data":"Loop","floor":23,"key":"SMITH"},{"data":"Self Repair","floor":27,"key":"SMITH"},{"data":"Apotheosis","floor":32,"key":"SMITH"},{"data":"Seek","floor":41,"key":"SMITH"},{"data":"Heatsinks","floor":49,"key":"SMITH"}],"neow_cost":"TEN_PERCENT_HP_LOSS","seed_source_timestamp":1086464330082003,"circlet_count":0,"master_deck":["AscendersBane","Zap+1","Dualcast+1","Ball Lightning","Coolheaded","Conserve Battery","Defragment+1","Cold Snap","Loop+1","Consume+1","Glacier","Seek","Multi-Cast","Core Surge","Thunder Strike","Cold Snap","Conserve Battery+1","Defragment+1","Biased Cognition","Self Repair+1","Redo+1","Apotheosis+1","Redo+1","Seek+1","Chill+1","White Noise+1","Chill+1","Heatsinks+1","Madness"],"relics":["Cracked Core","Bird Faced Urn","Bottled Tornado","Question Card","War Paint","Pandora\u0027s Box","Membership Card","Meat on the Bone","Anchor","Sozu","Happy Flower","Emotion Chip","Oddly Smooth Stone","Bronze Scales"],"potions_floor_usage":[6,11,16,31,31,42],"damage_taken":[{"damage":0,"enemies":"2 Louse","floor":1,"turns":2},{"damage":1,"enemies":"Cultist","floor":2,"turns":3},{"damage":7,"enemies":"Small Slimes","floor":3,"turns":4},{"damage":4,"enemies":"Blue Slaver","floor":4,"turns":4},{"damage":12,"enemies":"3 Louse","floor":5,"turns":4},{"damage":17,"enemies":"Gremlin Nob","floor":6,"turns":4},{"damage":2,"enemies":"2 Fungi Beasts","floor":8,"turns":4},{"damage":15,"enemies":"3 Sentries","floor":11,"turns":9},{"damage":6,"enemies":"Looter","floor":12,"turns":4},{"damage":0,"enemies":"3 Louse","floor":14,"turns":4},{"damage":12,"enemies":"Hexaghost","floor":16,"turns":12},{"damage":9,"enemies":"3 Byrds","floor":18,"turns":4},{"damage":19,"enemies":"Shell Parasite","floor":19,"turns":5},{"damage":9,"enemies":"Snake Plant","floor":21,"turns":5},{"damage":0,"enemies":"Snecko","floor":24,"turns":5},{"damage":12,"enemies":"Cultist and Chosen","floor":25,"turns":7},{"damage":5,"enemies":"Snake Plant","floor":30,"turns":4},{"damage":0,"enemies":"Chosen and Byrds","floor":31,"turns":5},{"damage":24,"enemies":"Collector","floor":33,"turns":14},{"damage":1,"enemies":"3 Darklings","floor":35,"turns":7},{"damage":1,"enemies":"Orb Walker","floor":36,"turns":5},{"damage":9,"enemies":"Transient","floor":38,"turns":5},{"damage":7,"enemies":"Nemesis","floor":40,"turns":9},{"damage":16,"enemies":"Reptomancer","floor":42,"turns":7},{"damage":3,"enemies":"3 Darklings","floor":44,"turns":5},{"damage":0,"enemies":"4 Shapes","floor":45,"turns":5},{"damage":10,"enemies":"Transient","floor":46,"turns":5},{"damage":0,"enemies":"Jaw Worm Horde","floor":47,"turns":8},{"damage":29,"enemies":"Awakened One","floor":50,"turns":19}],"seed_played":"5577860860713888969","potions_obtained":[{"floor":3,"key":"Block Potion"},{"floor":5,"key":"Energy Potion"},{"floor":8,"key":"Swift Potion"},{"floor":11,"key":"Block Potion"},{"floor":14,"key":"SkillPotion"},{"floor":19,"key":"LiquidBronze"},{"floor":25,"key":"Block Potion"},{"floor":33,"key":"Regen Potion"}],"is_trial":false,"path_per_floor":["M","M","M","M","M","E","R","M","T","R","E","M","R","M","R","B",null,"M","M","$","M","?","R","M","M","T","R","?","$","M","M","R","B",null,"M","M","$","M","$","E","R","E","T","M","M","M","M","$","R","B",null],"character_chosen":"DEFECT","items_purchased":["Membership Card","Defragment","Apotheosis","Anchor","Bronze Scales","Heatsinks","Madness"],"campfire_rested":1,"item_purchase_floors":[20,20,29,29,48,48,48],"current_hp_per_floor":[68,67,60,56,46,31,31,33,33,33,22,20,20,24,44,36,60,53,38,38,35,35,35,43,37,37,37,37,37,40,46,46,54,65,68,68,68,68,68,68,68,68,68,68,68,68,68,68,68,53],"gold":30,"neow_bonus":"ONE_RARE_RELIC","is_prod":false,"is_daily":false,"chose_seed":false,"campfire_upgraded":8,"win_rate":0,"timestamp":1551293298,"path_taken":["M","M","M","M","M","E","R","M","T","R","E","M","R","M","R","BOSS","M","M","$","M","?","R","M","?","T","R","?","$","M","M","R","BOSS","M","M","$","M","$","E","R","E","T","M","M","M","M","$","R","BOSS"],"build_version":"2019-01-23","purchased_purges":4,"victory":true,"max_hp_per_floor":[68,68,68,68,68,68,68,68,68,68,68,68,68,68,68,68,68,68,68,68,68,68,68,68,68,68,68,68,68,68,68,68,68,68,68,68,68,68,68,68,68,68,68,68,68,68,68,68,68,68],"card_choices":[{"not_picked":["Genetic Algorithm","Conserve Battery"],"picked":"Ball Lightning","floor":1},{"not_picked":["Streamline","Aggregate"],"picked":"Coolheaded","floor":2},{"not_picked":["Rebound","Undo"],"picked":"Conserve Battery","floor":3},{"not_picked":["Darkness","Fission"],"picked":"Defragment","floor":4},{"not_picked":["White Noise","Hologram"],"picked":"Cold Snap","floor":5},{"not_picked":["Cold Snap","Gash"],"picked":"Loop","floor":6},{"not_picked":["Go for the Eyes","Leap","Gash"],"picked":"SKIP","floor":8},{"not_picked":["Ball Lightning","Beam Cell","Go for the Eyes"],"picked":"Consume","floor":11},{"not_picked":["Aggregate","Loop","Compile Driver"],"picked":"Glacier","floor":12},{"not_picked":["Ball Lightning","Coolheaded","Turbo","Undo"],"picked":"SKIP","floor":14},{"not_picked":["Amplify","Buffer","Reboot"],"picked":"Seek","floor":16},{"not_picked":["Force Field","Stack","Beam Cell"],"picked":"Cold Snap","floor":18},{"not_picked":["Barrage+1","Ball Lightning+1","Stack"],"picked":"Conserve Battery+1","floor":19},{"not_picked":["Heatsinks","Steam+1","Leap"],"picked":"Biased Cognition","floor":21},{"not_picked":["Stack","Coolheaded","Turbo"],"picked":"Self Repair","floor":24},{"not_picked":["Ball Lightning","Rebound","Gash"],"picked":"Redo+1","floor":25},{"not_picked":["Rebound","Skim+1","Coolheaded"],"picked":"Redo+1","floor":30},{"not_picked":["Amplify","Hello World","Hologram","Darkness"],"picked":"SKIP","floor":31},{"not_picked":["Machine Learning","Amplify","Thunder Strike"],"picked":"Seek","floor":33},{"not_picked":["Leap+1","Gash+1","Turbo+1","Rip and Tear+1"],"picked":"SKIP","floor":35},{"not_picked":["Consume","Fusion+1","Streamline","Undo"],"picked":"SKIP","floor":36},{"not_picked":["Coolheaded+1","Steam Power","Consume","Barrage"],"picked":"SKIP","floor":38},{"not_picked":["Beam Cell+1","Multi-Cast","Chaos"],"picked":"Chill+1","floor":40},{"not_picked":["Coolheaded+1","Glacier","Stack"],"picked":"White Noise+1","floor":42},{"not_picked":["Conserve Battery+1","Turbo+1","Cold Snap","Fusion"],"picked":"SKIP","floor":44},{"not_picked":["Loop","Rebound+1","Barrage"],"picked":"Chill+1","floor":45},{"not_picked":["Streamline+1","Self Repair+1","Go for the Eyes","Reboot"],"picked":"SKIP","floor":46},{"not_picked":["Hologram+1","Gash","Coolheaded","Go for the Eyes+1"],"picked":"SKIP","floor":47}],"player_experience":614894,"relics_obtained":[{"floor":6,"key":"Bottled Tornado"},{"floor":9,"key":"Question Card"},{"floor":11,"key":"War Paint"},{"floor":26,"key":"Meat on the Bone"},{"floor":40,"key":"Happy Flower"},{"floor":42,"key":"Emotion Chip"},{"floor":43,"key":"Oddly Smooth Stone"}],"event_choices":[{"damage_healed":0,"gold_gain":0,"player_choice":"Forge","damage_taken":0,"max_hp_gain":0,"max_hp_loss":0,"event_name":"Accursed Blacksmith","floor":22,"gold_loss":0,"cards_upgraded":["Defragment"]},{"cards_removed":["Sunder"],"damage_healed":0,"gold_gain":0,"player_choice":"Elegance","damage_taken":0,"max_hp_gain":0,"max_hp_loss":0,"event_name":"Back to Basics","floor":28,"gold_loss":0}],"is_beta":false,"boss_relics":[{"not_picked":["Tiny House","Coffee Dripper"],"picked":"Pandora\u0027s Box"},{"not_picked":["FrozenCore","Velvet Choker"],"picked":"Sozu"}],"items_purged_floors":[20,29,37,39],"is_endless":false,"potions_floor_spawned":[3,5,8,11,14,19,24,25,33,35,38,40,47],"ascension_level":11}