{"gold_per_floor":[118,293,39,55,75,102,120,120,146,146,178,194,194,194,194,296,296,309,309,329,329,88,115,115,149,149,149,182,182,202,236,236,335,335,350,368,380,393,393,393,428,428,451,451,467,467,486,110,110,110],"floor_reached":51,"playtime":3340,"items_purged":["Doubt","Strike_B"],"score":845,"play_id":"c8325cbf-6ff5-4a85-8447-4544cb5f1ff0","local_time":"20190221020128","is_ascension_mode":true,"campfire_choices":[{"floor":8,"key":"REST"},{"data":"Static Discharge","floor":10,"key":"SMITH"},{"data":"Chaos","floor":13,"key":"SMITH"},{"floor":15,"key":"REST"},{"floor":24,"key":"REST"},{"data":"Zap","floor":27,"key":"SMITH"},{"floor":29,"key":"REST"},{"floor":32,"key":"REST"},{"floor":40,"key":"REST"},{"floor":42,"key":"REST"},{"floor":46,"key":"REST"},{"floor":49,"key":"REST"}],"neow_cost":"NONE","seed_source_timestamp":504058274048773,"circlet_count":0,"master_deck":["Strike_B","Defend_B","Defend_B","Defend_B","Defend_B","Zap+1","Dualcast","Sunder","Coolheaded","Doom and Gloom","Static Discharge+1","Compile Driver","Chaos+1","Electrodynamics","Doom and Gloom+1","Glacier","Machine Learning","Loop","Seek","Redo+1","Madness","Madness","Melter+1","Coolheaded+1","Conserve Battery+1","Blizzard+1"],"relics":["Cracked Core","Happy Flower","Regal Pillow","Juzu Bracelet","DataDisk","Dream Catcher","Sozu","Meat on the Bone","Centennial Puzzle","Ancient Tea Set","Orichalcum","Blood Vial","Molten Egg 2","Fusion Hammer","Mercury Hourglass","Smiling Mask","Pear"],"potions_floor_usage":[16,16,23],"damage_taken":[{"damage":8,"enemies":"Jaw Worm","floor":1,"turns":4},{"damage":0,"enemies":"2 Louse","floor":4,"turns":2},{"damage":0,"enemies":"Cultist","floor":5,"turns":4},{"damage":27,"enemies":"Gremlin Nob","floor":6,"turns":4},{"damage":21,"enemies":"Exordium Wildlife","floor":7,"turns":4},{"damage":25,"enemies":"3 Sentries","floor":11,"turns":3},{"damage":8,"enemies":"Blue Slaver","floor":12,"turns":2},{"damage":7,"enemies":"Hexaghost","floor":16,"turns":9},{"damage":11,"enemies":"Shell Parasite","floor":18,"turns":4},{"damage":0,"enemies":"Chosen","floor":20,"turns":4},{"damage":39,"enemies":"Book of Stabbing","floor":23,"turns":4},{"damage":11,"enemies":"Gremlin Leader","floor":25,"turns":4},{"damage":40,"enemies":"Slavers","floor":28,"turns":3},{"damage":5,"enemies":"Sentry and Sphere","floor":30,"turns":2},{"damage":23,"enemies":"Book of Stabbing","floor":31,"turns":4},{"damage":62,"enemies":"Collector","floor":33,"turns":9},{"damage":4,"enemies":"3 Shapes","floor":35,"turns":3},{"damage":5,"enemies":"3 Darklings","floor":36,"turns":2},{"damage":31,"enemies":"Spire Growth","floor":37,"turns":5},{"damage":9,"enemies":"Transient","floor":38,"turns":5},{"damage":56,"enemies":"Reptomancer","floor":41,"turns":5},{"damage":42,"enemies":"Maw","floor":45,"turns":6},{"damage":7,"enemies":"Sphere and 2 Shapes","floor":47,"turns":2},{"damage":40,"enemies":"Donu and Deca","floor":50,"turns":6}],"seed_played":"7554417549984050300","potions_obtained":[{"floor":7,"key":"GamblersBrew"},{"floor":11,"key":"Energy Potion"},{"floor":16,"key":"Poison Potion"}],"is_trial":false,"path_per_floor":["M","?","$","M","M","E","M","R","T","R","E","M","R","?","R","B",null,"M","?","M","?","$","E","R","E","T","R","E","R","M","E","R","B",null,"M","M","M","M","?","R","E","R","T","?","M","R","M","$","R","B",null],"character_chosen":"DEFECT","items_purchased":["Doom and Gloom","Happy Flower","Meat on the Bone","Blizzard+1","Pear"],"campfire_rested":9,"item_purchase_floors":[3,3,22,48,48],"current_hp_per_floor":[67,67,67,67,67,40,19,56,56,56,31,23,23,5,42,35,75,64,64,64,64,64,37,74,63,63,63,35,72,69,48,75,25,75,71,68,39,44,35,72,30,67,67,67,39,75,68,78,85,45],"gold":110,"neow_bonus":"TRANSFORM_CARD","is_prod":false,"is_daily":false,"chose_seed":false,"campfire_upgraded":3,"win_rate":0,"timestamp":1550710888,"path_taken":["M","?","$","M","M","E","M","R","T","R","E","M","R","?","R","BOSS","M","?","M","?","$","E","R","E","T","R","E","R","M","E","R","BOSS","M","M","M","M","?","R","E","R","T","?","M","R","M","$","R","BOSS"],"build_version":"2019-01-23","purchased_purges":2,"victory":true,"max_hp_per_floor":[75,75,75,75,75,75,75,75,75,75,75,75,75,75,75,75,75,75,75,75,75,75,75,75,75,75,75,75,75,75,75,75,75,75,75,75,75,75,75,75,75,75,75,75,75,75,75,85,85,85],"card_choices":[{"not_picked":["Rebound","Beam Cell"],"picked":"Coolheaded","floor":1},{"not_picked":["Coolheaded","Reprogram"],"picked":"Static Discharge","floor":4},{"not_picked":["Streamline","Cold Snap","Redo"],"picked":"SKIP","floor":5},{"not_picked":["Gash","Force Field","Rebound"],"picked":"SKIP","floor":6},{"not_picked":["Ball Lightning","Fusion"],"picked":"Compile Driver","floor":7},{"not_picked":["Storm","Heatsinks","Go for the Eyes"],"picked":"SKIP","floor":11},{"not_picked":["Compile Driver","Rebound"],"picked":"Chaos","floor":12},{"not_picked":["Core Surge","Buffer"],"picked":"Electrodynamics","floor":16},{"not_picked":["Coolheaded","Heatsinks+1","Rip and Tear+1"],"picked":"SKIP","floor":18},{"not_picked":["Gash","Compile Driver"],"picked":"Doom and Gloom+1","floor":20},{"not_picked":["Go for the Eyes+1","Heatsinks","Turbo"],"picked":"SKIP","floor":23},{"not_picked":["Static Discharge","Undo+1","FTL"],"picked":"SKIP","floor":25},{"not_picked":["Creative AI","Streamline","Coolheaded"],"picked":"SKIP","floor":28},{"not_picked":["Gash","Cold Snap"],"picked":"Glacier","floor":30},{"not_picked":["Static Discharge","Coolheaded"],"picked":"Machine Learning","floor":31},{"not_picked":["Hologram+1","Ball Lightning+1"],"picked":"Loop","floor":32},{"not_picked":["Meteor Strike+1","Electrodynamics"],"picked":"Seek","floor":33},{"not_picked":["Stack","Reprogram+1","Rebound+1"],"picked":"SKIP","floor":35},{"not_picked":["Leap","Ball Lightning+1","Scrape+1"],"picked":"SKIP","floor":36},{"not_picked":["Hologram+1","Beam Cell+1"],"picked":"Redo+1","floor":37},{"not_picked":["Barrage+1","Compile Driver+1","Stack"],"picked":"SKIP","floor":38},{"not_picked":["Machine Learning","Stack+1","Sweeping Beam+1"],"picked":"SKIP","floor":41},{"not_picked":["Chaos","Turbo"],"picked":"Melter+1","floor":42},{"not_picked":["Genetic Algorithm+1","Doom and Gloom+1"],"picked":"Coolheaded+1","floor":45},{"not_picked":["BootSequence+1","Fusion"],"picked":"Conserve Battery+1","floor":46},{"not_picked":["Leap+1","Cold Snap+1","Amplify"],"picked":"SKIP","floor":47}],"player_experience":268100,"relics_obtained":[{"floor":6,"key":"Regal Pillow"},{"floor":9,"key":"Juzu Bracelet"},{"floor":11,"key":"DataDisk"},{"floor":23,"key":"Centennial Puzzle"},{"floor":25,"key":"Ancient Tea Set"},{"floor":26,"key":"Orichalcum"},{"floor":28,"key":"Blood Vial"},{"floor":31,"key":"Molten Egg 2"},{"floor":41,"key":"Mercury Hourglass"},{"floor":43,"key":"Smiling Mask"}],"event_choices":[{"damage_healed":0,"gold_gain":175,"player_choice":"AGREE","damage_taken":0,"max_hp_gain":0,"max_hp_loss":0,"event_name":"Liars Game","floor":2,"gold_loss":0,"cards_obtained":["Doubt"]},{"damage_healed":0,"gold_gain":0,"player_choice":"Success","damage_taken":18,"relics_obtained":["Dream Catcher"],"max_hp_gain":0,"max_hp_loss":0,"event_name":"Scrap Ooze","floor":14,"gold_loss":0},{"damage_healed":0,"gold_gain":0,"player_choice":"Bought 0 Potions","damage_taken":0,"max_hp_gain":0,"max_hp_loss":0,"event_name":"The Woman in Blue","floor":19,"gold_loss":0},{"damage_healed":0,"gold_gain":0,"player_choice":"Embrace Madness","damage_taken":9,"max_hp_gain":0,"max_hp_loss":0,"event_name":"Winding Halls","floor":39,"gold_loss":0,"cards_obtained":["Madness","Madness"]},{"cards_removed":["Strike_B"],"damage_healed":0,"gold_gain":0,"player_choice":"Removed Attack","damage_taken":0,"max_hp_gain":0,"max_hp_loss":0,"event_name":"Falling","floor":44,"gold_loss":0}],"is_beta":false,"boss_relics":[{"not_picked":["Tiny House","Empty Cage"],"picked":"Sozu"},{"not_picked":["Lizard Tail","Eternal Feather"],"picked":"Fusion Hammer"}],"items_purged_floors":[3,48],"is_endless":false,"potions_floor_spawned":[7,11,16,23,25,28,30,35,41],"ascension_level":3}