{"gold_per_floor":[114,114,189,199,76,102,102,132,202,231,231,231,241,255,255,358,358,370,390,390,400,414,414,52,52,52,52,82,82,82],"floor_reached":30,"playtime":1635,"items_purged":["Strike_G","Strike_G"],"score":437,"play_id":"c25b7add-2e8f-4f88-be89-834e21a1c192","local_time":"20190226133319","is_ascension_mode":true,"campfire_choices":[{"data":"Poisoned Stab","floor":7,"key":"SMITH"},{"floor":11,"key":"REST"},{"data":"Caltrops","floor":15,"key":"SMITH"},{"floor":23,"key":"REST"},{"floor":25,"key":"REST"},{"data":"Cloak And Dagger","floor":27,"key":"SMITH"}],"neow_cost":"NONE","seed_source_timestamp":3691911864586719,"circlet_count":0,"master_deck":["AscendersBane","Defend_G","Defend_G","Defend_G","Defend_G","Strike_G","Survivor","Neutralize+1","Dagger Throw","Poisoned Stab+1","Cloak And Dagger+1","Bane","Sucker Punch","Caltrops+1","Deflect","Malaise","Slice+1","Choke","Backflip","Deflect","Dodge and Roll"],"relics":["Ring of the Snake","NeowsBlessing","Vajra","Art of War","Dodecahedron","The Courier","Empty Cage","MutagenicStrength","TwistedFunnel","Tingsha","Frozen Egg 2"],"potions_floor_usage":[16,16,28],"damage_taken":[{"damage":0,"enemies":"Jaw Worm","floor":1,"turns":1},{"damage":0,"enemies":"Small Slimes","floor":4,"turns":1},{"damage":0,"enemies":"Lagavulin","floor":6,"turns":1},{"damage":12,"enemies":"Gremlin Nob","floor":8,"turns":4},{"damage":23,"enemies":"3 Sentries","floor":10,"turns":11},{"damage":0,"enemies":"Cultist","floor":13,"turns":2},{"damage":0,"enemies":"2 Fungi Beasts","floor":14,"turns":2},{"damage":36,"enemies":"The Guardian","floor":16,"turns":14},{"damage":3,"enemies":"Shell Parasite","floor":18,"turns":8},{"damage":0,"enemies":"Chosen","floor":19,"turns":6},{"damage":26,"enemies":"Shelled Parasite and Fungi","floor":21,"turns":7},{"damage":11,"enemies":"Centurion and Healer","floor":22,"turns":7},{"damage":62,"enemies":"Gremlin Leader","floor":28,"turns":10},{"damage":9,"enemies":"Cultist and Chosen","floor":30,"turns":4}],"seed_played":"-4293653411937278048","potions_obtained":[{"floor":13,"key":"Explosive Potion"},{"floor":14,"key":"SpeedPotion"}],"is_trial":false,"path_per_floor":["M","?","?","M","$","E","R","E","T","E","R","?","M","M","R","B",null,"M","M","?","M","M","R","$","R","T","R","E","?","M"],"character_chosen":"THE_SILENT","items_purchased":["Poisoned Stab","Fire Potion","Deflect","Dodge and Roll","TwistedFunnel"],"campfire_rested":3,"item_purchase_floors":[5,24,24,24,24],"current_hp_per_floor":[63,63,52,52,52,52,52,40,40,17,38,70,70,70,70,34,61,58,58,58,32,21,42,42,63,63,63,1,1,0],"gold":82,"neow_bonus":"THREE_ENEMY_KILL","is_prod":false,"is_daily":false,"chose_seed":false,"campfire_upgraded":3,"win_rate":0,"timestamp":1551205999,"path_taken":["M","?","?","M","$","E","R","E","T","E","R","?","M","M","R","BOSS","M","?","?","M","M","R","$","R","T","R","E","?","?"],"build_version":"2019-02-06","purchased_purges":2,"victory":false,"max_hp_per_floor":[70,70,70,70,70,70,70,70,70,70,70,70,70,70,70,70,70,70,70,70,70,70,70,70,70,70,70,70,70,70],"card_choices":[{"not_picked":["Blade Dance","Backflip"],"picked":"Dagger Throw","floor":1},{"not_picked":["Catalyst","Outmaneuver","Infinite Blades"],"picked":"SKIP","floor":4},{"not_picked":["Blade Dance","Phantasmal Killer"],"picked":"Cloak And Dagger","floor":6},{"not_picked":["Heel Hook","Catalyst"],"picked":"Bane","floor":8},{"not_picked":["Blade Dance","Deflect"],"picked":"Sucker Punch","floor":10},{"not_picked":["Flying Knee","Quick Slash"],"picked":"Caltrops","floor":13},{"not_picked":["Deadly Poison","Cloak And Dagger"],"picked":"Deflect","floor":14},{"not_picked":["Envenom","Night Terror"],"picked":"Malaise","floor":16},{"not_picked":["Flechettes","Deflect"],"picked":"Slice+1","floor":18},{"not_picked":["Dagger Throw","Sucker Punch"],"picked":"Choke","floor":19},{"not_picked":["Deflect","Endless Agony"],"picked":"Backflip","floor":21},{"not_picked":["Acrobatics","Slice+1","Malaise"],"picked":"SKIP","floor":22},{"not_picked":["Reflex","Outmaneuver+1","Heel Hook"],"picked":"SKIP","floor":28}],"player_experience":255608,"relics_obtained":[{"floor":6,"key":"Vajra"},{"floor":8,"key":"Art of War"},{"floor":9,"key":"Dodecahedron"},{"floor":10,"key":"The Courier"},{"floor":26,"key":"Tingsha"},{"floor":28,"key":"Frozen Egg 2"}],"event_choices":[{"damage_healed":0,"gold_gain":0,"player_choice":"Grow","damage_taken":0,"max_hp_gain":0,"max_hp_loss":0,"event_name":"Living Wall","floor":2,"gold_loss":0,"cards_upgraded":["Neutralize"]},{"damage_healed":0,"gold_gain":75,"player_choice":"Gather Gold","damage_taken":11,"max_hp_gain":0,"max_hp_loss":0,"event_name":"World of Goop","floor":3,"gold_loss":0},{"damage_healed":32,"gold_gain":0,"player_choice":"Full Heal","damage_taken":0,"max_hp_gain":0,"max_hp_loss":0,"event_name":"Wheel of Change","floor":12,"gold_loss":0},{"damage_healed":0,"gold_gain":0,"player_choice":"Inject Mutagens","damage_taken":0,"relics_obtained":["MutagenicStrength"],"max_hp_gain":0,"max_hp_loss":0,"event_name":"Drug Dealer","floor":20,"gold_loss":0},{"cards_removed":["Strike_G"],"damage_healed":0,"gold_gain":0,"player_choice":"Purged","damage_taken":0,"max_hp_gain":0,"max_hp_loss":0,"event_name":"Purifier","floor":29,"gold_loss":0}],"is_beta":true,"boss_relics":[{"not_picked":["Pandora\u0027s Box","Snecko Eye"],"picked":"Empty Cage"}],"items_purged_floors":[5,24],"is_endless":false,"potions_floor_spawned":[13,14],"killed_by":"Cultist and Chosen","ascension_level":10}