{"gold_per_floor":[367,386,89,108,80,80,96,125,149,161,28,28,28,53,53,127,127,139,72,83,101,19,19,33,47,47,47,47,47,47,74,74,74],"floor_reached":33,"playtime":1786,"items_purged":["Strike_R"],"score":509,"play_id":"30e0dbab-f442-459c-935b-d22efc0e22cd","local_time":"20190212182900","is_ascension_mode":true,"campfire_choices":[{"data":"True Grit","floor":6,"key":"SMITH"},{"data":"Sword Boomerang","floor":13,"key":"SMITH"},{"floor":15,"key":"REST"},{"floor":23,"key":"REST"},{"data":"Metallicize","floor":27,"key":"SMITH"},{"data":"Flex","floor":30,"key":"SMITH"},{"data":"Disarm","floor":32,"key":"SMITH"}],"neow_cost":"TEN_PERCENT_HP_LOSS","seed_source_timestamp":30867309575282,"circlet_count":0,"master_deck":["AscendersBane","Strike_R","Strike_R","Defend_R","Defend_R","Defend_R","Defend_R","Bash","Rampage","Shockwave","Metallicize+1","Spot Weakness","True Grit+1","Cleave","Headbutt","Sword Boomerang+1","Exhume","Flame Barrier+1","Feel No Pain","Shrug It Off","Shrug It Off","Searing Blow","Flex+1","Disarm+1"],"relics":["Burning Blood","Membership Card","Bronze Scales","Centennial Puzzle","Singing Bowl","PreservedInsect","Velvet Choker","Red Skull","Mummified Hand","Charon\u0027s Ashes","Shovel"],"potions_floor_usage":[14,16,33,33],"damage_taken":[{"damage":3,"enemies":"Small Slimes","floor":1,"turns":5},{"damage":1,"enemies":"Cultist","floor":2,"turns":3},{"damage":6,"enemies":"2 Louse","floor":4,"turns":3},{"damage":11,"enemies":"Blue Slaver","floor":7,"turns":5},{"damage":22,"enemies":"3 Sentries","floor":8,"turns":10},{"damage":8,"enemies":"Looter","floor":10,"turns":3},{"damage":26,"enemies":"Gremlin Nob","floor":14,"turns":4},{"damage":21,"enemies":"The Guardian","floor":16,"turns":11},{"damage":30,"enemies":"Spheric Guardian","floor":18,"turns":4},{"damage":27,"enemies":"2 Thieves","floor":20,"turns":4},{"damage":8,"enemies":"Snake Plant","floor":21,"turns":4},{"damage":6,"enemies":"Centurion and Healer","floor":24,"turns":5},{"damage":5,"enemies":"Snecko","floor":25,"turns":6},{"damage":6,"enemies":"Book of Stabbing","floor":31,"turns":4},{"damage":42,"enemies":"Champ","floor":33,"turns":15}],"seed_played":"9053987966285557658","potions_obtained":[{"floor":1,"key":"AttackPotion"},{"floor":7,"key":"SkillPotion"},{"floor":16,"key":"Dexterity Potion"},{"floor":18,"key":"FearPotion"}],"is_trial":false,"path_per_floor":["M","M","$","M","$","R","M","E","T","M","$","?","R","E","R","B",null,"M","$","M","M","$","R","M","M","T","R","?","T","R","E","R","B"],"character_chosen":"IRONCLAD","items_purchased":["Membership Card","Metallicize","True Grit","Singing Bowl","Feel No Pain","Shrug It Off","Red Skull"],"campfire_rested":2,"item_purchase_floors":[3,3,5,11,19,19,22],"current_hp_per_floor":[68,68,68,68,68,68,63,47,47,45,45,45,45,27,48,33,61,37,37,16,16,16,37,39,42,42,42,42,42,42,42,42,0],"gold":74,"neow_bonus":"TWO_FIFTY_GOLD","is_prod":false,"is_daily":false,"chose_seed":false,"campfire_upgraded":5,"win_rate":0,"timestamp":1550014140,"path_taken":["M","M","$","M","$","R","M","E","T","M","$","?","R","E","R","BOSS","M","$","M","M","?","R","M","M","T","R","?","?","R","E","R","BOSS"],"build_version":"2019-01-23","purchased_purges":1,"victory":false,"max_hp_per_floor":[68,68,68,68,68,68,68,68,68,68,68,68,68,70,70,70,70,70,70,70,72,72,72,74,76,76,76,76,76,76,76,76,76],"card_choices":[{"not_picked":["Entrench","Infernal Blade"],"picked":"Rampage","floor":1},{"not_picked":["Iron Wave","Twin Strike"],"picked":"Shockwave","floor":2},{"not_picked":["Twin Strike","Clothesline"],"picked":"Spot Weakness","floor":4},{"not_picked":["Armaments","Iron Wave"],"picked":"Cleave","floor":7},{"not_picked":["Whirlwind","Twin Strike"],"picked":"Headbutt","floor":8},{"not_picked":["Power Through","Perfected Strike"],"picked":"Sword Boomerang","floor":10},{"not_picked":["Barricade","Seeing Red","True Grit"],"picked":"Singing Bowl","floor":14},{"not_picked":["Barricade","Juggernaut"],"picked":"Exhume","floor":16},{"not_picked":["Combust","Flex+1"],"picked":"Flame Barrier+1","floor":18},{"not_picked":["Perfected Strike","Twin Strike"],"picked":"Shrug It Off","floor":20},{"not_picked":["Perfected Strike","Clothesline","Pommel Strike"],"picked":"Singing Bowl","floor":21},{"not_picked":["Pommel Strike","Fire Breathing","Perfected Strike"],"picked":"Singing Bowl","floor":24},{"not_picked":["Perfected Strike+1","Dual Wield","Metallicize"],"picked":"Singing Bowl","floor":25},{"not_picked":["Shrug It Off","Rage"],"picked":"Disarm","floor":31}],"player_experience":537975,"relics_obtained":[{"floor":8,"key":"Bronze Scales"},{"floor":9,"key":"Centennial Puzzle"},{"floor":14,"key":"PreservedInsect"},{"floor":26,"key":"Mummified Hand"},{"floor":29,"key":"Charon\u0027s Ashes"},{"floor":31,"key":"Shovel"}],"event_choices":[{"damage_healed":0,"gold_gain":0,"player_choice":"Got Potions","damage_taken":0,"max_hp_gain":0,"max_hp_loss":0,"event_name":"Lab","floor":12,"gold_loss":0},{"damage_healed":0,"gold_gain":0,"cards_transformed":["Strike_R","Strike_R"],"player_choice":"Became Test Subject","damage_taken":0,"max_hp_gain":0,"max_hp_loss":0,"event_name":"Drug Dealer","floor":28,"gold_loss":0,"cards_obtained":["Searing Blow","Flex"]}],"is_beta":false,"boss_relics":[{"not_picked":["Black Blood","Sozu"],"picked":"Velvet Choker"}],"items_purged_floors":[3],"is_endless":false,"potions_floor_spawned":[1,7,10,16,18,24,25,31],"killed_by":"Champ","ascension_level":17}