{"gold_per_floor":[110,130,19,19,32,65,82,82,82,97,113,113,0,11,11,87,87,104,104,29,29,41,41,41,41,41,58,108,108,120,153,153,225,225,235,5,16,28,44,44,0,0,70,82,98,98,116,116,116,116],"floor_reached":50,"playtime":2399,"items_purged":["Strike_G"],"score":884,"play_id":"553bba23-12b7-4f96-99f1-1fb885ebfbb0","local_time":"20190205183813","is_ascension_mode":true,"campfire_choices":[{"floor":8,"key":"REST"},{"floor":12,"key":"REST"},{"data":"Footwork","floor":15,"key":"SMITH"},{"floor":23,"key":"REST"},{"data":"Catalyst","floor":25,"key":"SMITH"},{"floor":29,"key":"REST"},{"floor":32,"key":"REST"},{"data":"Wraith Form v2","floor":40,"key":"SMITH"},{"floor":42,"key":"REST"},{"floor":49,"key":"RECALL"}],"neow_cost":"NONE","seed_source_timestamp":13343460249702,"circlet_count":0,"master_deck":["AscendersBane","Defend_G","Defend_G","Defend_G","Defend_G","Defend_G","Survivor","Neutralize","Catalyst+1","Quick Slash","Quick Slash","Dagger Spray","Noxious Fumes","Backflip","Deadly Poison","Noxious Fumes","Deflect","Footwork+1","Wraith Form v2+1","Corpse Explosion","Deadly Poison+1","Leg Sweep","Malaise","Bane+1","Deadly Poison+1","Catalyst+1","PiercingWail"],"relics":["Ring of the Snake","Sozu","Shovel","Smiling Mask","Astrolabe","TwistedFunnel","Red Mask","Mummified Hand"],"potions_floor_usage":[6,16,22,33],"damage_taken":[{"damage":1,"enemies":"2 Louse","floor":1,"turns":4},{"damage":4,"enemies":"Jaw Worm","floor":2,"turns":6},{"damage":0,"enemies":"Cultist","floor":5,"turns":4},{"damage":24,"enemies":"Lagavulin","floor":6,"turns":6},{"damage":17,"enemies":"3 Louse","floor":7,"turns":5},{"damage":13,"enemies":"Large Slime","floor":10,"turns":9},{"damage":0,"enemies":"2 Fungi Beasts","floor":11,"turns":3},{"damage":4,"enemies":"Exordium Thugs","floor":14,"turns":4},{"damage":8,"enemies":"Hexaghost","floor":16,"turns":9},{"damage":9,"enemies":"Shell Parasite","floor":18,"turns":6},{"damage":13,"enemies":"Colosseum Slavers","floor":21,"turns":7},{"damage":12,"enemies":"Chosen","floor":22,"turns":7},{"damage":16,"enemies":"Snake Plant","floor":27,"turns":5},{"damage":6,"enemies":"Centurion and Healer","floor":30,"turns":4},{"damage":24,"enemies":"Slavers","floor":31,"turns":5},{"damage":31,"enemies":"Champ","floor":33,"turns":10},{"damage":11,"enemies":"3 Shapes","floor":35,"turns":2},{"damage":4,"enemies":"3 Darklings","floor":37,"turns":2},{"damage":0,"enemies":"4 Shapes","floor":38,"turns":3},{"damage":7,"enemies":"Jaw Worm Horde","floor":39,"turns":5},{"damage":0,"enemies":"3 Darklings","floor":44,"turns":4},{"damage":0,"enemies":"Transient","floor":45,"turns":5},{"damage":2,"enemies":"Spire Growth","floor":47,"turns":3},{"damage":45,"enemies":"Time Eater","floor":50,"turns":10}],"seed_played":"-1352768052327726077","potions_obtained":[{"floor":2,"key":"Poison Potion"},{"floor":7,"key":"Ancient Potion"},{"floor":16,"key":"Block Potion"}],"is_trial":false,"path_per_floor":["M","M","$","?","M","E","M","R","T","M","M","R","$","M","R","B",null,"M","?","$","?","M","R","$","R","T","M","?","R","M","E","R","B",null,"M","$","M","M","M","R","?","R","T","M","M","?","M","?","R","B"],"character_chosen":"THE_SILENT","items_purchased":["Dagger Spray","AttackPotion","Poison Potion","Deflect","TwistedFunnel"],"campfire_rested":6,"item_purchase_floors":[3,3,13,13,36],"current_hp_per_floor":[58,54,54,54,54,30,13,32,32,19,19,38,38,34,34,26,56,47,47,47,34,22,41,41,41,41,25,25,44,38,14,33,2,50,39,39,35,35,28,28,28,47,47,47,47,47,45,45,45,0],"gold":116,"neow_bonus":"TRANSFORM_CARD","is_prod":false,"is_daily":false,"chose_seed":false,"campfire_upgraded":3,"win_rate":0,"timestamp":1549409893,"path_taken":["M","M","$","?","M","E","M","R","T","M","M","R","$","M","R","BOSS","M","?","$","?","M","R","$","R","T","M","?","R","M","E","R","BOSS","M","$","M","M","?","R","?","R","T","M","M","?","M","?","R","BOSS"],"build_version":"2019-01-23","purchased_purges":1,"victory":false,"max_hp_per_floor":[66,66,66,66,66,66,66,66,66,66,66,66,66,66,66,66,66,66,66,66,66,66,66,66,66,66,66,66,66,66,66,66,66,66,66,66,66,66,66,66,66,66,66,66,66,66,66,66,66,66],"card_choices":[{"not_picked":["Dagger Throw","Setup"],"picked":"Quick Slash","floor":1},{"not_picked":["Prepared","Bane"],"picked":"Quick Slash","floor":2},{"not_picked":["Dodge and Roll","Sucker Punch","Expertise"],"picked":"SKIP","floor":5},{"not_picked":["Backflip","Phantasmal Killer"],"picked":"Noxious Fumes","floor":6},{"not_picked":["Dagger Spray","Dash"],"picked":"Backflip","floor":7},{"not_picked":["Dodge and Roll","Endless Agony"],"picked":"Deadly Poison","floor":10},{"not_picked":["Dagger Spray","Deadly Poison"],"picked":"Noxious Fumes","floor":11},{"not_picked":["Backflip","PiercingWail"],"picked":"Footwork","floor":14},{"not_picked":["Unload","Die Die Die"],"picked":"Wraith Form v2","floor":16},{"not_picked":["Bane","Underhanded Strike","Cloak And Dagger"],"picked":"SKIP","floor":18},{"not_picked":["Dodge and Roll","Quick Slash+1"],"picked":"Corpse Explosion","floor":22},{"not_picked":["Setup","Concentrate","Quick Slash"],"picked":"SKIP","floor":27},{"not_picked":["Underhanded Strike","Outmaneuver"],"picked":"Deadly Poison+1","floor":30},{"not_picked":["Heel Hook","Terror"],"picked":"Leg Sweep","floor":31},{"not_picked":["After Image","Grand Finale"],"picked":"Malaise","floor":33},{"not_picked":["Deflect+1","Dagger Spray","Deadly Poison"],"picked":"SKIP","floor":35},{"not_picked":["Distraction","Accuracy+1","Cloak And Dagger+1"],"picked":"SKIP","floor":37},{"not_picked":["Leg Sweep","Quick Slash","Underhanded Strike+1"],"picked":"SKIP","floor":38},{"not_picked":["Blur","Deadly Poison"],"picked":"Catalyst+1","floor":39},{"not_picked":["Prepared","Bouncing Flask","Bane"],"picked":"SKIP","floor":44},{"not_picked":["Venomology","Bane"],"picked":"PiercingWail","floor":45},{"not_picked":["Blur","Masterful Stab","Finisher"],"picked":"SKIP","floor":47}],"player_experience":529050,"relics_obtained":[{"floor":26,"key":"Shovel"},{"floor":31,"key":"Smiling Mask"},{"floor":43,"key":"Mummified Hand"}],"event_choices":[{"damage_healed":0,"gold_gain":0,"player_choice":"Ignored","damage_taken":0,"max_hp_gain":0,"max_hp_loss":0,"event_name":"Shining Light","floor":4,"gold_loss":0},{"damage_healed":0,"gold_gain":0,"player_choice":"Fight","damage_taken":0,"max_hp_gain":0,"max_hp_loss":0,"event_name":"Colosseum","floor":21,"gold_loss":0},{"damage_healed":0,"gold_gain":0,"player_choice":"Fled From Nobs","damage_taken":0,"max_hp_gain":0,"max_hp_loss":0,"event_name":"Colosseum","floor":21,"gold_loss":0},{"damage_healed":0,"gold_gain":50,"player_choice":"Pray","damage_taken":0,"max_hp_gain":0,"max_hp_loss":0,"event_name":"Golden Shrine","floor":28,"gold_loss":0},{"damage_healed":0,"gold_gain":0,"player_choice":"Paid","damage_taken":0,"relics_obtained":["Red Mask"],"max_hp_gain":0,"max_hp_loss":0,"event_name":"Tomb of Lord Red Mask","floor":41,"gold_loss":44},{"damage_healed":0,"gold_gain":0,"player_choice":"Ignored","damage_taken":0,"max_hp_gain":0,"max_hp_loss":0,"event_name":"Mysterious Sphere","floor":46,"gold_loss":0},{"cards_removed":["Die Die Die"],"damage_healed":0,"gold_gain":0,"player_choice":"Removed Attack","damage_taken":0,"max_hp_gain":0,"max_hp_loss":0,"event_name":"Falling","floor":48,"gold_loss":0}],"is_beta":false,"boss_relics":[{"not_picked":["Orrery","Black Star"],"picked":"Sozu"},{"not_picked":["Lizard Tail","Philosopher\u0027s Stone"],"picked":"Astrolabe"}],"items_purged_floors":[20],"is_endless":false,"potions_floor_spawned":[2,5,7,11,14,16,27,31,37,44,45],"killed_by":"Time Eater","ascension_level":16}