{"gold_per_floor":[14,24,24,42,56,85,85,115,166,166,166,166,176,211,211,309,309,296,395,408,420,420,420,420,30,53,53,69,99,99,99],"floor_reached":31,"playtime":2705,"items_purged":["Strike_B"],"score":423,"play_id":"aa4a104e-4976-46c9-82b3-3914496f8c89","local_time":"20190109180836","is_ascension_mode":true,"campfire_choices":[{"data":"Fission","floor":7,"key":"SMITH"},{"floor":11,"key":"REST"},{"floor":15,"key":"REST"},{"data":"Rainbow","floor":23,"key":"SMITH"},{"floor":27,"key":"REST"},{"floor":30,"key":"REST"}],"neow_cost":"NO_GOLD","seed_source_timestamp":419185484375240,"circlet_count":0,"master_deck":["AscendersBane","Defend_B","Defend_B","Defend_B","Zap","Dualcast","Creative AI","Auto Shields","Go for the Eyes","Ball Lightning","Leap","BootSequence","Fission+1","Rainbow+1","Steam","Cold Snap","Echo Form","Self Repair","Double Energy+1","Buffer"],"relics":["Cracked Core","Prayer Wheel","Singing Bowl","Oddly Smooth Stone","Matryoshka","Centennial Puzzle","Inserter","Gambling Chip","Lantern","Regal Pillow","Bird Faced Urn"],"potions_floor_usage":[6,14,24,31],"damage_taken":[{"damage":0,"enemies":"2 Louse","floor":1,"turns":2},{"damage":1,"enemies":"Cultist","floor":2,"turns":4},{"damage":0,"enemies":"Jaw Worm","floor":4,"turns":3},{"damage":5,"enemies":"Exordium Wildlife","floor":5,"turns":4},{"damage":21,"enemies":"Gremlin Nob","floor":6,"turns":4},{"damage":27,"enemies":"3 Sentries","floor":8,"turns":7},{"damage":0,"enemies":"Exordium Thugs","floor":13,"turns":4},{"damage":12,"enemies":"Gremlin Nob","floor":14,"turns":3},{"damage":40,"enemies":"Hexaghost","floor":16,"turns":15},{"damage":12,"enemies":"2 Thieves","floor":18,"turns":4},{"damage":7,"enemies":"Chosen","floor":20,"turns":5},{"damage":6,"enemies":"Snecko","floor":21,"turns":10},{"damage":32,"enemies":"Masked Bandits","floor":24,"turns":5},{"damage":19,"enemies":"Snake Plant","floor":28,"turns":6},{"damage":56,"enemies":"Book of Stabbing","floor":29,"turns":10},{"damage":86,"enemies":"Slavers","floor":31,"turns":6}],"seed_played":"-626342286215041358","potions_obtained":[{"floor":4,"key":"AttackPotion"},{"floor":8,"key":"SmokeBomb"},{"floor":13,"key":"Weak Potion"},{"floor":18,"key":"FearPotion"},{"floor":28,"key":"Poison Potion"}],"is_trial":false,"path_per_floor":["M","M","?","M","M","E","R","E","T","?","R","T","M","E","R","B",null,"M","?","M","M","?","R","?","$","T","R","M","E","R","E"],"character_chosen":"DEFECT","items_purchased":["Gambling Chip"],"campfire_rested":4,"item_purchase_floors":[25],"current_hp_per_floor":[68,67,67,67,62,41,41,14,14,7,29,29,29,19,42,2,58,48,48,41,46,46,46,28,28,28,67,66,26,67,0],"gold":99,"neow_bonus":"TRANSFORM_TWO_CARDS","is_prod":false,"is_daily":false,"chose_seed":false,"campfire_upgraded":2,"win_rate":0,"timestamp":1547086116,"path_taken":["M","M","?","?","M","E","R","E","T","?","R","?","?","E","R","BOSS","M","?","M","M","?","R","?","$","T","R","M","E","R","E"],"build_version":"2019-01-08","purchased_purges":1,"victory":false,"max_hp_per_floor":[75,75,75,75,75,75,75,75,75,75,75,75,75,77,77,77,77,79,79,79,83,83,83,83,83,83,83,87,89,89,89],"card_choices":[{"not_picked":["Stack","Static Discharge"],"picked":"Go for the Eyes","floor":1},{"not_picked":["Hologram","Turbo"],"picked":"Ball Lightning","floor":2},{"not_picked":["Hello World","Coolheaded"],"picked":"Leap","floor":4},{"not_picked":["Darkness","Heatsinks"],"picked":"BootSequence","floor":5},{"not_picked":["Rip and Tear","Skim"],"picked":"Fission","floor":6},{"not_picked":["Go for the Eyes","Multi-Cast"],"picked":"Rainbow","floor":8},{"not_picked":["Stack","Storm"],"picked":"Steam","floor":13},{"not_picked":["Coolheaded","Turbo"],"picked":"Cold Snap","floor":13},{"not_picked":["FTL","Force Field","Hologram"],"picked":"Singing Bowl","floor":14},{"not_picked":["Core Surge","Multi-Cast"],"picked":"Echo Form","floor":16},{"not_picked":["Redo","Turbo"],"picked":"Self Repair","floor":18},{"not_picked":["Cold Snap","Recycle","Go for the Eyes+1"],"picked":"Singing Bowl","floor":18},{"not_picked":["Streamline","Darkness"],"picked":"Double Energy+1","floor":20},{"not_picked":["Turbo+1","Rebound+1"],"picked":"Buffer","floor":20},{"not_picked":["Leap","Capacitor","Scrape"],"picked":"Singing Bowl","floor":21},{"not_picked":["Melter+1","Coolheaded","Tempest"],"picked":"Singing Bowl","floor":21},{"not_picked":["Compile Driver+1","Chaos+1","Rebound"],"picked":"Singing Bowl","floor":28},{"not_picked":["Turbo+1","Stack","Compile Driver"],"picked":"Singing Bowl","floor":28},{"not_picked":["FTL+1","Beam Cell+1","Stack"],"picked":"Singing Bowl","floor":29}],"player_experience":730047,"relics_obtained":[{"floor":6,"key":"Prayer Wheel"},{"floor":8,"key":"Singing Bowl"},{"floor":9,"key":"Oddly Smooth Stone"},{"floor":12,"key":"Matryoshka"},{"floor":14,"key":"Centennial Puzzle"},{"floor":26,"key":"Lantern"},{"floor":26,"key":"Regal Pillow"},{"floor":29,"key":"Bird Faced Urn"}],"event_choices":[{"damage_healed":0,"gold_gain":0,"player_choice":"Leave","damage_taken":0,"max_hp_gain":0,"max_hp_loss":0,"event_name":"FaceTrader","floor":3,"gold_loss":0},{"cards_removed":["Strike_B"],"damage_healed":0,"gold_gain":0,"player_choice":"Card Removal","damage_taken":7,"max_hp_gain":0,"max_hp_loss":0,"event_name":"Golden Wing","floor":10,"gold_loss":0},{"damage_healed":0,"gold_gain":99,"player_choice":"Stole From Cult","damage_taken":0,"max_hp_gain":0,"max_hp_loss":0,"event_name":"Nest","floor":19,"gold_loss":0},{"cards_removed":["Strike_B"],"damage_healed":0,"gold_gain":0,"player_choice":"Elegance","damage_taken":0,"max_hp_gain":0,"max_hp_loss":0,"event_name":"Back to Basics","floor":22,"gold_loss":0},{"damage_healed":0,"gold_gain":0,"player_choice":"Fought Bandits","damage_taken":0,"max_hp_gain":0,"max_hp_loss":0,"event_name":"Masked Bandits","floor":24,"gold_loss":0}],"is_beta":true,"boss_relics":[{"not_picked":["Pandora\u0027s Box","Eternal Feather"],"picked":"Inserter"}],"items_purged_floors":[25],"is_endless":false,"potions_floor_spawned":[4,8,13,18,24,28],"killed_by":"Slavers","ascension_level":11}