{"gold_per_floor":[114,39,39,49,63,91,107,107,107,134,134,160,129,129,129,230,230,242,341,110,84,102,102,102],"floor_reached":24,"playtime":1766,"items_purged":["Strike_R","Defend_R"],"score":235,"play_id":"e8525c6f-83f2-4cb3-a1d5-f009b241e611","local_time":"20190216135158","is_ascension_mode":true,"campfire_choices":[{"floor":8,"key":"RECALL"},{"floor":11,"key":"REST"},{"floor":15,"key":"REST"},{"data":"Limit Break","floor":23,"key":"SMITH"}],"neow_cost":"NONE","seed_source_timestamp":2828891050312082,"circlet_count":0,"master_deck":["Strike_R","Strike_R","Defend_R","Defend_R","Defend_R","Bash","Iron Wave","Flame Barrier","Heavy Blade","True Grit","Shrug It Off","Inflame","Limit Break+1","Flex","Shockwave","Shrug It Off"],"relics":["Burning Blood","Bronze Scales","Anchor","Ginger","Nunchaku","Empty Cage"],"potions_floor_usage":[12,12,24],"damage_taken":[{"damage":2,"enemies":"Jaw Worm","floor":1,"turns":4},{"damage":3,"enemies":"Small Slimes","floor":4,"turns":4},{"damage":1,"enemies":"2 Louse","floor":5,"turns":3},{"damage":57,"enemies":"Lagavulin","floor":6,"turns":11},{"damage":4,"enemies":"Exordium Wildlife","floor":7,"turns":6},{"damage":7,"enemies":"3 Sentries","floor":10,"turns":11},{"damage":50,"enemies":"Lagavulin","floor":12,"turns":17},{"damage":48,"enemies":"Hexaghost","floor":16,"turns":11},{"damage":11,"enemies":"Shell Parasite","floor":18,"turns":9},{"damage":18,"enemies":"2 Thieves","floor":21,"turns":5},{"damage":18,"enemies":"Snake Plant","floor":22,"turns":4},{"damage":54,"enemies":"Slavers","floor":24,"turns":6}],"seed_played":"-5691024101303996121","potions_obtained":[{"floor":5,"key":"Poison Potion"},{"floor":10,"key":"Block Potion"},{"floor":16,"key":"GamblersBrew"}],"is_trial":false,"path_per_floor":["M","$","?","M","M","E","M","R","T","E","R","E","?","?","R","B",null,"M","?","$","M","M","R","E"],"character_chosen":"IRONCLAD","items_purchased":["Flex","Shockwave"],"campfire_rested":2,"item_purchase_floors":[20,20],"current_hp_per_floor":[80,80,73,76,80,29,31,31,31,30,54,10,10,30,54,12,77,72,72,72,60,48,48,0],"gold":102,"neow_bonus":"RANDOM_COMMON_RELIC","is_prod":false,"is_daily":false,"chose_seed":false,"campfire_upgraded":1,"win_rate":0,"timestamp":1550343118,"path_taken":["M","$","?","M","M","E","M","R","T","E","R","E","?","?","R","BOSS","M","?","$","M","M","R","E"],"build_version":"2019-02-06","purchased_purges":2,"victory":false,"max_hp_per_floor":[80,80,80,80,80,80,80,80,80,80,80,80,80,80,80,80,77,77,77,77,77,77,77,77],"card_choices":[{"not_picked":["Twin Strike","Spot Weakness"],"picked":"Iron Wave","floor":1},{"not_picked":["Headbutt","Pommel Strike"],"picked":"Flame Barrier","floor":4},{"not_picked":["Rupture","Twin Strike"],"picked":"Heavy Blade","floor":5},{"not_picked":["Thunderclap","Twin Strike"],"picked":"True Grit","floor":6},{"not_picked":["Twin Strike","Ghostly Armor"],"picked":"Shrug It Off","floor":7},{"not_picked":["Reaper","Dual Wield"],"picked":"Inflame","floor":10},{"not_picked":["Sword Boomerang","Warcry","Spot Weakness"],"picked":"SKIP","floor":12},{"not_picked":["Bludgeon","Barricade"],"picked":"Limit Break","floor":16},{"not_picked":["True Grit","Power Through","Havoc+1"],"picked":"SKIP","floor":18},{"not_picked":["Dual Wield","Warcry","Inflame"],"picked":"SKIP","floor":21},{"not_picked":["Clash","Blood for Blood"],"picked":"Shrug It Off","floor":22}],"player_experience":122934,"relics_obtained":[{"floor":6,"key":"Anchor"},{"floor":10,"key":"Ginger"},{"floor":12,"key":"Nunchaku"}],"event_choices":[{"cards_removed":["Strike_R"],"damage_healed":0,"gold_gain":0,"player_choice":"Card Removal","damage_taken":7,"max_hp_gain":0,"max_hp_loss":0,"event_name":"Golden Wing","floor":3,"gold_loss":0},{"damage_healed":0,"gold_gain":0,"player_choice":"Left Gold","damage_taken":0,"max_hp_gain":0,"max_hp_loss":0,"event_name":"World of Goop","floor":13,"gold_loss":31},{"damage_healed":20,"gold_gain":0,"player_choice":"Healed and dodged fight","damage_taken":0,"max_hp_gain":0,"max_hp_loss":0,"event_name":"Mushrooms","floor":14,"gold_loss":0,"cards_obtained":["Parasite"]},{"damage_healed":0,"gold_gain":99,"player_choice":"Stole From Cult","damage_taken":0,"max_hp_gain":0,"max_hp_loss":0,"event_name":"Nest","floor":19,"gold_loss":0}],"is_beta":true,"boss_relics":[{"not_picked":["Eternal Feather","Snecko Eye"],"picked":"Empty Cage"}],"items_purged_floors":[2,20],"is_endless":false,"potions_floor_spawned":[5,10,16],"killed_by":"Slavers","ascension_level":2}