{"gold_per_floor":[113,63,79,79,89,89,12,42,69,89,106,124,94,94,94,94],"floor_reached":16,"playtime":884,"items_purged":[],"score":102,"play_id":"a76cb20b-73b7-4b4b-a39a-4d9a26dfd8e4","local_time":"20190215114204","is_ascension_mode":false,"campfire_choices":[{"data":"Coolheaded","floor":6,"key":"SMITH"},{"floor":15,"key":"REST"}],"neow_cost":"NONE","seed_source_timestamp":2735589567381182,"circlet_count":0,"master_deck":["Strike_B","Strike_B","Strike_B","Defend_B","Defend_B","Defend_B","Defend_B","Zap","Dualcast","Loop","Coolheaded+1","Defragment","Double Energy","Redo","Reboot"],"relics":["Cracked Core","NeowsBlessing","Centennial Puzzle","Strawberry"],"potions_floor_usage":[12,13,16],"damage_taken":[{"damage":0,"enemies":"Small Slimes","floor":1,"turns":1},{"damage":0,"enemies":"Jaw Worm","floor":3,"turns":1},{"damage":0,"enemies":"Cultist","floor":5,"turns":1},{"damage":49,"enemies":"Gremlin Nob","floor":8,"turns":5},{"damage":10,"enemies":"Looter","floor":10,"turns":3},{"damage":16,"enemies":"Large Slime","floor":11,"turns":6},{"damage":1,"enemies":"2 Fungi Beasts","floor":12,"turns":2},{"damage":0,"enemies":"Looter","floor":13,"turns":4},{"damage":33,"enemies":"Slime Boss","floor":16,"turns":11}],"seed_played":"-2348278574203795272","potions_obtained":[{"floor":3,"key":"Strength Potion"},{"floor":4,"key":"PowerPotion"},{"floor":4,"key":"GamblersBrew"}],"is_trial":false,"path_per_floor":["M","?","M","?","M","R","$","E","T","M","M","M","M","?","R","B"],"character_chosen":"DEFECT","items_purchased":["Defragment"],"campfire_rested":1,"item_purchase_floors":[7],"current_hp_per_floor":[75,75,75,75,75,75,75,26,33,23,7,6,6,6,30,0],"gold":94,"neow_bonus":"THREE_ENEMY_KILL","is_prod":false,"is_daily":false,"chose_seed":false,"campfire_upgraded":1,"win_rate":0.0,"timestamp":1550248924,"path_taken":["M","?","M","?","M","R","$","E","T","M","M","?","M","?","R","BOSS"],"build_version":"2019-02-06","purchased_purges":0,"victory":false,"max_hp_per_floor":[75,75,75,75,75,75,75,75,82,82,82,82,82,82,82,82],"card_choices":[{"not_picked":["Beam Cell","Gash"],"picked":"Loop","floor":1},{"not_picked":["Fusion","Aggregate","Ball Lightning"],"picked":"SKIP","floor":3},{"not_picked":["Loop","Steam"],"picked":"Coolheaded","floor":5},{"not_picked":["Leap","Doom and Gloom"],"picked":"Double Energy","floor":8},{"not_picked":["Gash","Streamline","Aggregate"],"picked":"SKIP","floor":10},{"not_picked":["Leap","Melter","Beam Cell"],"picked":"SKIP","floor":11},{"not_picked":["Blizzard","Heatsinks"],"picked":"Redo","floor":12},{"not_picked":["Coolheaded","Darkness"],"picked":"Reboot","floor":13}],"player_experience":114801,"relics_obtained":[{"floor":8,"key":"Centennial Puzzle"},{"floor":9,"key":"Strawberry"}],"event_choices":[{"cards_removed":["Strike_B"],"damage_healed":0,"gold_gain":0,"player_choice":"Card Removal","damage_taken":0,"max_hp_gain":0,"max_hp_loss":0,"event_name":"The Cleric","floor":2,"gold_loss":50},{"damage_healed":0,"gold_gain":0,"player_choice":"Got Potions","damage_taken":0,"max_hp_gain":0,"max_hp_loss":0,"event_name":"Lab","floor":4,"gold_loss":0},{"damage_healed":0,"gold_gain":0,"player_choice":"Ignored","damage_taken":0,"max_hp_gain":0,"max_hp_loss":0,"event_name":"Shining Light","floor":14,"gold_loss":0}],"is_beta":true,"boss_relics":[],"items_purged_floors":[],"is_endless":false,"potions_floor_spawned":[3,11],"killed_by":"Slime Boss","ascension_level":0}