{"gold_per_floor":[118,20,31,45,60,60,60,60,84,110,120,120,120,133,133,230,230,249,264,164,182,196,196,196,71,71,71,71,89,106,106,106,106],"floor_reached":33,"playtime":2361,"items_purged":["Strike_R","Strike_R","Strike_R"],"score":398,"play_id":"cee75f4b-a78d-45cf-a073-a7de33fbc897","local_time":"20190228103217","is_ascension_mode":true,"campfire_choices":[{"data":"Uppercut","floor":6,"key":"SMITH"},{"floor":8,"key":"REST"},{"data":"Bash","floor":12,"key":"SMITH"},{"floor":15,"key":"REST"},{"data":"Offering","floor":23,"key":"SMITH"},{"data":"Juggernaut","floor":27,"key":"SMITH"},{"floor":32,"key":"REST"}],"neow_cost":"NONE","seed_source_timestamp":1140510066071771,"circlet_count":0,"master_deck":["AscendersBane","Strike_R","Strike_R","Defend_R","Defend_R","Defend_R","Bash+1","Demon Form","Uppercut+1","Shrug It Off","Disarm","Shrug It Off","Juggernaut+1","Iron Wave","Flame Barrier","Offering+1","Twin Strike","Pommel Strike","Twin Strike+1","Feel No Pain","RitualDagger"],"relics":["Burning Blood","Juzu Bracelet","Art of War","NlothsMask","Sozu"],"potions_floor_usage":[5,10,19],"damage_taken":[{"damage":8,"enemies":"2 Louse","floor":1,"turns":5},{"damage":1,"enemies":"Cultist","floor":3,"turns":4},{"damage":2,"enemies":"Small Slimes","floor":4,"turns":4},{"damage":62,"enemies":"Exordium Thugs","floor":5,"turns":11},{"damage":18,"enemies":"3 Sentries","floor":10,"turns":13},{"damage":7,"enemies":"2 Fungi Beasts","floor":11,"turns":5},{"damage":4,"enemies":"3 Louse","floor":14,"turns":5},{"damage":48,"enemies":"Slime Boss","floor":16,"turns":9},{"damage":0,"enemies":"Chosen","floor":18,"turns":6},{"damage":2,"enemies":"3 Byrds","floor":19,"turns":4},{"damage":7,"enemies":"Centurion and Healer","floor":21,"turns":5},{"damage":34,"enemies":"Shelled Parasite and Fungi","floor":22,"turns":6},{"damage":18,"enemies":"Snake Plant","floor":29,"turns":5},{"damage":25,"enemies":"Centurion and Healer","floor":30,"turns":7},{"damage":31,"enemies":"Collector","floor":33,"turns":6}],"seed_played":"-2660719481481856861","potions_obtained":[{"floor":4,"key":"EssenceOfSteel"},{"floor":5,"key":"EssenceOfSteel"},{"floor":16,"key":"AttackPotion"}],"is_trial":false,"path_per_floor":["M","$","M","M","M","R","?","R","T","E","M","R","?","M","R","B",null,"M","M","$","M","M","R","$","$","T","R","?","M","M","?","R","B"],"character_chosen":"IRONCLAD","items_purchased":["Shrug It Off"],"campfire_rested":3,"item_purchase_floors":[2],"current_hp_per_floor":[70,70,75,79,23,23,16,40,40,28,27,27,27,29,53,11,63,69,73,73,72,44,44,44,44,44,44,44,32,13,7,31,0],"gold":106,"neow_bonus":"ONE_RANDOM_RARE_CARD","is_prod":false,"is_daily":false,"chose_seed":false,"campfire_upgraded":4,"win_rate":0,"timestamp":1551346337,"path_taken":["M","$","M","M","M","R","?","R","T","E","M","R","?","M","R","BOSS","M","M","?","M","M","R","?","$","T","R","?","M","M","?","R","BOSS"],"build_version":"2019-01-23","purchased_purges":3,"victory":false,"max_hp_per_floor":[80,80,80,80,80,80,80,80,80,80,80,80,80,80,80,80,80,80,80,80,80,80,80,80,80,80,80,80,80,80,80,80,80],"card_choices":[{"not_picked":["Anger","Wild Strike"],"picked":"Uppercut","floor":1},{"not_picked":["Hemokinesis","Power Through","Clash"],"picked":"SKIP","floor":3},{"not_picked":["Warcry","Clothesline"],"picked":"Disarm","floor":4},{"not_picked":["Thunderclap","Armaments"],"picked":"Shrug It Off","floor":5},{"not_picked":["Clash","Entrench"],"picked":"Juggernaut","floor":10},{"not_picked":["Armaments","Warcry"],"picked":"Iron Wave","floor":11},{"not_picked":["Warcry","True Grit"],"picked":"Flame Barrier","floor":14},{"not_picked":["Brutality","Fiend Fire"],"picked":"Offering","floor":16},{"not_picked":["Seeing Red","Spot Weakness"],"picked":"Twin Strike","floor":18},{"not_picked":["Wild Strike","Body Slam+1"],"picked":"Pommel Strike","floor":19},{"not_picked":["Searing Blow","Perfected Strike"],"picked":"Twin Strike+1","floor":21},{"not_picked":["Shrug It Off","Metallicize"],"picked":"Feel No Pain","floor":22},{"not_picked":["Dropkick","Pommel Strike","Wild Strike"],"picked":"SKIP","floor":29},{"not_picked":["Twin Strike","Disarm","Iron Wave"],"picked":"SKIP","floor":30}],"player_experience":630928,"relics_obtained":[{"floor":9,"key":"Juzu Bracelet"},{"floor":10,"key":"Art of War"}],"event_choices":[{"cards_removed":["Defend_R"],"damage_healed":0,"gold_gain":0,"player_choice":"Card Removal","damage_taken":7,"max_hp_gain":0,"max_hp_loss":0,"event_name":"Golden Wing","floor":7,"gold_loss":0},{"damage_healed":0,"gold_gain":0,"player_choice":"Trade","damage_taken":0,"relics_obtained":["NlothsMask"],"max_hp_gain":0,"max_hp_loss":0,"event_name":"FaceTrader","floor":13,"gold_loss":0},{"damage_healed":0,"gold_gain":0,"player_choice":"Ignored","damage_taken":0,"max_hp_gain":0,"max_hp_loss":0,"event_name":"Beggar","floor":28,"gold_loss":0},{"damage_healed":0,"gold_gain":0,"player_choice":"Joined the Cult","damage_taken":6,"max_hp_gain":0,"max_hp_loss":0,"event_name":"Nest","floor":31,"gold_loss":0,"cards_obtained":["RitualDagger"]}],"is_beta":false,"boss_relics":[{"not_picked":["Fusion Hammer","Runic Pyramid"],"picked":"Sozu"}],"items_purged_floors":[2,20,25],"is_endless":false,"potions_floor_spawned":[4,5,16,19,29,30],"killed_by":"Collector","ascension_level":12}