{"gold_per_floor":[115,132,152,152,26,26,55,55,55,84,103,158,193,203,203,280,280,298,286,336,261,274,274,332,332,332,659,659,659,458,483,483,559,559,574,50,68,84,84,84,99,99,99,111,111,125,125,137,137,137],"floor_reached":51,"playtime":4037,"items_purged":["Strike_B","Strike_B","Strike_B"],"score":1644,"play_id":"95f79c72-6f68-4017-abc6-51d3aa0bd4cf","local_time":"20180716134233","is_ascension_mode":true,"campfire_choices":[{"data":"Go for the Eyes","floor":6,"key":"SMITH"},{"floor":8,"key":"REST"},{"data":"Capacitor","floor":15,"key":"SMITH"},{"data":"Machine Learning","floor":23,"key":"SMITH"},{"data":"Conserve Battery","floor":25,"key":"SMITH"},{"floor":28,"key":"REST"},{"floor":32,"key":"REST"},{"data":"Consume","floor":40,"key":"SMITH"},{"data":"Loop","floor":45,"key":"SMITH"},{"data":"Defragment","floor":49,"key":"SMITH"}],"neow_cost":"NONE","seed_source_timestamp":767425084073646,"circlet_count":0,"master_deck":["Defend_B","Defend_B","Defend_B","Zap+1","Dualcast","AscendersBane","Coolheaded","Go for the Eyes+1","Ball Lightning","Cold Snap","Auto Shields","Cold Snap","Compile Driver","Machine Learning+1","Capacitor+1","Cold Snap","Echo Form","Undo","Conserve Battery+1","Consume+1","Meteor Strike","Conserve Battery","All For One","Rainbow","Creative AI","Coolheaded+1","Force Field","Compile Driver","Loop+1","Compile Driver+1","Defragment+1"],"relics":["Cracked Core","Shuriken","Anchor","Blood Vial","Bird Faced Urn","Centennial Puzzle","Snecko Eye","Tiny Chest","Dream Catcher","Old Coin","Regal Pillow","Lizard Tail","Lantern","Mummified Hand"],"potions_floor_usage":[7,16,22,24,24,31,31],"damage_taken":[{"damage":0,"enemies":"2 Louse","floor":1,"turns":4},{"damage":5,"enemies":"Small Slimes","floor":2,"turns":3},{"damage":2,"enemies":"Jaw Worm","floor":3,"turns":4},{"damage":33,"enemies":"Gremlin Nob","floor":7,"turns":4},{"damage":1,"enemies":"3 Sentries","floor":10,"turns":7},{"damage":1,"enemies":"2 Fungi Beasts","floor":11,"turns":4},{"damage":14,"enemies":"3 Sentries","floor":12,"turns":7},{"damage":8,"enemies":"Lagavulin","floor":13,"turns":6},{"damage":1,"enemies":"Blue Slaver","floor":14,"turns":3},{"damage":2,"enemies":"Hexaghost","floor":16,"turns":10},{"damage":17,"enemies":"Spheric Guardian","floor":18,"turns":4},{"damage":5,"enemies":"2 Thieves","floor":19,"turns":4},{"damage":12,"enemies":"3 Cultists","floor":22,"turns":6},{"damage":12,"enemies":"Book of Stabbing","floor":24,"turns":8},{"damage":29,"enemies":"Gremlin Leader","floor":27,"turns":11},{"damage":27,"enemies":"Slavers","floor":31,"turns":6},{"damage":37,"enemies":"Collector","floor":33,"turns":10},{"damage":0,"enemies":"3 Darklings","floor":35,"turns":3},{"damage":2,"enemies":"Orb Walker","floor":37,"turns":4},{"damage":8,"enemies":"Transient","floor":38,"turns":5},{"damage":0,"floor":39,"turns":7},{"damage":0,"enemies":"Sphere and 2 Shapes","floor":41,"turns":3},{"damage":4,"enemies":"3 Darklings","floor":44,"turns":5},{"damage":0,"enemies":"Spire Growth","floor":46,"turns":4},{"damage":0,"enemies":"Transient","floor":48,"turns":5},{"damage":9,"enemies":"Donu and Deca","floor":50,"turns":7}],"seed_played":"-8353857452454528122","potions_obtained":[{"floor":3,"key":"Regen Potion"},{"floor":10,"key":"GamblersBrew"},{"floor":12,"key":"Dexterity Potion"},{"floor":19,"key":"EssenceOfSteel"},{"floor":22,"key":"FocusPotion"},{"floor":27,"key":"PowerPotion"}],"is_trial":false,"path_per_floor":["M","M","M","?","$","R","E","R","T","E","M","?","E","M","R","B",null,"M","M","?","?","M","R","E","R","T","E","R","?","$","E","R","B",null,"M","$","M","M","?","R","M","?","T","M","R","M","$","M","R","B"],"character_chosen":"DEFECT","items_purchased":["Cold Snap","Weak Potion","Conserve Battery","Creative AI","Lantern","Weak Potion","Block Potion"],"campfire_rested":3,"item_purchase_floors":[5,30,30,36,36,36,36],"current_hp_per_floor":[64,59,57,57,57,57,36,57,57,56,57,45,41,46,46,50,66,55,58,58,58,54,54,50,50,50,27,48,48,48,33,69,34,62,71,71,71,71,71,71,71,71,71,71,71,71,71,71,71,71],"gold":137,"neow_bonus":"UPGRADE_CARD","is_prod":false,"is_daily":false,"chose_seed":false,"campfire_upgraded":7,"win_rate":0,"timestamp":1531773753,"path_taken":["M","M","M","?","$","R","E","R","T","E","M","?","E","M","R","BOSS","M","M","?","?","M","R","E","R","T","E","R","?","$","E","R","BOSS","M","$","M","M","?","R","M","?","T","M","R","M","$","M","R","BOSS"],"build_version":"2018-07-13","purchased_purges":3,"victory":true,"max_hp_per_floor":[71,71,71,71,71,71,71,71,71,71,71,71,71,71,71,71,71,71,71,71,71,71,71,71,71,71,71,71,71,71,71,71,71,71,71,71,71,71,71,71,71,71,71,71,71,71,71,71,71,71],"card_choices":[{"not_picked":["Turbo","Chill"],"picked":"Coolheaded","floor":1},{"not_picked":["Hologram","Steam"],"picked":"Go for the Eyes","floor":2},{"not_picked":["Go for the Eyes","Redo"],"picked":"Ball Lightning","floor":3},{"not_picked":["Ball Lightning","Hologram"],"picked":"Auto Shields","floor":7},{"not_picked":["Go for the Eyes","Recycle"],"picked":"Cold Snap","floor":10},{"not_picked":["Sweeping Beam","Fusion"],"picked":"Compile Driver","floor":11},{"not_picked":["Barrage","Hologram"],"picked":"Machine Learning","floor":12},{"not_picked":["Leap","Rebound"],"picked":"Capacitor","floor":13},{"not_picked":["Rebound","Steam"],"picked":"Cold Snap","floor":14},{"not_picked":["Fission","Amplify"],"picked":"Echo Form","floor":16},{"not_picked":["Rip and Tear","Conserve Battery"],"picked":"Undo","floor":18},{"not_picked":["Rebound","Chaos","Self Repair"],"picked":"SKIP","floor":19},{"not_picked":["Barrage","Gash+1"],"picked":"Conserve Battery","floor":22},{"not_picked":["Sweeping Beam","Steam Power+1","Cold Snap"],"picked":"SKIP","floor":24},{"not_picked":["Leap","Steam"],"picked":"Consume","floor":27},{"not_picked":["Genetic Algorithm+1","Redo"],"picked":"All For One","floor":31},{"not_picked":["Core Surge","Fission"],"picked":"Rainbow","floor":33},{"not_picked":["Gash","Rebound","Consume"],"picked":"SKIP","floor":35},{"not_picked":["Auto Shields","Streamline"],"picked":"Coolheaded+1","floor":37},{"not_picked":["Beam Cell","Heatsinks+1"],"picked":"Force Field","floor":38},{"not_picked":["Lockon","Darkness"],"picked":"Compile Driver","floor":39},{"not_picked":["Beam Cell+1","Steam"],"picked":"Loop","floor":41},{"not_picked":["Fusion","Reprogram+1"],"picked":"Compile Driver+1","floor":44},{"not_picked":["Barrage","Chaos"],"picked":"Defragment","floor":46},{"not_picked":["Turbo","Chaos","Coolheaded"],"picked":"SKIP","floor":48}],"player_experience":2135478,"relics_obtained":[{"floor":7,"key":"Shuriken"},{"floor":9,"key":"Anchor"},{"floor":10,"key":"Blood Vial"},{"floor":13,"key":"Centennial Puzzle"},{"floor":24,"key":"Tiny Chest"},{"floor":26,"key":"Dream Catcher"},{"floor":27,"key":"Old Coin"},{"floor":31,"key":"Regal Pillow"},{"floor":43,"key":"Mummified Hand"}],"event_choices":[{"event_name":"Living Wall","player_choice":"Forget","floor":4,"damage_taken":0},{"event_name":"Dead Adventurer","player_choice":"Searched \u00272\u0027 times","floor":12,"damage_taken":0},{"event_name":"The Joust","player_choice":"Bet on Murderer","floor":20,"damage_taken":0},{"event_name":"Beggar","player_choice":"Gave Gold","floor":21,"damage_taken":0},{"event_name":"The Library","player_choice":"Read","floor":29,"damage_taken":0},{"event_name":"MindBloom","player_choice":"Fight","floor":39,"damage_taken":0},{"event_name":"SensoryStone","player_choice":"Memory 1","floor":42,"damage_taken":0}],"boss_relics":[{"not_picked":["Nuclear Battery","Sozu"],"picked":"Snecko Eye"},{"not_picked":["Astrolabe","FrozenCore"],"picked":"Lizard Tail"}],"items_purged_floors":[5,30,36],"is_endless":false,"potions_floor_spawned":[3,10,12,12,13,19,22,27,39,46,48],"ascension_level":15}