{"gold_per_floor":[118,137,157,167,180,180,194,194,246,246,300,300,184,211,211,211],"floor_reached":16,"playtime":783,"items_purged":[],"score":189,"play_id":"0da8fbc1-da03-4795-b23c-99560a36d081","local_time":"20190212174624","is_ascension_mode":true,"campfire_choices":[{"data":"Pommel Strike","floor":6,"key":"SMITH"},{"data":"Offering","floor":10,"key":"SMITH"},{"data":"Clothesline","floor":12,"key":"SMITH"},{"data":"Bash","floor":15,"key":"SMITH"}],"neow_cost":"NONE","seed_source_timestamp":29313759437532,"circlet_count":0,"master_deck":["AscendersBane","Strike_R","Strike_R","Strike_R","Strike_R","Strike_R","Defend_R","Defend_R","Defend_R","Defend_R","Bash+1","Offering+1","Pommel Strike+1","Headbutt","Cleave","Clothesline+1","Shrug It Off","Spot Weakness"],"relics":["Burning Blood","Dream Catcher","Bottled Lightning"],"potions_floor_usage":[5,14,16,16],"damage_taken":[{"damage":7,"enemies":"Cultist","floor":1,"turns":4},{"damage":6,"enemies":"2 Louse","floor":2,"turns":4},{"damage":10,"enemies":"Small Slimes","floor":3,"turns":3},{"damage":17,"enemies":"2 Fungi Beasts","floor":4,"turns":3},{"damage":15,"enemies":"Exordium Thugs","floor":5,"turns":4},{"damage":20,"enemies":"Large Slime","floor":7,"turns":6},{"damage":19,"enemies":"3 Sentries","floor":14,"turns":7},{"damage":44,"enemies":"Hexaghost","floor":16,"turns":10}],"seed_played":"-5644420504472380751","potions_obtained":[{"floor":3,"key":"EssenceOfSteel"},{"floor":4,"key":"SkillPotion"},{"floor":7,"key":"Ancient Potion"},{"floor":14,"key":"Ancient Potion"}],"is_trial":false,"path_per_floor":["M","M","M","M","M","R","M","?","T","R","?","R","$","E","R","B"],"character_chosen":"IRONCLAD","items_purchased":["Shrug It Off","Dexterity Potion"],"campfire_rested":0,"item_purchase_floors":[13,13],"current_hp_per_floor":[67,67,63,52,43,43,29,54,54,54,54,54,54,41,41,0],"gold":211,"neow_bonus":"ONE_RANDOM_RARE_CARD","is_prod":false,"is_daily":false,"chose_seed":false,"campfire_upgraded":4,"win_rate":0,"timestamp":1550011584,"path_taken":["M","M","?","M","M","R","M","?","T","R","?","R","$","E","R","BOSS"],"build_version":"2019-01-23","purchased_purges":0,"victory":false,"max_hp_per_floor":[75,75,75,75,75,75,75,75,75,75,75,75,75,75,75,75],"card_choices":[{"not_picked":["Armaments","Perfected Strike"],"picked":"Pommel Strike","floor":1},{"not_picked":["Iron Wave","Wild Strike"],"picked":"Headbutt","floor":2},{"not_picked":["Rupture","Heavy Blade"],"picked":"Cleave","floor":3},{"not_picked":["Twin Strike","Headbutt"],"picked":"Clothesline","floor":4},{"not_picked":["Clothesline","Havoc","Body Slam"],"picked":"SKIP","floor":5},{"not_picked":["Thunderclap","Clothesline","Pommel Strike"],"picked":"SKIP","floor":7},{"not_picked":["Demon Form","Flex"],"picked":"Spot Weakness","floor":14}],"player_experience":536480,"relics_obtained":[{"floor":9,"key":"Dream Catcher"},{"floor":14,"key":"Bottled Lightning"}],"event_choices":[{"damage_healed":25,"gold_gain":0,"player_choice":"Banana","damage_taken":0,"max_hp_gain":0,"max_hp_loss":0,"event_name":"Big Fish","floor":8,"gold_loss":0},{"damage_healed":0,"gold_gain":54,"player_choice":"Gained Gold","damage_taken":0,"max_hp_gain":0,"max_hp_loss":0,"event_name":"Golden Wing","floor":11,"gold_loss":0}],"is_beta":false,"boss_relics":[],"items_purged_floors":[],"is_endless":false,"potions_floor_spawned":[3,4,7,14],"killed_by":"Hexaghost","ascension_level":17}