{"gold_per_floor":[113,127,7,17,17,17,49,65,65,78,153,153,182,198,198,294,294,311,156,167,181,181],"floor_reached":22,"playtime":2355,"items_purged":["Strike_R"],"score":267,"play_id":"3fcf2e55-1b0a-443b-8376-9da0d27e497a","local_time":"20190225084729","is_ascension_mode":true,"campfire_choices":[{"data":"Metallicize","floor":6,"key":"SMITH"},{"data":"Whirlwind","floor":12,"key":"SMITH"},{"data":"True Grit","floor":15,"key":"SMITH"}],"neow_cost":"NONE","seed_source_timestamp":849749435651257,"circlet_count":0,"master_deck":["Strike_R","Defend_R","Defend_R","Defend_R","Defend_R","Bash","Shrug It Off","Intimidate","Pommel Strike","Metallicize+1","Whirlwind+1","Twin Strike","True Grit+1","Reaper","Intimidate+1","Inflame+1","Wild Strike+1","Carnage","Reaper"],"relics":["Burning Blood","Juzu Bracelet","Centennial Puzzle","Letter Opener","Astrolabe"],"potions_floor_usage":[7,16,16,16,21],"damage_taken":[{"damage":4,"enemies":"Small Slimes","floor":1,"turns":5},{"damage":3,"enemies":"Cultist","floor":2,"turns":4},{"damage":2,"enemies":"Jaw Worm","floor":4,"turns":5},{"damage":14,"enemies":"3 Sentries","floor":7,"turns":8},{"damage":0,"enemies":"Lots of Slimes","floor":8,"turns":1},{"damage":9,"enemies":"Large Slime","floor":10,"turns":6},{"damage":37,"enemies":"Lagavulin","floor":13,"turns":9},{"damage":6,"enemies":"2 Fungi Beasts","floor":14,"turns":3},{"damage":8,"enemies":"The Guardian","floor":16,"turns":13},{"damage":24,"enemies":"Shell Parasite","floor":18,"turns":11},{"damage":0,"enemies":"3 Byrds","floor":20,"turns":6},{"damage":28,"enemies":"Snake Plant","floor":21,"turns":6},{"damage":51,"enemies":"Cultist and Chosen","floor":22,"turns":8}],"seed_played":"-5303770991288481600","potions_obtained":[{"floor":1,"key":"Poison Potion"},{"floor":8,"key":"Regen Potion"},{"floor":10,"key":"Poison Potion"},{"floor":18,"key":"Ancient Potion"}],"is_trial":false,"path_per_floor":["M","M","$","M","?","R","E","M","T","M","?","R","E","M","R","B",null,"M","$","M","M","M"],"character_chosen":"IRONCLAD","items_purchased":["Metallicize","Explosive Potion","Carnage"],"campfire_rested":0,"item_purchase_floors":[3,3,19],"current_hp_per_floor":[74,77,77,80,80,80,72,78,78,75,67,67,36,36,36,49,72,54,54,63,41,0],"gold":181,"neow_bonus":"THREE_CARDS","is_prod":false,"is_daily":false,"chose_seed":false,"campfire_upgraded":3,"win_rate":0,"timestamp":1551080849,"path_taken":["M","M","$","M","?","R","E","M","T","M","?","R","E","M","R","BOSS","M","$","M","M","M"],"build_version":"2019-01-23","purchased_purges":1,"victory":false,"max_hp_per_floor":[80,80,80,80,80,80,80,80,80,80,80,80,80,80,80,80,80,80,80,80,80,80],"card_choices":[{"not_picked":["Pommel Strike","Seeing Red"],"picked":"Shrug It Off","floor":0},{"not_picked":["Fire Breathing","Flex"],"picked":"Intimidate","floor":1},{"not_picked":["Twin Strike","Carnage"],"picked":"Pommel Strike","floor":2},{"not_picked":["Pommel Strike","Combust","Infernal Blade"],"picked":"SKIP","floor":4},{"not_picked":["Twin Strike","Cleave","Combust"],"picked":"SKIP","floor":7},{"not_picked":["Bloodletting","Sever Soul","Dropkick"],"picked":"SKIP","floor":8},{"not_picked":["Twin Strike","Perfected Strike","Rampage"],"picked":"SKIP","floor":10},{"not_picked":["Perfected Strike","Pommel Strike","Dark Embrace"],"picked":"SKIP","floor":13},{"not_picked":["Wild Strike","Flex"],"picked":"True Grit","floor":14},{"not_picked":["Double Tap","Feed"],"picked":"Reaper","floor":16},{"not_picked":["Pommel Strike","Shrug It Off","True Grit"],"picked":"SKIP","floor":18},{"not_picked":["Wild Strike+1","Perfected Strike","Thunderclap"],"picked":"SKIP","floor":20},{"not_picked":["Burning Pact","Perfected Strike"],"picked":"Reaper","floor":21}],"player_experience":475177,"relics_obtained":[{"floor":7,"key":"Juzu Bracelet"},{"floor":9,"key":"Centennial Puzzle"},{"floor":13,"key":"Letter Opener"}],"event_choices":[{"damage_healed":0,"gold_gain":0,"player_choice":"2 cards matched","damage_taken":0,"max_hp_gain":0,"max_hp_loss":0,"event_name":"Match and Keep!","floor":5,"gold_loss":0,"cards_obtained":["Whirlwind","Twin Strike"]},{"damage_healed":0,"gold_gain":75,"player_choice":"Touch","damage_taken":8,"max_hp_gain":0,"max_hp_loss":0,"event_name":"FaceTrader","floor":11,"gold_loss":0}],"is_beta":false,"boss_relics":[{"not_picked":["Mark of Pain","Runic Pyramid"],"picked":"Astrolabe"}],"items_purged_floors":[19],"is_endless":false,"potions_floor_spawned":[1,8,10,14,18],"killed_by":"Cultist and Chosen","ascension_level":7}