{"gold_per_floor":[111,122,47,58,58,8,8,25,25,35,55,5,16,27,27,125,125,136,116,129,54,54,54,54,69,69,84,84],"floor_reached":28,"playtime":1615,"items_purged":["Strike_R"],"score":241,"play_id":"9c8db9da-4815-44f1-85f0-1c1c49d730bd","local_time":"20190226171125","is_ascension_mode":false,"campfire_choices":[{"data":"Body Slam","floor":7,"key":"SMITH"},{"data":"True Grit","floor":15,"key":"SMITH"},{"floor":23,"key":"REST"}],"neow_cost":"NONE","seed_source_timestamp":3705030505747093,"circlet_count":0,"master_deck":["Strike_R","Strike_R","Strike_R","Defend_R","Defend_R","Defend_R","Defend_R","Bash","Flame Barrier","Cleave","Body Slam+1","Pommel Strike","Battle Trance","Disarm","Twin Strike","Iron Wave","True Grit+1","Anger","Feed","True Grit+1","Havoc","Carnage","Iron Wave+1"],"relics":["Burning Blood"],"potions_floor_usage":[16,20,20,27],"damage_taken":[{"damage":1,"enemies":"Cultist","floor":1,"turns":4},{"damage":11,"enemies":"2 Louse","floor":2,"turns":4},{"damage":0,"enemies":"Small Slimes","floor":4,"turns":3},{"damage":0,"enemies":"Looter","floor":8,"turns":3},{"damage":6,"enemies":"2 Fungi Beasts","floor":10,"turns":3},{"damage":2,"enemies":"Blue Slaver","floor":11,"turns":4},{"damage":0,"enemies":"Looter","floor":13,"turns":3},{"damage":9,"enemies":"Large Slime","floor":14,"turns":5},{"damage":19,"enemies":"Slime Boss","floor":16,"turns":12},{"damage":5,"enemies":"3 Byrds","floor":18,"turns":6},{"damage":16,"enemies":"2 Thieves","floor":19,"turns":4},{"damage":20,"enemies":"Snake Plant","floor":20,"turns":8},{"damage":22,"enemies":"Centurion and Healer","floor":25,"turns":20},{"damage":49,"enemies":"Chosen and Byrds","floor":27,"turns":11},{"damage":24,"enemies":"3 Cultists","floor":28,"turns":3}],"seed_played":"8372233273693629540","potions_obtained":[{"floor":4,"key":"Weak Potion"},{"floor":13,"key":"Strength Potion"},{"floor":16,"key":"SpeedPotion"},{"floor":18,"key":"FearPotion"},{"floor":20,"key":"Ancient Potion"}],"is_trial":false,"path_per_floor":["M","M","$","M","?","?","R","M","T","M","M","$","M","M","R","B",null,"M","M","M","$","?","R","?","M","T","M","M"],"character_chosen":"IRONCLAD","items_purchased":["Body Slam","Pommel Strike","True Grit"],"campfire_rested":1,"item_purchase_floors":[3,3,12],"current_hp_per_floor":[88,83,83,88,88,88,88,88,88,88,88,88,88,85,85,72,88,88,78,67,67,49,77,77,64,64,21,0],"gold":84,"neow_bonus":"TEN_PERCENT_HP_BONUS","is_prod":false,"is_daily":false,"chose_seed":false,"campfire_upgraded":2,"win_rate":0,"timestamp":1551219085,"path_taken":["M","M","$","M","?","?","R","M","T","M","M","$","M","M","R","BOSS","M","M","M","$","?","R","?","M","T","M","M"],"build_version":"2019-02-06","purchased_purges":1,"victory":false,"max_hp_per_floor":[88,88,88,88,88,88,88,88,88,88,88,88,88,88,88,88,88,88,88,91,91,96,96,96,99,99,99,99],"card_choices":[{"not_picked":["Thunderclap","Rampage"],"picked":"Flame Barrier","floor":1},{"not_picked":["Ghostly Armor","Pommel Strike"],"picked":"Cleave","floor":2},{"not_picked":["Dropkick","Dual Wield"],"picked":"Battle Trance","floor":4},{"not_picked":["Feel No Pain","Dual Wield"],"picked":"Disarm","floor":8},{"not_picked":["Sentinel","Body Slam"],"picked":"Twin Strike","floor":10},{"not_picked":["Twin Strike","Headbutt"],"picked":"Iron Wave","floor":11},{"not_picked":["Entrench","Spot Weakness"],"picked":"Anger","floor":13},{"not_picked":["Battle Trance","Thunderclap","Seeing Red"],"picked":"SKIP","floor":14},{"not_picked":["Fiend Fire","Impervious"],"picked":"Feed","floor":16},{"not_picked":["Shrug It Off","Clash"],"picked":"True Grit+1","floor":18},{"not_picked":["Cleave","Flex"],"picked":"Havoc","floor":19},{"not_picked":["Body Slam","Anger","Heavy Blade+1"],"picked":"SKIP","floor":20},{"not_picked":["Pommel Strike+1","Heavy Blade"],"picked":"Carnage","floor":25},{"not_picked":["Shockwave","Uppercut"],"picked":"Iron Wave+1","floor":27}],"player_experience":264696,"relics_obtained":[],"event_choices":[{"damage_healed":0,"gold_gain":0,"player_choice":"Fled","damage_taken":0,"max_hp_gain":0,"max_hp_loss":0,"event_name":"Scrap Ooze","floor":5,"gold_loss":0},{"cards_removed":["Strike_R"],"damage_healed":0,"gold_gain":0,"player_choice":"Card Removal","damage_taken":0,"max_hp_gain":0,"max_hp_loss":0,"event_name":"The Cleric","floor":6,"gold_loss":50},{"damage_healed":0,"gold_gain":0,"player_choice":"Shed Blood","damage_taken":23,"max_hp_gain":5,"max_hp_loss":0,"event_name":"Forgotten Altar","floor":22,"gold_loss":0},{"damage_healed":0,"gold_gain":0,"player_choice":"Ignored","damage_taken":0,"max_hp_gain":0,"max_hp_loss":0,"event_name":"Beggar","floor":24,"gold_loss":0}],"is_beta":true,"boss_relics":[{"not_picked":[]}],"items_purged_floors":[21],"is_endless":false,"potions_floor_spawned":[4,13,16,18,19,20],"killed_by":"3 Cultists","ascension_level":0}