{"gold_per_floor":[113,38,49,59,76,76,102,102,151,170,70,70,100,110,110,110],"floor_reached":16,"playtime":1425,"items_purged":["Wraith Form v2","Catalyst"],"score":146,"play_id":"811de606-db81-4346-a241-93797eedcb3d","local_time":"20190221220005","is_ascension_mode":true,"campfire_choices":[{"data":"Doppelganger","floor":6,"key":"SMITH"},{"data":"Adrenaline","floor":8,"key":"SMITH"},{"floor":15,"key":"REST"}],"neow_cost":"NONE","seed_source_timestamp":3290538831320107,"circlet_count":0,"master_deck":["Survivor","Neutralize","Tactician","Leg Sweep","PiercingWail","Doppelganger+1","Dagger Spray","Adrenaline+1","Distraction","Backflip","Dagger Throw","Backstab","Escape Plan","Slice","Outmaneuver","After Image"],"relics":["Pandora\u0027s Box","Matryoshka","Pen Nib","Blood Vial","Strawberry"],"potions_floor_usage":[16,16,16],"damage_taken":[{"damage":2,"enemies":"Jaw Worm","floor":1,"turns":8},{"damage":0,"enemies":"2 Louse","floor":3,"turns":3},{"damage":0,"enemies":"Cultist","floor":4,"turns":3},{"damage":0,"enemies":"Looter","floor":5,"turns":3},{"damage":2,"enemies":"Lagavulin","floor":7,"turns":6},{"damage":0,"enemies":"Lots of Slimes","floor":10,"turns":2},{"damage":12,"enemies":"3 Sentries","floor":13,"turns":7},{"damage":0,"enemies":"Red Slaver","floor":14,"turns":4},{"damage":90,"enemies":"Hexaghost","floor":16,"turns":21}],"seed_played":"-2329345334738588140","potions_obtained":[{"floor":4,"key":"EssenceOfSteel"},{"floor":7,"key":"GamblersBrew"},{"floor":10,"key":"Weak Potion"},{"floor":14,"key":"Poison Potion"}],"is_trial":false,"path_per_floor":["M","$","M","M","M","R","E","R","T","M","$","?","E","M","R","B"],"character_chosen":"THE_SILENT","items_purchased":[],"campfire_rested":1,"item_purchase_floors":[],"current_hp_per_floor":[61,61,61,61,61,61,59,59,59,61,61,66,63,65,82,0],"gold":110,"neow_bonus":"BOSS_RELIC","is_prod":false,"is_daily":false,"chose_seed":false,"campfire_upgraded":2,"win_rate":0,"timestamp":1550804405,"path_taken":["M","$","M","M","M","R","E","R","T","M","$","?","E","M","R","BOSS"],"build_version":"2019-02-06","purchased_purges":2,"victory":false,"max_hp_per_floor":[70,70,70,70,70,70,70,70,70,70,70,75,82,82,82,82],"card_choices":[{"not_picked":["Dodge and Roll","Backflip","Outmaneuver"],"picked":"SKIP","floor":1},{"not_picked":["Prepared","Cloak And Dagger"],"picked":"Dagger Throw","floor":3},{"not_picked":["Terror","Endless Agony"],"picked":"Backstab","floor":4},{"not_picked":["Heel Hook","All Out Attack"],"picked":"Escape Plan","floor":5},{"not_picked":["Accuracy","Heel Hook"],"picked":"Slice","floor":7},{"not_picked":["Acrobatics","Dagger Throw"],"picked":"Outmaneuver","floor":10},{"not_picked":["Backflip","Underhanded Strike"],"picked":"After Image","floor":13},{"not_picked":["Bane","Backflip","Flying Knee"],"picked":"SKIP","floor":14}],"player_experience":199579,"relics_obtained":[{"floor":7,"key":"Matryoshka"},{"floor":9,"key":"Pen Nib"},{"floor":9,"key":"Blood Vial"},{"floor":13,"key":"Strawberry"}],"event_choices":[{"damage_healed":0,"gold_gain":0,"player_choice":"Donut","damage_taken":0,"max_hp_gain":5,"max_hp_loss":0,"event_name":"Big Fish","floor":12,"gold_loss":0}],"is_beta":true,"boss_relics":[],"items_purged_floors":[2,11],"is_endless":false,"potions_floor_spawned":[4,7,10,14],"killed_by":"Hexaghost","ascension_level":6}