{"gold_per_floor":[110,120,135,151,30,61,61,81,105,115,171,171,201,215,215,320,320,340,95,27,47,65,92,92,110,110,129,154,188,188,219,219,319,319,336,348,3,23,23,52,1,18,18,33,33,33,51,68,68,68],"floor_reached":51,"playtime":3585,"items_purged":["Strike_R","Strike_R","Parasite"],"score":949,"play_id":"9b45e4b3-6bde-4d47-b784-66e9c3a98fb6","local_time":"20190222152223","is_ascension_mode":true,"campfire_choices":[{"data":"True Grit","floor":7,"key":"SMITH"},{"floor":15,"key":"REST"},{"floor":30,"key":"REST"},{"floor":32,"key":"REST"},{"data":"Barricade","floor":46,"key":"SMITH"},{"floor":49,"key":"REST"}],"neow_cost":"NONE","seed_source_timestamp":3350863219832742,"circlet_count":0,"master_deck":["Strike_R","Defend_R","Defend_R+1","Defend_R","Defend_R+1","Bash+1","Cleave","Metallicize","True Grit+1","Sword Boomerang","Headbutt","Evolve","Feed","Anger","Barricade+1","Rampage","Inflame","Immolate","Power Through+1","Metallicize","Iron Wave+1","Body Slam","Necronomicurse","Shrug It Off","Body Slam","Writhe","Shrug It Off","Uppercut","Impervious","Burning Pact","Battle Trance","Havoc+1","Master of Strategy","Feel No Pain+1","Body Slam+1","Sentinel+1"],"relics":["Burning Blood","Regal Pillow","War Paint","Tiny Chest","Bronze Scales","Cursed Key","Lantern","Shuriken","Necronomicon","Kunai","Smiling Mask","Bag of Preparation","Pear","Philosopher\u0027s Stone","Peace Pipe","Molten Egg 2"],"potions_floor_usage":[6,8,11,16,16,22,23,25,47],"damage_taken":[{"damage":6,"enemies":"Jaw Worm","floor":1,"turns":5},{"damage":1,"enemies":"Cultist","floor":2,"turns":3},{"damage":4,"enemies":"Small Slimes","floor":3,"turns":4},{"damage":14,"enemies":"3 Louse","floor":4,"turns":3},{"damage":8,"enemies":"3 Sentries","floor":6,"turns":10},{"damage":0,"enemies":"Gremlin Gang","floor":8,"turns":3},{"damage":5,"enemies":"Exordium Wildlife","floor":10,"turns":3},{"damage":17,"enemies":"Lagavulin","floor":11,"turns":9},{"damage":21,"enemies":"3 Sentries","floor":13,"turns":8},{"damage":0,"enemies":"Red Slaver","floor":14,"turns":4},{"damage":7,"enemies":"Slime Boss","floor":16,"turns":10},{"damage":28,"enemies":"Shell Parasite","floor":18,"turns":4},{"damage":12,"enemies":"Chosen","floor":21,"turns":8},{"damage":3,"enemies":"Centurion and Healer","floor":22,"turns":9},{"damage":23,"enemies":"Gremlin Leader","floor":23,"turns":6},{"damage":0,"enemies":"Snecko","floor":25,"turns":4},{"damage":3,"enemies":"Snake Plant","floor":27,"turns":5},{"damage":26,"enemies":"Book of Stabbing","floor":29,"turns":5},{"damage":31,"enemies":"Gremlin Leader","floor":31,"turns":5},{"damage":1,"enemies":"Collector","floor":33,"turns":8},{"damage":7,"enemies":"3 Shapes","floor":35,"turns":3},{"damage":2,"enemies":"3 Darklings","floor":36,"turns":7},{"damage":0,"enemies":"Jaw Worm Horde","floor":38,"turns":1},{"damage":39,"enemies":"Reptomancer","floor":40,"turns":7},{"damage":0,"enemies":"Maw","floor":42,"turns":7},{"damage":37,"enemies":"Spire Growth","floor":44,"turns":6},{"damage":25,"enemies":"Transient","floor":47,"turns":5},{"damage":0,"enemies":"Maw","floor":48,"turns":6},{"damage":26,"enemies":"Awakened One","floor":50,"turns":12}],"seed_played":"66361678486764819","potions_obtained":[{"floor":3,"key":"Ancient Potion"},{"floor":4,"key":"Dexterity Potion"},{"floor":6,"key":"AttackPotion"},{"floor":10,"key":"FearPotion"},{"floor":14,"key":"Swift Potion"},{"floor":18,"key":"GamblersBrew"},{"floor":22,"key":"AttackPotion"},{"floor":23,"key":"Swift Potion"},{"floor":35,"key":"FearPotion"},{"floor":36,"key":"FairyPotion"}],"is_trial":false,"path_per_floor":["M","M","M","M","$","E","R","M","T","M","E","?","E","M","R","B",null,"M","$","$","M","M","E","?","M","T","M","T","E","R","E","R","B",null,"M","M","$","M","?","E","$","M","T","M","?","R","M","M","R","B",null],"character_chosen":"IRONCLAD","items_purchased":["Headbutt","Lantern","Metallicize","Peace Pipe","Body Slam+1"],"campfire_rested":4,"item_purchase_floors":[5,19,20,37,41],"current_hp_per_floor":[80,80,80,72,72,70,70,76,76,80,69,69,54,60,83,85,86,64,64,64,61,67,53,37,46,46,49,49,29,73,58,105,111,111,110,111,108,111,111,78,78,84,84,53,53,53,34,43,92,72],"gold":68,"neow_bonus":"UPGRADE_CARD","is_prod":false,"is_daily":false,"chose_seed":false,"campfire_upgraded":2,"win_rate":0,"timestamp":1550866943,"path_taken":["M","M","M","M","$","E","R","M","T","M","E","?","E","M","R","BOSS","M","?","$","?","M","E","?","M","T","M","?","E","R","E","R","BOSS","M","M","$","M","?","E","$","M","T","M","?","R","M","M","R","BOSS"],"build_version":"2019-02-06","purchased_purges":3,"victory":true,"max_hp_per_floor":[80,80,80,80,80,80,80,80,80,83,83,83,83,83,83,86,86,86,86,86,89,92,95,95,98,98,98,98,98,98,108,108,111,111,111,111,108,111,111,111,111,111,111,111,111,111,111,114,114,114],"card_choices":[{"not_picked":["Body Slam","Twin Strike"],"picked":"Cleave","floor":1},{"not_picked":["Havoc","Headbutt"],"picked":"Metallicize","floor":2},{"not_picked":["Sentinel","Intimidate"],"picked":"True Grit","floor":3},{"not_picked":["Warcry","Dropkick"],"picked":"Sword Boomerang","floor":4},{"not_picked":["Whirlwind","True Grit"],"picked":"Evolve","floor":6},{"not_picked":["Pommel Strike","Twin Strike"],"picked":"Feed","floor":8},{"not_picked":["True Grit","Clash"],"picked":"Anger","floor":10},{"not_picked":["Pommel Strike","Anger","Corruption"],"picked":"SKIP","floor":11},{"not_picked":["Sword Boomerang","Wild Strike"],"picked":"Rampage","floor":13},{"not_picked":["Entrench","Intimidate"],"picked":"Inflame","floor":14},{"not_picked":["Double Tap","Reaper"],"picked":"Immolate","floor":16},{"not_picked":["Iron Wave","Uppercut+1"],"picked":"Power Through+1","floor":18},{"not_picked":["Twin Strike+1","Blood for Blood"],"picked":"Iron Wave+1","floor":21},{"not_picked":["Rupture","Evolve","Seeing Red"],"picked":"SKIP","floor":22},{"not_picked":["Bloodletting+1","Iron Wave"],"picked":"Body Slam","floor":23},{"not_picked":["Iron Wave+1","Flex"],"picked":"Shrug It Off","floor":25},{"not_picked":["Iron Wave","Havoc"],"picked":"Body Slam","floor":27},{"not_picked":["Berserk","Twin Strike"],"picked":"Shrug It Off","floor":29},{"not_picked":["Twin Strike","Clash"],"picked":"Uppercut","floor":31},{"not_picked":["Immolate","Limit Break"],"picked":"Impervious","floor":33},{"not_picked":["Havoc","Heavy Blade"],"picked":"Burning Pact","floor":35},{"not_picked":["Iron Wave","Clothesline+1"],"picked":"Battle Trance","floor":36},{"not_picked":["Body Slam","Twin Strike+1"],"picked":"Havoc+1","floor":38},{"not_picked":["Secret Technique","PanicButton"],"picked":"Master of Strategy","floor":39},{"not_picked":["Rupture+1","Infernal Blade+1"],"picked":"Feel No Pain+1","floor":40},{"not_picked":["Thunderclap+1","Uppercut+1"],"picked":"Sentinel+1","floor":42},{"not_picked":["Corruption+1","Dual Wield+1","Body Slam+1"],"picked":"SKIP","floor":44},{"not_picked":["Bloodletting+1","Twin Strike+1","Shrug It Off+1"],"picked":"SKIP","floor":47},{"not_picked":["Armaments+1","Pummel+1","Bloodletting"],"picked":"SKIP","floor":48}],"player_experience":211158,"relics_obtained":[{"floor":6,"key":"Regal Pillow"},{"floor":9,"key":"War Paint"},{"floor":11,"key":"Tiny Chest"},{"floor":13,"key":"Bronze Scales"},{"floor":23,"key":"Shuriken"},{"floor":24,"key":"Necronomicon"},{"floor":26,"key":"Kunai"},{"floor":28,"key":"Smiling Mask"},{"floor":29,"key":"Bag of Preparation"},{"floor":31,"key":"Pear"},{"floor":40,"key":"Molten Egg 2"}],"event_choices":[{"damage_healed":0,"gold_gain":0,"cards_transformed":["Strike_R"],"player_choice":"Transformed","damage_taken":0,"max_hp_gain":0,"max_hp_loss":0,"event_name":"Transmorgrifier","floor":12,"gold_loss":0,"cards_obtained":["Barricade"]},{"damage_healed":0,"gold_gain":0,"player_choice":"Obtained Book","damage_taken":16,"max_hp_gain":0,"max_hp_loss":0,"event_name":"Cursed Tome","floor":24,"gold_loss":0},{"damage_healed":0,"gold_gain":0,"player_choice":"Memory 1","damage_taken":0,"max_hp_gain":0,"max_hp_loss":0,"event_name":"SensoryStone","floor":39,"gold_loss":0},{"cards_removed":["Strike_R"],"damage_healed":0,"gold_gain":0,"player_choice":"Purged","damage_taken":0,"max_hp_gain":0,"max_hp_loss":0,"event_name":"Purifier","floor":45,"gold_loss":0}],"is_beta":true,"boss_relics":[{"not_picked":["Tiny House","Busted Crown"],"picked":"Cursed Key"},{"not_picked":["Runic Dome","Runic Cube"],"picked":"Philosopher\u0027s Stone"}],"items_purged_floors":[5,19,37],"is_endless":false,"potions_floor_spawned":[3,4,6,10,14,18,22,23,35,36],"ascension_level":3}