{"gold_per_floor":[110,125,125,136,136,136,153,186,209,229,84,49,59,92,92,187,187,197,215,232,232,243,243,263,41,117,117,117],"floor_reached":28,"playtime":1087,"items_purged":["Strike_R","Strike_R"],"score":313,"play_id":"a49a28f8-ade1-47ee-b177-896885b47f28","local_time":"20190225095700","is_ascension_mode":true,"campfire_choices":[{"data":"Bash","floor":6,"key":"SMITH"},{"data":"Inflame","floor":15,"key":"SMITH"},{"data":"Demon Form","floor":23,"key":"SMITH"},{"data":"Armaments","floor":27,"key":"SMITH"}],"neow_cost":"NONE","seed_source_timestamp":880458966693357,"circlet_count":0,"master_deck":["Strike_R","Strike_R","Defend_R","Defend_R","Defend_R","Defend_R","Bash+1","Shrug It Off","Seeing Red+1","Heavy Blade","Flame Barrier","Twin Strike","Inflame+1","Disarm","Demon Form+1","Twin Strike","Heavy Blade+1","Armaments+1"],"relics":["Black Blood","Happy Flower","Art of War","Regal Pillow","Calipers","Kunai"],"potions_floor_usage":[7,8,14,16,20,28,28,28],"damage_taken":[{"damage":2,"enemies":"Small Slimes","floor":1,"turns":3},{"damage":25,"enemies":"Jaw Worm","floor":2,"turns":7},{"damage":0,"enemies":"2 Louse","floor":4,"turns":3},{"damage":7,"enemies":"Exordium Thugs","floor":7,"turns":4},{"damage":6,"enemies":"Gremlin Nob","floor":8,"turns":3},{"damage":4,"enemies":"Blue Slaver","floor":10,"turns":4},{"damage":13,"enemies":"2 Fungi Beasts","floor":13,"turns":3},{"damage":35,"enemies":"3 Sentries","floor":14,"turns":7},{"damage":11,"enemies":"Slime Boss","floor":16,"turns":10},{"damage":6,"enemies":"Chosen","floor":18,"turns":4},{"damage":27,"enemies":"3 Byrds","floor":19,"turns":5},{"damage":12,"enemies":"Centurion and Healer","floor":20,"turns":6},{"damage":21,"enemies":"Cultist and Chosen","floor":22,"turns":5},{"damage":33,"enemies":"Shelled Parasite and Fungi","floor":24,"turns":6},{"damage":29,"enemies":"Gremlin Leader","floor":28,"turns":4}],"seed_played":"4842509812254765569","potions_obtained":[{"floor":4,"key":"Energy Potion"},{"floor":7,"key":"Strength Potion"},{"floor":13,"key":"LiquidBronze"},{"floor":14,"key":"FearPotion"},{"floor":16,"key":"SteroidPotion"},{"floor":20,"key":"PowerPotion"}],"is_trial":false,"path_per_floor":["M","M","?","M","?","R","M","E","T","M","$","?","M","E","R","B",null,"M","M","M","?","M","R","M","$","T","R","E"],"character_chosen":"IRONCLAD","items_purchased":["Inflame","Strength Potion","LiquidBronze"],"campfire_rested":0,"item_purchase_floors":[11,25,25],"current_hp_per_floor":[76,57,57,63,60,60,59,59,59,61,61,80,73,44,44,39,70,74,57,55,55,44,44,21,21,21,21,0],"gold":117,"neow_bonus":"TRANSFORM_CARD","is_prod":false,"is_daily":false,"chose_seed":false,"campfire_upgraded":4,"win_rate":0,"timestamp":1551085020,"path_taken":["M","M","?","M","?","R","M","E","T","M","$","?","M","E","R","BOSS","M","M","M","?","M","R","M","?","T","R","E"],"build_version":"2019-01-23","purchased_purges":2,"victory":false,"max_hp_per_floor":[80,80,80,80,80,80,80,80,80,80,80,80,80,80,80,80,80,80,80,80,80,80,80,80,80,80,80,80],"card_choices":[{"not_picked":["Body Slam","Sword Boomerang"],"picked":"Seeing Red","floor":1},{"not_picked":["Body Slam","Thunderclap"],"picked":"Heavy Blade","floor":2},{"not_picked":["Thunderclap","Wild Strike","True Grit"],"picked":"SKIP","floor":4},{"not_picked":["Heavy Blade","Flex"],"picked":"Flame Barrier","floor":7},{"not_picked":["Barricade","Searing Blow","Perfected Strike"],"picked":"SKIP","floor":8},{"not_picked":["Pommel Strike","Warcry"],"picked":"Twin Strike","floor":10},{"not_picked":["Entrench","True Grit","Headbutt"],"picked":"SKIP","floor":13},{"not_picked":["Power Through","Sentinel"],"picked":"Disarm","floor":14},{"not_picked":["Double Tap","Berserk"],"picked":"Demon Form","floor":16},{"not_picked":["Evolve","Iron Wave"],"picked":"Twin Strike","floor":18},{"not_picked":["Cleave","True Grit"],"picked":"Heavy Blade+1","floor":19},{"not_picked":["Second Wind","Wild Strike+1","Power Through+1"],"picked":"SKIP","floor":20},{"not_picked":["Fire Breathing","Perfected Strike","Iron Wave"],"picked":"SKIP","floor":22},{"not_picked":["Brutality","Shrug It Off"],"picked":"Armaments","floor":24}],"player_experience":480581,"relics_obtained":[{"floor":8,"key":"Art of War"},{"floor":9,"key":"Regal Pillow"},{"floor":14,"key":"Calipers"},{"floor":26,"key":"Kunai"}],"event_choices":[{"damage_healed":0,"gold_gain":0,"player_choice":"Grow","damage_taken":0,"max_hp_gain":0,"max_hp_loss":0,"event_name":"Living Wall","floor":3,"gold_loss":0,"cards_upgraded":["Seeing Red"]},{"damage_healed":0,"gold_gain":0,"player_choice":"Success","damage_taken":3,"relics_obtained":["Happy Flower"],"max_hp_gain":0,"max_hp_loss":0,"event_name":"Scrap Ooze","floor":5,"gold_loss":0},{"damage_healed":20,"gold_gain":0,"player_choice":"Healed","damage_taken":0,"max_hp_gain":0,"max_hp_loss":0,"event_name":"The Cleric","floor":12,"gold_loss":35},{"damage_healed":0,"gold_gain":0,"player_choice":"0 cards matched","damage_taken":0,"max_hp_gain":0,"max_hp_loss":0,"event_name":"Match and Keep!","floor":21,"gold_loss":0,"cards_obtained":[]}],"is_beta":false,"boss_relics":[{"not_picked":["Cursed Key","Coffee Dripper"],"picked":"Black Blood"}],"items_purged_floors":[11,25],"is_endless":false,"potions_floor_spawned":[4,7,13,14,16,20],"killed_by":"Gremlin Leader","ascension_level":7}