{"gold_per_floor":[110,126,51,62,27,27,27,27,27,127,127,154,167,167],"floor_reached":14,"playtime":560,"items_purged":["Strike_G"],"score":132,"play_id":"7fb432fa-2280-443e-8c7d-232d3f5297cc","local_time":"20190226125248","is_ascension_mode":true,"campfire_choices":[{"data":"Neutralize","floor":6,"key":"SMITH"},{"data":"Sucker Punch","floor":8,"key":"SMITH"},{"data":"Backflip","floor":11,"key":"SMITH"}],"neow_cost":"NONE","seed_source_timestamp":977941194498499,"circlet_count":0,"master_deck":["AscendersBane","Defend_G","Defend_G","Defend_G","Defend_G","Defend_G","Strike_G","Strike_G","Strike_G","Strike_G","Survivor","Neutralize+1","Catalyst","Backflip+1","Sucker Punch+1","Crippling Poison"],"relics":["Ring of the Snake","Pantograph","Incense Burner"],"potions_floor_usage":[],"damage_taken":[{"damage":4,"enemies":"Small Slimes","floor":1,"turns":5},{"damage":1,"enemies":"Jaw Worm","floor":2,"turns":6},{"damage":0,"enemies":"Cultist","floor":4,"turns":5},{"damage":35,"enemies":"3 Sentries","floor":12,"turns":16},{"damage":24,"enemies":"Gremlin Gang","floor":13,"turns":5},{"damage":8,"enemies":"Large Slime","floor":14,"turns":6}],"seed_played":"5152764107502120946","potions_obtained":[{"floor":13,"key":"Dexterity Potion"}],"is_trial":false,"path_per_floor":["M","M","$","M","?","R","?","R","T","?","R","E","M","M"],"character_chosen":"THE_SILENT","items_purchased":[],"campfire_rested":0,"item_purchase_floors":[],"current_hp_per_floor":[66,65,65,65,77,77,65,65,65,65,65,30,6,0],"gold":167,"neow_bonus":"TEN_PERCENT_HP_BONUS","is_prod":false,"is_daily":false,"chose_seed":false,"campfire_upgraded":3,"win_rate":0,"timestamp":1551181968,"path_taken":["M","M","$","M","?","R","?","R","T","?","R","E","?","M"],"build_version":"2019-01-23","purchased_purges":1,"victory":false,"max_hp_per_floor":[77,77,77,77,77,77,77,77,77,77,77,77,77,77],"card_choices":[{"not_picked":["Flying Knee","Quick Slash"],"picked":"Catalyst","floor":1},{"not_picked":["Blade Dance","Deflect"],"picked":"Backflip","floor":2},{"not_picked":["Slice","Bane"],"picked":"Sucker Punch","floor":4},{"not_picked":["Unload","Backstab"],"picked":"Crippling Poison","floor":12},{"not_picked":["Quick Slash","Finisher","Deflect"],"picked":"SKIP","floor":13}],"player_experience":543999,"relics_obtained":[{"floor":9,"key":"Pantograph"},{"floor":12,"key":"Incense Burner"}],"event_choices":[{"damage_healed":19,"gold_gain":0,"player_choice":"Healed","damage_taken":0,"max_hp_gain":0,"max_hp_loss":0,"event_name":"The Cleric","floor":5,"gold_loss":35},{"damage_healed":0,"gold_gain":0,"player_choice":"Fled","damage_taken":12,"max_hp_gain":0,"max_hp_loss":0,"event_name":"Scrap Ooze","floor":7,"gold_loss":0},{"damage_healed":0,"gold_gain":100,"player_choice":"Gold","damage_taken":0,"max_hp_gain":0,"max_hp_loss":0,"event_name":"Wheel of Change","floor":10,"gold_loss":0}],"is_beta":false,"boss_relics":[],"items_purged_floors":[3],"is_endless":false,"potions_floor_spawned":[13],"killed_by":"Large Slime","ascension_level":10}