{"gold_per_floor":[112,112,122,136,28,28,46,76,130,130,156,167,186,216,216,311,311,323,60,72,83,83,83,83],"floor_reached":24,"playtime":1953,"items_purged":["Strike_G","Strike_G"],"score":264,"play_id":"d6c6f0ae-9c75-4af1-b9bf-99822e37158d","local_time":"20190221142728","is_ascension_mode":true,"campfire_choices":[{"data":"Neutralize","floor":6,"key":"SMITH"},{"data":"Dagger Spray","floor":10,"key":"SMITH"},{"floor":15,"key":"REST"},{"data":"Cloak And Dagger","floor":23,"key":"SMITH"}],"neow_cost":"NONE","seed_source_timestamp":3262844114305333,"circlet_count":0,"master_deck":["Defend_G","Defend_G","Defend_G","Defend_G","Strike_G","Strike_G","Strike_G","Survivor","Neutralize+1","Leg Sweep","Deflect","Dash","Dagger Spray+1","Dodge and Roll","Glass Knife","PiercingWail","After Image","Cloak And Dagger+1","Deflect","Expertise","Noxious Fumes","Acrobatics+1","Flash of Steel"],"relics":["Ring of the Snake","Sundial","Centennial Puzzle","Bronze Scales","Meat on the Bone","Orrery"],"potions_floor_usage":[8,11,16,16,20,22],"damage_taken":[{"damage":5,"enemies":"Small Slimes","floor":1,"turns":5},{"damage":0,"enemies":"Cultist","floor":3,"turns":3},{"damage":0,"enemies":"2 Louse","floor":4,"turns":2},{"damage":1,"enemies":"Red Slaver","floor":7,"turns":6},{"damage":2,"enemies":"3 Sentries","floor":8,"turns":8},{"damage":8,"enemies":"Lagavulin","floor":11,"turns":10},{"damage":2,"enemies":"Large Slime","floor":12,"turns":7},{"damage":0,"enemies":"3 Louse","floor":13,"turns":3},{"damage":8,"enemies":"3 Sentries","floor":14,"turns":6},{"damage":31,"enemies":"Slime Boss","floor":16,"turns":14},{"damage":10,"enemies":"3 Byrds","floor":18,"turns":5},{"damage":10,"enemies":"2 Thieves","floor":20,"turns":5},{"damage":0,"enemies":"Centurion and Healer","floor":21,"turns":11},{"damage":0,"enemies":"Snake Plant","floor":22,"turns":2},{"damage":84,"enemies":"Gremlin Leader","floor":24,"turns":9}],"seed_played":"-8086813851359208731","potions_obtained":[{"floor":0,"key":"FairyPotion"},{"floor":0,"key":"EssenceOfSteel"},{"floor":0,"key":"Fire Potion"},{"floor":3,"key":"GhostInAJar"},{"floor":8,"key":"Swift Potion"},{"floor":11,"key":"GhostInAJar"},{"floor":16,"key":"Poison Potion"},{"floor":21,"key":"SmokeBomb"}],"is_trial":false,"path_per_floor":["M","?","M","M","$","R","M","E","T","R","E","M","M","E","R","B",null,"M","$","M","M","M","R","E"],"character_chosen":"THE_SILENT","items_purchased":["Dash","Flash of Steel","GamblersBrew"],"campfire_rested":1,"item_purchase_floors":[5,19,19],"current_hp_per_floor":[65,65,65,65,65,65,64,62,62,62,54,52,52,44,65,46,70,60,60,50,50,50,50,0],"gold":83,"neow_bonus":"THREE_SMALL_POTIONS","is_prod":false,"is_daily":false,"chose_seed":false,"campfire_upgraded":3,"win_rate":0,"timestamp":1550777248,"path_taken":["M","?","M","M","$","R","M","E","T","R","E","M","M","E","R","BOSS","M","$","M","M","?","R","E"],"build_version":"2019-02-06","purchased_purges":2,"victory":false,"max_hp_per_floor":[70,70,70,70,70,70,70,70,70,70,70,70,70,70,70,70,70,70,70,70,70,70,70,70],"card_choices":[{"not_picked":["Endless Agony","Bouncing Flask"],"picked":"Leg Sweep","floor":1},{"not_picked":["Sucker Punch","Predator"],"picked":"Deflect","floor":3},{"not_picked":["Underhanded Strike","Blade Dance","Flechettes"],"picked":"SKIP","floor":4},{"not_picked":["Predator","Underhanded Strike"],"picked":"Dagger Spray","floor":7},{"not_picked":["Eviscerate","Flying Knee"],"picked":"Dodge and Roll","floor":8},{"not_picked":["Bouncing Flask","Riddle With Holes","Outmaneuver"],"picked":"SKIP","floor":11},{"not_picked":["Accuracy","Deflect","Infinite Blades"],"picked":"SKIP","floor":12},{"not_picked":["Prepared","Caltrops"],"picked":"Glass Knife","floor":13},{"not_picked":["Caltrops","Poisoned Stab"],"picked":"PiercingWail","floor":14},{"not_picked":["Night Terror","Wraith Form v2"],"picked":"After Image","floor":16},{"not_picked":["Prepared","Crippling Poison"],"picked":"Cloak And Dagger","floor":17},{"not_picked":["Poisoned Stab","Night Terror"],"picked":"Deflect","floor":17},{"not_picked":["Caltrops","Blade Dance"],"picked":"Expertise","floor":17},{"not_picked":["Slice","Poisoned Stab"],"picked":"Noxious Fumes","floor":17},{"not_picked":["Predator","Dodge and Roll"],"picked":"Acrobatics+1","floor":18},{"not_picked":["Flying Knee","Bane","Flechettes+1"],"picked":"SKIP","floor":20},{"not_picked":["Malaise","Poisoned Stab+1","Acrobatics+1"],"picked":"SKIP","floor":21}],"player_experience":174170,"relics_obtained":[{"floor":8,"key":"Sundial"},{"floor":9,"key":"Centennial Puzzle"},{"floor":11,"key":"Bronze Scales"},{"floor":14,"key":"Meat on the Bone"}],"event_choices":[{"cards_removed":["Defend_G"],"damage_healed":0,"gold_gain":0,"player_choice":"Card Removal","damage_taken":0,"max_hp_gain":0,"max_hp_loss":0,"event_name":"Wheel of Change","floor":2,"gold_loss":0}],"is_beta":true,"boss_relics":[{"not_picked":["Ring of the Serpent","WristBlade"],"picked":"Orrery"}],"items_purged_floors":[5,19],"is_endless":false,"potions_floor_spawned":[3,8,11,13,16,21],"killed_by":"Gremlin Leader","ascension_level":4}