{"gold_per_floor":[115,131,1,76,76,76,76,114,114,132,156,156,189,202,202,330,330,353,278,302,325,325],"floor_reached":22,"playtime":946,"items_purged":[],"score":314,"play_id":"33722a40-76e9-4b08-b82c-db89ca68ed49","local_time":"20190228165940","is_ascension_mode":true,"campfire_choices":[{"data":"Hologram","floor":6,"key":"SMITH"},{"floor":12,"key":"REST"},{"floor":15,"key":"REST"}],"neow_cost":"NONE","seed_source_timestamp":1165166464214840,"circlet_count":0,"master_deck":["AscendersBane","Strike_B","Strike_B+1","Strike_B","Defend_B","Defend_B","Defend_B+1","Defend_B","Zap+1","Dualcast","Hologram+1","Cold Snap","Self Repair","Coolheaded","Biased Cognition","Electrodynamics","Cold Snap","Loop","Creative AI","Defragment"],"relics":["Cracked Core","Golden Idol","Dream Catcher","Letter Opener","Boot","Nuclear Battery"],"potions_floor_usage":[13,16,16,20,21],"damage_taken":[{"damage":2,"enemies":"Jaw Worm","floor":1,"turns":3},{"damage":5,"enemies":"Small Slimes","floor":2,"turns":3},{"damage":30,"enemies":"Lagavulin","floor":8,"turns":9},{"damage":1,"enemies":"2 Louse","floor":10,"turns":2},{"damage":2,"enemies":"2 Fungi Beasts","floor":11,"turns":3},{"damage":16,"enemies":"Gremlin Nob","floor":13,"turns":4},{"damage":10,"enemies":"3 Louse","floor":14,"turns":6},{"damage":20,"enemies":"The Guardian","floor":16,"turns":12},{"damage":12,"enemies":"Chosen","floor":18,"turns":4},{"damage":20,"enemies":"3 Byrds","floor":20,"turns":5},{"damage":28,"enemies":"Snake Plant","floor":21,"turns":4},{"damage":17,"enemies":"Cultist and Chosen","floor":22,"turns":3}],"seed_played":"-7758574706898747092","potions_obtained":[{"floor":1,"key":"Strength Potion"},{"floor":10,"key":"PowerPotion"},{"floor":14,"key":"Energy Potion"},{"floor":16,"key":"Weak Potion"},{"floor":20,"key":"SneckoOil"}],"is_trial":false,"path_per_floor":["M","M","$","?","?","R","?","E","T","M","M","R","E","M","R","B",null,"M","?","M","M","M"],"character_chosen":"DEFECT","items_purchased":["Self Repair","SpeedPotion"],"campfire_rested":2,"item_purchase_floors":[3,3],"current_hp_per_floor":[66,61,61,50,50,50,36,13,13,19,24,44,35,32,52,39,62,50,50,37,16,0],"gold":325,"neow_bonus":"UPGRADE_CARD","is_prod":false,"is_daily":false,"chose_seed":false,"campfire_upgraded":1,"win_rate":0,"timestamp":1551369580,"path_taken":["M","M","$","?","?","R","?","E","T","M","M","R","E","M","R","BOSS","M","?","M","M","M"],"build_version":"2019-01-23","purchased_purges":0,"victory":false,"max_hp_per_floor":[75,75,75,75,69,69,69,69,69,69,69,69,69,69,69,69,69,69,69,69,69,69],"card_choices":[{"not_picked":["Recycle","Rip and Tear"],"picked":"Hologram","floor":1},{"not_picked":["Sunder","Loop"],"picked":"Cold Snap","floor":2},{"not_picked":["Compile Driver","Streamline","Barrage"],"picked":"SKIP","floor":8},{"not_picked":["Beam Cell","Turbo","Sweeping Beam"],"picked":"SKIP","floor":10},{"not_picked":["Streamline","Go for the Eyes"],"picked":"Coolheaded","floor":11},{"not_picked":["Capacitor","Force Field"],"picked":"Biased Cognition","floor":12},{"not_picked":["Compile Driver","Steam Power"],"picked":"Electrodynamics","floor":13},{"not_picked":["Aggregate","FTL"],"picked":"Cold Snap","floor":14},{"not_picked":["Genetic Algorithm","Turbo"],"picked":"Loop","floor":15},{"not_picked":["Thunder Strike","Meteor Strike"],"picked":"Creative AI","floor":16},{"not_picked":["Conserve Battery","Ball Lightning"],"picked":"Defragment","floor":18},{"not_picked":["Streamline","Barrage","Stack"],"picked":"SKIP","floor":20},{"not_picked":["Hello World","FTL","Aggregate"],"picked":"SKIP","floor":21}],"player_experience":648979,"relics_obtained":[{"floor":8,"key":"Dream Catcher"},{"floor":9,"key":"Letter Opener"},{"floor":13,"key":"Boot"}],"event_choices":[{"damage_healed":0,"gold_gain":75,"player_choice":"Gather Gold","damage_taken":11,"max_hp_gain":0,"max_hp_loss":0,"event_name":"World of Goop","floor":4,"gold_loss":0},{"damage_healed":0,"gold_gain":0,"player_choice":"Lose Max HP","damage_taken":0,"relics_obtained":["Golden Idol"],"max_hp_gain":0,"max_hp_loss":6,"event_name":"Golden Idol","floor":5,"gold_loss":0},{"damage_healed":0,"gold_gain":0,"player_choice":"Entered Light","damage_taken":14,"max_hp_gain":0,"max_hp_loss":0,"event_name":"Shining Light","floor":7,"gold_loss":0,"cards_upgraded":["Defend_B","Strike_B"]},{"cards_removed":["Strike_B"],"damage_healed":0,"gold_gain":0,"player_choice":"Gave Gold","damage_taken":0,"max_hp_gain":0,"max_hp_loss":0,"event_name":"Beggar","floor":19,"gold_loss":75}],"is_beta":false,"boss_relics":[{"not_picked":["Empty Cage","Runic Dome"],"picked":"Nuclear Battery"}],"items_purged_floors":[],"is_endless":false,"potions_floor_spawned":[1,10,14,16,20],"killed_by":"Cultist and Chosen","ascension_level":12}