{"gold_per_floor":[117,117,3,13,88,122,122,137,193,193,213,21,49,64,64,162,162,176,191,16,27,27],"floor_reached":22,"playtime":842,"items_purged":["Strike_B","Strike_B"],"score":332,"play_id":"342db78e-b7cd-45e5-9bcc-d184504d031f","local_time":"20190226225151","is_ascension_mode":true,"campfire_choices":[{"data":"Zap","floor":7,"key":"SMITH"},{"data":"Coolheaded","floor":10,"key":"SMITH"},{"data":"Echo Form","floor":15,"key":"SMITH"}],"neow_cost":"NONE","seed_source_timestamp":1013601602282314,"circlet_count":0,"master_deck":["AscendersBane","Strike_B","Defend_B","Defend_B","Defend_B","Defend_B","Zap+1","Dualcast","BootSequence","Coolheaded+1","Biased Cognition","Hologram","White Noise","Echo Form+1","Core Surge","Loop"],"relics":["Cracked Core","NeowsBlessing","Blood Vial","Tiny Chest","Runic Capacitor","Bag of Marbles","Black Star"],"potions_floor_usage":[13,13,16,19],"damage_taken":[{"damage":0,"enemies":"Cultist","floor":1,"turns":1},{"damage":0,"enemies":"Jaw Worm","floor":4,"turns":1},{"damage":0,"enemies":"Lagavulin","floor":6,"turns":2},{"damage":0,"enemies":"2 Louse","floor":8,"turns":3},{"damage":0,"enemies":"Exordium Wildlife","floor":11,"turns":2},{"damage":12,"enemies":"3 Sentries","floor":13,"turns":6},{"damage":9,"enemies":"Looter","floor":14,"turns":3},{"damage":10,"enemies":"The Guardian","floor":16,"turns":9},{"damage":12,"enemies":"Shell Parasite","floor":18,"turns":7},{"damage":21,"enemies":"3 Byrds","floor":19,"turns":5},{"damage":27,"enemies":"Snake Plant","floor":21,"turns":5}],"seed_played":"1164066242724605895","potions_obtained":[{"floor":4,"key":"Strength Potion"},{"floor":6,"key":"SpeedPotion"},{"floor":14,"key":"AttackPotion"},{"floor":18,"key":"Energy Potion"}],"is_trial":false,"path_per_floor":["M","?","$","M","?","E","R","M","T","R","M","$","E","M","R","B",null,"M","M","$","M","?"],"character_chosen":"DEFECT","items_purchased":["BootSequence","Runic Capacitor","Loop"],"campfire_rested":0,"item_purchase_floors":[3,12,20],"current_hp_per_floor":[68,61,61,61,50,50,50,52,52,52,54,54,44,37,37,29,64,54,35,35,10,0],"gold":27,"neow_bonus":"THREE_ENEMY_KILL","is_prod":false,"is_daily":false,"chose_seed":false,"campfire_upgraded":3,"win_rate":0,"timestamp":1551217911,"path_taken":["M","?","$","M","?","E","R","M","T","R","M","$","E","M","R","BOSS","M","M","$","M","?"],"build_version":"2019-01-23","purchased_purges":2,"victory":false,"max_hp_per_floor":[75,75,75,75,75,75,75,75,75,75,75,75,75,75,75,75,75,75,75,75,75,75],"card_choices":[{"not_picked":["Leap","Hello World","Streamline"],"picked":"SKIP","floor":1},{"not_picked":["Chaos","Barrage","Sweeping Beam"],"picked":"SKIP","floor":4},{"not_picked":["Redo","Reinforced Body"],"picked":"Coolheaded","floor":6},{"not_picked":["Steam","Compile Driver"],"picked":"Biased Cognition","floor":8},{"not_picked":["Sweeping Beam","Tempest"],"picked":"Hologram","floor":11},{"not_picked":["Compile Driver","Rip and Tear"],"picked":"White Noise","floor":13},{"not_picked":["Sunder","Hologram"],"picked":"Echo Form","floor":14},{"not_picked":["All For One","Buffer"],"picked":"Core Surge","floor":16},{"not_picked":["Coolheaded","Gash+1","Streamline"],"picked":"SKIP","floor":18},{"not_picked":["Redo","Reprogram","Turbo"],"picked":"SKIP","floor":19},{"not_picked":["Steam Power","Compile Driver","Gash"],"picked":"SKIP","floor":21}],"player_experience":577070,"relics_obtained":[{"floor":6,"key":"Blood Vial"},{"floor":9,"key":"Tiny Chest"},{"floor":13,"key":"Bag of Marbles"}],"event_choices":[{"cards_removed":["Strike_B"],"damage_healed":0,"gold_gain":0,"player_choice":"Card Removal","damage_taken":7,"max_hp_gain":0,"max_hp_loss":0,"event_name":"Golden Wing","floor":2,"gold_loss":0},{"damage_healed":0,"gold_gain":75,"player_choice":"Gather Gold","damage_taken":11,"max_hp_gain":0,"max_hp_loss":0,"event_name":"World of Goop","floor":5,"gold_loss":0}],"is_beta":false,"boss_relics":[{"not_picked":["Ectoplasm","Lizard Tail"],"picked":"Black Star"}],"items_purged_floors":[3,20],"is_endless":false,"potions_floor_spawned":[4,6,14,18],"ascension_level":10}