{"path_per_floor":["M","M","$","M","M","E","R","M","T","R","M","?","E","M","R","B",null,"M","M","?","M","$","R","E","?","T","M","M","$","R","E","R","B",null,"M","$","?","M","?","R","M","R","T","M","R","M","$","E","R","B"],"character_chosen":"DEFECT","items_purchased":["Cold Snap","Strength Potion","Coolheaded","Reinforced Body","Beam Cell","Hologram","Skim","Capacitor","Hologram"],"gold_per_floor":[119,138,36,53,63,91,91,104,104,104,117,117,143,160,160,239,239,251,264,264,283,58,58,89,89,89,107,117,18,18,45,45,123,123,133,7,7,23,23,23,33,33,33,51,51,67,44,77,77,77],"floor_reached":51,"campfire_rested":3,"playtime":3184,"current_hp_per_floor":[57,57,57,57,57,38,38,38,38,38,40,40,38,47,47,47,65,60,39,39,38,38,38,35,35,35,46,46,46,46,40,61,37,63,61,61,51,51,51,51,51,51,51,51,71,60,60,60,71,44],"items_purged":["Strike_B","Strike_B"],"gold":77,"score":1326,"play_id":"cd51030e-f6b4-4635-b83e-31ce87a62f4f","local_time":"20180517143530","is_prod":false,"is_daily":false,"chose_seed":false,"is_ascension_mode":true,"campfire_upgraded":7,"timestamp":1526592930,"campfire_choices":[{"data":"Capacitor","floor":7,"key":"SMITH"},{"data":"Sunder","floor":10,"key":"SMITH"},{"data":"Barrage","floor":15,"key":"SMITH"},{"data":"Beam Cell","floor":23,"key":"SMITH"},{"data":"Machine Learning","floor":30,"key":"SMITH"},{"floor":32,"key":"REST"},{"data":"Skim","floor":40,"key":"SMITH"},{"data":"Capacitor","floor":42,"key":"SMITH"},{"floor":45,"key":"REST"},{"floor":49,"key":"REST"}],"path_taken":["M","M","$","M","M","E","R","M","T","R","M","?","E","M","R","BOSS","M","M","?","?","$","R","E","?","T","M","M","$","R","E","R","BOSS","M","$","?","M","?","R","M","R","T","M","R","M","$","E","R","BOSS"],"build_version":"2018-05-17","seed_source_timestamp":2251681203136955,"purchased_purges":2,"victory":true,"master_deck":["Strike_B","Defend_B","Defend_B","Defend_B","Defend_B","Zap","Dualcast","AscendersBane","Go for the Eyes+1","Auto Shields","Cold Snap","Steam","Glacier","Capacitor+1","Sunder+1","BootSequence","Streamline","Barrage+1","Machine Learning+1","Hologram","Barrage","Coolheaded","Reinforced Body","Beam Cell+1","FTL","Cold Snap","Cold Snap+1","Hologram","Skim+1","Biased Cognition","Turbo","Capacitor+1","Flash of Steel","Flash of Steel","Deep Breath","Leap+1","Melter","Loop","Aggregate","Hologram","Defragment"],"max_hp_per_floor":[71,71,71,71,71,71,71,71,71,71,71,71,71,71,71,71,71,71,71,71,71,71,71,71,71,71,71,71,71,71,71,71,71,71,71,71,71,71,71,71,71,71,71,71,71,71,71,71,71,71],"relics":["Cracked Core","Vajra","Bottled Lightning","Meat on the Bone","Lantern","Sozu","Shuriken","Du-Vu Doll","Unceasing Top","Nuclear Battery","Question Card","Bronze Scales"],"card_choices":[{"not_picked":["White Noise","Capacitor"],"picked":"Go for the Eyes","floor":1},{"not_picked":["Tempest","Aggregate"],"picked":"Auto Shields","floor":2},{"not_picked":["Storm","Turbo"],"picked":"Steam","floor":4},{"not_picked":["Coolheaded","Gash"],"picked":"Glacier","floor":5},{"not_picked":["Genetic Algorithm","Leap"],"picked":"Capacitor","floor":6},{"not_picked":["Chill","Storm"],"picked":"Sunder","floor":8},{"not_picked":["Streamline","Steam"],"picked":"BootSequence","floor":11},{"not_picked":["Auto Shields","Conserve Battery"],"picked":"Streamline","floor":13},{"not_picked":["BootSequence","Beam Cell"],"picked":"Barrage","floor":14},{"not_picked":["Hyperbeam","Amplify"],"picked":"Machine Learning","floor":16},{"not_picked":["Conserve Battery","Steam Power"],"picked":"Hologram","floor":18},{"not_picked":["Sunder","Self Repair"],"picked":"Barrage","floor":19},{"not_picked":["Fusion","Barrage","Double Energy"],"picked":"SKIP","floor":21},{"not_picked":["Chaos","Ball Lightning"],"picked":"FTL","floor":24},{"not_picked":["Beam Cell","Self Repair"],"picked":"Cold Snap","floor":27},{"not_picked":["Hello World","Double Energy"],"picked":"Cold Snap+1","floor":28},{"not_picked":["Rip and Tear","Beam Cell","Storm"],"picked":"SKIP","floor":31},{"not_picked":["Electrodynamics","Meteor Strike"],"picked":"Biased Cognition","floor":33},{"not_picked":["Gash","Cold Snap"],"picked":"Turbo","floor":35},{"not_picked":["Good Instincts","Jack Of All Trades"],"picked":"Flash of Steel","floor":37},{"not_picked":["Deep Breath","Dramatic Entrance"],"picked":"Flash of Steel","floor":37},{"not_picked":["Transmutation","Blind"],"picked":"Deep Breath","floor":37},{"not_picked":["Heatsinks+1","Axe Kick+1"],"picked":"Leap+1","floor":38},{"not_picked":["Undo","Axe Kick"],"picked":"Melter","floor":41},{"not_picked":["BootSequence+1","Chaos","Tempest"],"picked":"Loop","floor":44},{"not_picked":["Beam Cell","Barrage","Skim"],"picked":"Aggregate","floor":46},{"not_picked":["Recycle","Capacitor","Storm"],"picked":"Defragment","floor":48}],"player_experience":1506358,"potions_floor_usage":[6,16,31,50],"damage_taken":[{"damage":7,"enemies":"Jaw Worm","floor":1,"turns":4},{"damage":0,"enemies":"Small Slimes","floor":2,"turns":2},{"damage":0,"enemies":"2 Louse","floor":4,"turns":2},{"damage":0,"enemies":"Blue Slaver","floor":5,"turns":3},{"damage":19,"enemies":"Gremlin Nob","floor":6,"turns":6},{"damage":0,"enemies":"2 Fungi Beasts","floor":8,"turns":4},{"damage":10,"enemies":"Gremlin Gang","floor":11,"turns":4},{"damage":2,"enemies":"3 Sentries","floor":13,"turns":8},{"damage":3,"enemies":"Looter","floor":14,"turns":4},{"damage":12,"enemies":"Hexaghost","floor":16,"turns":9},{"damage":5,"enemies":"Spheric Guardian","floor":18,"turns":4},{"damage":21,"enemies":"3 Byrds","floor":19,"turns":6},{"damage":13,"enemies":"Snecko","floor":21,"turns":5},{"damage":15,"enemies":"Book of Stabbing","floor":24,"turns":5},{"damage":1,"enemies":"Sentry and Sphere","floor":27,"turns":4},{"damage":0,"enemies":"Centurion and Healer","floor":28,"turns":4},{"damage":6,"enemies":"Slavers","floor":31,"turns":5},{"damage":36,"enemies":"Collector","floor":33,"turns":8},{"damage":2,"enemies":"3 Shapes","floor":35,"turns":6},{"damage":0,"enemies":"Flame Bruiser 1 Orb","floor":38,"turns":4},{"damage":0,"enemies":"4 Shapes","floor":41,"turns":4},{"damage":0,"enemies":"3 Darklings","floor":44,"turns":3},{"damage":11,"enemies":"Maw","floor":46,"turns":5},{"damage":0,"enemies":"2 Orb Walkers","floor":48,"turns":2},{"damage":27,"enemies":"Donu and Deca","floor":50,"turns":8}],"relics_obtained":[{"floor":6,"key":"Bottled Lightning"},{"floor":9,"key":"Meat on the Bone"},{"floor":13,"key":"Lantern"},{"floor":24,"key":"Shuriken"},{"floor":26,"key":"Du-Vu Doll"},{"floor":31,"key":"Unceasing Top"},{"floor":43,"key":"Question Card"},{"floor":48,"key":"Bronze Scales"}],"event_choices":[{"event_name":"Living Wall","player_choice":"Grow","floor":12,"damage_taken":0},{"event_name":"Drug Dealer","player_choice":"Ignored","floor":20,"damage_taken":0},{"event_name":"Purifier","player_choice":"One Purge","floor":25,"damage_taken":0},{"event_name":"SensoryStone","player_choice":"Memory 3","floor":37,"damage_taken":0},{"event_name":"SecretPortal","player_choice":"Rejected Portal.","floor":39,"damage_taken":0}],"boss_relics":[{"not_picked":["Tiny House","Eternal Feather"],"picked":"Sozu"},{"not_picked":["Pandora\u0027s Box","Velvet Choker"],"picked":"Nuclear Battery"}],"potions_floor_spawned":[1,11,16,19,21,24,27,38,44,46],"seed_played":"7763395668293857035","ascension_level":15,"potions_obtained":[{"floor":1,"key":"Strength Potion"},{"floor":11,"key":"GamblersBrew"},{"floor":16,"key":"Poison Potion"}],"is_trial":false}