{"gold_per_floor":[111,111,126,91,101,130,130,156,156,156,156,199,199,217,217,348,348,362,377,476,495,495,495,533,533,533,551,551,322,322,346,346,472,472,492,392,406,11,11,11,25,25,79,93,114,414,433,449,449,449],"floor_reached":51,"playtime":3482,"items_purged":["Strike_B","Strike_B","Defend_B"],"score":910,"play_id":"328740b4-4834-45cb-92ea-59460a6f8c11","local_time":"20190224222946","is_ascension_mode":true,"campfire_choices":[{"data":"Chill","floor":7,"key":"SMITH"},{"floor":10,"key":"REST"},{"data":"Zap","floor":13,"key":"SMITH"},{"floor":15,"key":"REST"},{"floor":23,"key":"REST"},{"data":"Barrage","floor":25,"key":"SMITH"},{"data":"Dualcast","floor":28,"key":"SMITH"},{"data":"Self Repair","floor":30,"key":"SMITH"},{"data":"Coolheaded","floor":32,"key":"SMITH"},{"data":"Defragment","floor":40,"key":"SMITH"},{"data":"White Noise","floor":42,"key":"SMITH"},{"floor":49,"key":"REST"}],"neow_cost":"NONE","seed_source_timestamp":836816035130402,"circlet_count":0,"master_deck":["Strike_B","Defend_B","Defend_B","Defend_B","Zap+1","Dualcast+1","Chill+1","Glacier","Ball Lightning","Barrage+1","Tempest","Conserve Battery","Reinforced Body","Electrodynamics","Ball Lightning+1","Loop+1","Self Repair+1","Coolheaded+1","Buffer","Chill+1","Static Discharge","Defragment+1","White Noise+1","Hologram+1","Loop+1","Capacitor+1"],"relics":["Cracked Core","Art of War","Nunchaku","Kunai","Shuriken","Golden Idol","Prayer Wheel","Eternal Feather","Nilry\u0027s Codex","PreservedInsect","Symbiotic Virus","Philosopher\u0027s Stone","Anchor"],"potions_floor_usage":[6,8,16,21,24,24,33,33,33,41,44,50,50],"damage_taken":[{"damage":0,"enemies":"Small Slimes","floor":1,"turns":3},{"damage":0,"enemies":"2 Louse","floor":3,"turns":3},{"damage":0,"enemies":"Cultist","floor":5,"turns":3},{"damage":16,"enemies":"3 Sentries","floor":6,"turns":7},{"damage":33,"enemies":"Gremlin Nob","floor":8,"turns":4},{"damage":15,"enemies":"3 Sentries","floor":12,"turns":8},{"damage":3,"enemies":"Large Slime","floor":14,"turns":3},{"damage":20,"enemies":"The Guardian","floor":16,"turns":11},{"damage":0,"enemies":"3 Byrds","floor":18,"turns":3},{"damage":16,"enemies":"2 Thieves","floor":19,"turns":4},{"damage":10,"enemies":"Snecko","floor":21,"turns":5},{"damage":21,"enemies":"Slavers","floor":24,"turns":4},{"damage":3,"enemies":"Sentry and Sphere","floor":27,"turns":4},{"damage":5,"enemies":"Cultist and Chosen","floor":31,"turns":6},{"damage":58,"enemies":"Champ","floor":33,"turns":11},{"damage":11,"enemies":"3 Shapes","floor":35,"turns":4},{"damage":11,"enemies":"3 Darklings","floor":37,"turns":4},{"damage":15,"enemies":"Spire Growth","floor":41,"turns":6},{"damage":18,"enemies":"Jaw Worm Horde","floor":44,"turns":4},{"damage":0,"enemies":"3 Darklings","floor":45,"turns":4},{"damage":51,"enemies":"Writhing Mass","floor":47,"turns":6},{"damage":0,"enemies":"4 Shapes","floor":48,"turns":3},{"damage":25,"enemies":"Donu and Deca","floor":50,"turns":6}],"seed_played":"-4610002171232780400","potions_obtained":[{"floor":5,"key":"Strength Potion"},{"floor":6,"key":"LiquidBronze"},{"floor":12,"key":"PowerPotion"},{"floor":16,"key":"GamblersBrew"},{"floor":18,"key":"EssenceOfSteel"},{"floor":19,"key":"FocusPotion"},{"floor":27,"key":"SkillPotion"},{"floor":31,"key":"SkillPotion"},{"floor":41,"key":"Explosive Potion"},{"floor":47,"key":"Dexterity Potion"}],"is_trial":false,"path_per_floor":["M","?","M","?","M","E","R","E","T","R","?","E","R","M","R","B",null,"M","M","?","M","?","R","E","R","T","M","R","$","R","M","R","B",null,"M","$","M","$","?","R","M","R","T","M","M","?","M","M","R","B",null],"character_chosen":"DEFECT","items_purchased":["Self Repair","Regen Potion","Defragment","White Noise","FocusPotion","Ancient Potion"],"campfire_rested":4,"item_purchase_floors":[29,29,38,38,38,38],"current_hp_per_floor":[68,50,50,68,68,52,52,19,19,41,41,26,26,23,43,23,58,58,42,42,32,16,45,24,33,33,30,39,39,48,53,65,32,60,59,59,58,58,58,69,64,69,69,61,61,61,20,30,65,50],"gold":449,"neow_bonus":"TRANSFORM_CARD","is_prod":false,"is_daily":false,"chose_seed":false,"campfire_upgraded":8,"win_rate":0,"timestamp":1551043786,"path_taken":["M","?","M","?","M","E","R","E","T","R","?","E","R","M","R","BOSS","M","M","?","M","?","R","E","R","T","M","R","$","R","M","R","BOSS","M","$","M","$","?","R","M","R","T","M","M","?","M","?","R","BOSS"],"build_version":"2019-01-23","purchased_purges":3,"victory":true,"max_hp_per_floor":[75,75,75,75,75,75,75,75,75,75,69,69,69,69,69,69,69,69,69,69,69,69,69,69,69,69,69,69,69,69,69,69,69,69,69,69,69,69,69,69,69,69,69,69,69,69,69,69,69,69],"card_choices":[{"not_picked":["Barrage","Leap"],"picked":"Glacier","floor":1},{"not_picked":["Static Discharge","Redo"],"picked":"Ball Lightning","floor":3},{"not_picked":["Steam","Turbo"],"picked":"Barrage","floor":5},{"not_picked":["Go for the Eyes","Skim"],"picked":"Tempest","floor":6},{"not_picked":["Machine Learning","Redo"],"picked":"Conserve Battery","floor":8},{"not_picked":["Heatsinks","Steam","Redo"],"picked":"SKIP","floor":12},{"not_picked":["Undo","Conserve Battery"],"picked":"Reinforced Body","floor":14},{"not_picked":["Redo","Leap","Force Field"],"picked":"SKIP","floor":14},{"not_picked":["Hyperbeam","Creative AI"],"picked":"Electrodynamics","floor":16},{"not_picked":["Double Energy","Turbo+1"],"picked":"Ball Lightning+1","floor":18},{"not_picked":["Ball Lightning+1","Hologram","Gash+1"],"picked":"SKIP","floor":18},{"not_picked":["Double Energy","Scrape+1","Sunder"],"picked":"SKIP","floor":19},{"not_picked":["Rip and Tear","Recycle+1","Lockon+1"],"picked":"SKIP","floor":19},{"not_picked":["Hello World","Ball Lightning","Reprogram+1"],"picked":"SKIP","floor":21},{"not_picked":["Stack","Redo","Beam Cell+1"],"picked":"SKIP","floor":21},{"not_picked":["Streamline","Tempest","Force Field+1"],"picked":"SKIP","floor":24},{"not_picked":["Redo","Beam Cell"],"picked":"Loop+1","floor":27},{"not_picked":["FTL","Leap","Skim"],"picked":"SKIP","floor":27},{"not_picked":["Blizzard","Rip and Tear+1"],"picked":"Coolheaded","floor":31},{"not_picked":["Rainbow","Compile Driver","Go for the Eyes"],"picked":"SKIP","floor":31},{"not_picked":["Amplify","All For One"],"picked":"Buffer","floor":33},{"not_picked":["Turbo","BootSequence"],"picked":"Chill+1","floor":35},{"not_picked":["Hologram+1","Rebound+1","Compile Driver+1"],"picked":"SKIP","floor":35},{"not_picked":["Turbo+1","Steam"],"picked":"Static Discharge","floor":37},{"not_picked":["Coolheaded","Redo+1","Melter"],"picked":"SKIP","floor":37},{"not_picked":["Force Field","Cold Snap"],"picked":"Hologram+1","floor":41},{"not_picked":["Hyperbeam","Recycle+1","Chill"],"picked":"SKIP","floor":41},{"not_picked":["BootSequence","Barrage"],"picked":"Loop+1","floor":44},{"not_picked":["Rebound+1","Stack+1","Beam Cell"],"picked":"SKIP","floor":44},{"not_picked":["Redo","Recycle+1","Turbo+1"],"picked":"SKIP","floor":45},{"not_picked":["Sunder","Leap+1","Barrage"],"picked":"SKIP","floor":45},{"not_picked":["Chaos+1","Steam Power+1","Coolheaded+1"],"picked":"SKIP","floor":47},{"not_picked":["Go for the Eyes","Rebound","Fission"],"picked":"SKIP","floor":47},{"not_picked":["Ball Lightning+1","Hologram"],"picked":"Capacitor+1","floor":48},{"not_picked":["Stack+1","Coolheaded+1","Turbo"],"picked":"SKIP","floor":48}],"player_experience":462740,"relics_obtained":[{"floor":6,"key":"Nunchaku"},{"floor":8,"key":"Kunai"},{"floor":9,"key":"Shuriken"},{"floor":12,"key":"Prayer Wheel"},{"floor":22,"key":"Nilry\u0027s Codex"},{"floor":24,"key":"PreservedInsect"},{"floor":26,"key":"Symbiotic Virus"},{"floor":43,"key":"Anchor"}],"event_choices":[{"damage_healed":0,"gold_gain":0,"player_choice":"Success","damage_taken":18,"relics_obtained":["Art of War"],"max_hp_gain":0,"max_hp_loss":0,"event_name":"Scrap Ooze","floor":2,"gold_loss":0},{"damage_healed":18,"gold_gain":0,"player_choice":"Healed","damage_taken":0,"max_hp_gain":0,"max_hp_loss":0,"event_name":"The Cleric","floor":4,"gold_loss":35},{"damage_healed":0,"gold_gain":0,"player_choice":"Lose Max HP","damage_taken":0,"relics_obtained":["Golden Idol"],"max_hp_gain":0,"max_hp_loss":6,"event_name":"Golden Idol","floor":11,"gold_loss":0},{"damage_healed":0,"gold_gain":99,"player_choice":"Stole From Cult","damage_taken":0,"max_hp_gain":0,"max_hp_loss":0,"event_name":"Nest","floor":20,"gold_loss":0},{"damage_healed":0,"gold_gain":0,"player_choice":"Obtained Book","damage_taken":16,"max_hp_gain":0,"max_hp_loss":0,"event_name":"Cursed Tome","floor":22,"gold_loss":0},{"damage_healed":0,"gold_gain":0,"player_choice":"Ignored","damage_taken":0,"max_hp_gain":0,"max_hp_loss":0,"event_name":"Mysterious Sphere","floor":39,"gold_loss":0},{"damage_healed":0,"gold_gain":300,"player_choice":"Gold","damage_taken":0,"max_hp_gain":0,"max_hp_loss":0,"event_name":"Wheel of Change","floor":46,"gold_loss":0}],"is_beta":false,"boss_relics":[{"not_picked":["Busted Crown","Coffee Dripper"],"picked":"Eternal Feather"},{"not_picked":["White Beast Statue","Orrery"],"picked":"Philosopher\u0027s Stone"}],"items_purged_floors":[29,36,38],"is_endless":false,"potions_floor_spawned":[5,6,12,16,18,19,27,31,41,47],"ascension_level":7}