{"gold_per_floor":[119,132,232,249,265,293,307,338,338,358,372,372,401,401],"floor_reached":14,"playtime":1062,"items_purged":[],"score":177,"play_id":"3f5df899-8005-4c92-ba08-b6ddb02ac212","local_time":"20190114221015","is_ascension_mode":true,"campfire_choices":[{"floor":12,"key":"REST"}],"neow_cost":"NONE","seed_source_timestamp":271333593633811,"circlet_count":0,"master_deck":["AscendersBane","Strike_B","Strike_B","Strike_B","Strike_B","Defend_B","Defend_B","Defend_B","Defend_B","Zap","Dualcast","Compile Driver","Sunder","Sweeping Beam","Genetic Algorithm","Leap","Conserve Battery","Chill","Leap","Barrage"],"relics":["Cracked Core","Gambling Chip","Blue Candle","Pocketwatch","Meat on the Bone"],"potions_floor_usage":[8,8],"damage_taken":[{"damage":0,"enemies":"2 Louse","floor":1,"turns":3},{"damage":0,"enemies":"Cultist","floor":2,"turns":4},{"damage":0,"enemies":"Small Slimes","floor":4,"turns":2},{"damage":3,"enemies":"2 Fungi Beasts","floor":5,"turns":3},{"damage":40,"enemies":"3 Sentries","floor":6,"turns":8},{"damage":4,"enemies":"Exordium Thugs","floor":7,"turns":3},{"damage":14,"enemies":"Lagavulin","floor":8,"turns":6},{"damage":4,"enemies":"Large Slime","floor":10,"turns":5},{"damage":0,"enemies":"Looter","floor":11,"turns":3},{"damage":32,"enemies":"Gremlin Nob","floor":13,"turns":4},{"damage":0,"enemies":"Blue Slaver","floor":14,"turns":1}],"seed_played":"7273421580322512070","potions_obtained":[{"floor":2,"key":"Strength Potion"},{"floor":7,"key":"Poison Potion"},{"floor":8,"key":"FocusPotion"},{"floor":13,"key":"PowerPotion"}],"is_trial":false,"path_per_floor":["M","M","?","M","M","E","M","E","T","M","M","R","E","M"],"character_chosen":"DEFECT","items_purchased":[],"campfire_rested":1,"item_purchase_floors":[],"current_hp_per_floor":[75,75,75,75,72,32,28,14,14,10,10,34,2,2],"gold":401,"neow_bonus":"TEN_PERCENT_HP_BONUS","is_prod":false,"is_daily":false,"chose_seed":false,"campfire_upgraded":0,"win_rate":0,"timestamp":1547532615,"path_taken":["M","M","?","M","M","E","M","E","T","M","?","R","E","M"],"build_version":"2019-01-14","purchased_purges":0,"victory":false,"max_hp_per_floor":[82,82,82,82,82,82,82,82,82,82,82,82,82,82],"card_choices":[{"not_picked":["Rebound","Gash"],"picked":"Compile Driver","floor":1},{"not_picked":["Capacitor","Rebound"],"picked":"Sunder","floor":2},{"not_picked":["Coolheaded","Beam Cell"],"picked":"Sweeping Beam","floor":4},{"not_picked":["Undo","Loop"],"picked":"Genetic Algorithm","floor":5},{"not_picked":["Stack","Blizzard"],"picked":"Leap","floor":6},{"not_picked":["Double Energy","Sweeping Beam"],"picked":"Conserve Battery","floor":7},{"not_picked":["Coolheaded","FTL"],"picked":"Chill","floor":8},{"not_picked":["Streamline","Rip and Tear","Streamline"],"picked":"SKIP","floor":10},{"not_picked":["Beam Cell","Tempest"],"picked":"Leap","floor":11},{"not_picked":["Multi-Cast","Rainbow"],"picked":"Barrage","floor":13}],"player_experience":736439,"relics_obtained":[{"floor":6,"key":"Gambling Chip"},{"floor":8,"key":"Blue Candle"},{"floor":9,"key":"Pocketwatch"},{"floor":13,"key":"Meat on the Bone"}],"event_choices":[{"damage_healed":0,"gold_gain":100,"player_choice":"Pray","damage_taken":0,"max_hp_gain":0,"max_hp_loss":0,"event_name":"Golden Shrine","floor":3,"gold_loss":0}],"is_beta":true,"boss_relics":[],"items_purged_floors":[],"is_endless":false,"potions_floor_spawned":[2,7,8,13],"killed_by":"Blue Slaver","ascension_level":11}