{"path_per_floor":["M","M","M","M","M","R","E","$","T","E","?","?","M","M","R","B",null,"M","?","$","?","M","R","E","R","T","M"],"character_chosen":"IRONCLAD","items_purchased":["Inflame","Cleave","Shrug It Off","Bottled Lightning"],"gold_per_floor":[118,131,148,158,172,172,207,4,4,37,37,112,128,145,145,244,244,256,256,14,14,33,33,67,67,139,152],"floor_reached":28,"campfire_rested":0,"playtime":6124,"current_hp_per_floor":[80,80,80,80,74,74,66,66,73,71,87,76,79,83,83,49,87,83,83,83,66,62,62,18,18,18,24],"items_purged":["Defend_R"],"gold":152,"score":250,"play_id":"2d9941d3-a5f4-42c2-81e9-64eb02e75c03","is_prod":false,"is_daily":false,"is_ascension_mode":false,"campfire_upgraded":4,"path_taken":["M","M","M","?","M","R","E","$","T","E","?","?","M","M","R","BOSS","M","?","$","?","M","R","E","R","T","M","E"],"build_version":"2018-02-15-PROD1","purchased_purges":1,"victory":false,"master_deck":["Strike_R","Strike_R","Strike_R","Strike_R","Defend_R","Bash","Bludgeon","Battle Trance","Seeing Red+1","Shockwave","Anger+1","Cleave","Inflame","Inflame","Cleave","Shrug It Off","Headbutt","Headbutt","Heavy Blade","Feed","Feel No Pain+1","Rage+1","Pummel+1","Dual Wield+1","Flex+1","Limit Break+1","Reaper"],"max_hp_per_floor":[80,80,80,80,80,80,80,80,87,87,87,87,87,87,87,87,87,87,87,87,92,92,92,92,92,92,92],"relics":["Burning Blood","Pantograph","Anchor","Astrolabe","Nloth\u0027s Gift","Bottled Lightning","Pen Nib","Dodecahedron"],"card_choices":[{"not_picked":["Pommel Strike","Power Through"],"picked":"Battle Trance"},{"not_picked":["Iron Wave","Thunderclap"],"picked":"Seeing Red"},{"not_picked":["Pummel","Offering"],"picked":"Shockwave"},{"not_picked":["Warcry","Thunderclap"],"picked":"Anger"},{"not_picked":["Fire Breathing","Flame Barrier"],"picked":"Cleave"},{"not_picked":["Rampage","Perfected Strike"],"picked":"Inflame"},{"not_picked":["Burning Pact","Sword Boomerang"],"picked":"Headbutt"},{"not_picked":["Shockwave","Perfected Strike"],"picked":"Headbutt"},{"not_picked":["Twin Strike","True Grit"],"picked":"Heavy Blade"},{"not_picked":["Barricade","Reaper"],"picked":"Feed"},{"not_picked":["Shockwave","Headbutt"],"picked":"Dual Wield"},{"not_picked":["Pommel Strike","Sword Boomerang"],"picked":"Flex"},{"not_picked":["Warcry","Body Slam"],"picked":"Limit Break"},{"not_picked":["Burning Pact","Armaments"],"picked":"Reaper"}],"player_experience":29477,"potions_floor_usage":[7,16,18,18,24,24,28],"damage_taken":[{"damage":1,"enemies":"Cultist","floor":1,"turns":3},{"damage":0,"enemies":"Small Slimes","floor":2,"turns":2},{"damage":0,"enemies":"2 Louse","floor":3,"turns":2},{"damage":6,"enemies":"Blue Slaver","floor":4,"turns":3},{"damage":12,"enemies":"3 Louse","floor":5,"turns":5},{"damage":23,"enemies":"3 Sentries","floor":7,"turns":8},{"damage":8,"enemies":"Lagavulin","floor":10,"turns":5},{"damage":3,"enemies":"Lots of Slimes","floor":13,"turns":3},{"damage":2,"enemies":"Blue Slaver","floor":14,"turns":4},{"damage":44,"enemies":"Hexaghost","floor":16,"turns":7},{"damage":10,"enemies":"3 Byrds","floor":18,"turns":3},{"damage":10,"enemies":"Spheric Guardian","floor":22,"turns":4},{"damage":50,"enemies":"Slavers","floor":24,"turns":5},{"damage":0,"enemies":"3 Cultists","floor":27,"turns":5},{"damage":28,"enemies":"Gremlin Leader","floor":28,"turns":2}],"event_choices":[{"event_name":"Wheel of Change","player_choice":"Full Heal","floor":11,"damage_taken":0},{"event_name":"World of Goop","player_choice":"Gather Gold","floor":12,"damage_taken":0},{"event_name":"N\u0027loth","player_choice":"Traded a Strawberry","floor":19,"damage_taken":0},{"event_name":"Forgotten Altar","player_choice":"Shed Blood","floor":21,"damage_taken":0}],"boss_relics":[{"not_picked":["Sozu","Tiny House"],"picked":"Astrolabe"}],"potions_floor_spawned":[1,3,5,14,16,18,27],"seed_played":"-6590859795754738524","killed_by":"Gremlin Leader","ascension_level":0,"is_trial":false}