{"gold_per_floor":[114,127,147,161,171,171,51,85,85,100,19,36,36,36,36,141,141,160,174,194,214,214,214],"floor_reached":23,"playtime":1774,"items_purged":["Strike_B"],"score":197,"play_id":"e31aeb45-1637-4e3d-9ed3-6dbb2ea8fcee","local_time":"20190216115412","is_ascension_mode":false,"campfire_choices":[{"data":"Ball Lightning","floor":6,"key":"SMITH"},{"floor":13,"key":"REST"},{"floor":15,"key":"REST"}],"neow_cost":"NONE","seed_source_timestamp":109197862031011,"circlet_count":0,"master_deck":["Strike_B+1","Strike_B+1","Defend_B","Defend_B+1","Zap+1","Dualcast","Ball Lightning+1","Beam Cell+1","Sweeping Beam","Steam","Echo Form","Melter","Defragment","Conserve Battery","Seek","Turbo+1","Buffer+1","Consume+1","Hello World+1","Ball Lightning+1","Chaos+1"],"relics":["Cracked Core","Happy Flower","Whetstone","Astrolabe","MutagenicStrength"],"potions_floor_usage":[8,21,23,23],"damage_taken":[{"damage":1,"enemies":"Cultist","floor":1,"turns":3},{"damage":0,"enemies":"2 Louse","floor":2,"turns":3},{"damage":0,"enemies":"Small Slimes","floor":3,"turns":3},{"damage":16,"enemies":"Gremlin Gang","floor":4,"turns":5},{"damage":8,"enemies":"Lots of Slimes","floor":5,"turns":2},{"damage":2,"enemies":"Gremlin Nob","floor":8,"turns":3},{"damage":9,"enemies":"Exordium Wildlife","floor":10,"turns":4},{"damage":3,"enemies":"Blue Slaver","floor":12,"turns":3},{"damage":12,"enemies":"Slime Boss","floor":16,"turns":7},{"damage":0,"enemies":"Spheric Guardian","floor":18,"turns":2},{"damage":17,"enemies":"2 Thieves","floor":19,"turns":4},{"damage":8,"enemies":"Cultist and Chosen","floor":20,"turns":5},{"damage":0,"enemies":"3 Cultists","floor":21,"turns":5},{"damage":68,"enemies":"Slavers","floor":23,"turns":4}],"seed_played":"2753725636240699010","potions_obtained":[{"floor":4,"key":"Fire Potion"},{"floor":5,"key":"Energy Potion"},{"floor":12,"key":"FocusPotion"},{"floor":16,"key":"EssenceOfSteel"},{"floor":20,"key":"SkillPotion"},{"floor":21,"key":"SteroidPotion"}],"is_trial":false,"path_per_floor":["M","M","M","M","M","R","$","E","T","M","$","M","R","?","R","B",null,"M","M","M","M","?","E"],"character_chosen":"DEFECT","items_purchased":["Steam","Defragment","Conserve Battery"],"campfire_rested":2,"item_purchase_floors":[7,11,11],"current_hp_per_floor":[74,74,74,58,50,50,50,48,48,39,39,36,58,43,65,53,75,75,58,50,50,50,0],"gold":214,"neow_bonus":"UPGRADE_CARD","is_prod":false,"is_daily":false,"chose_seed":false,"campfire_upgraded":1,"win_rate":0.0,"timestamp":1550314452,"path_taken":["M","M","M","M","M","R","$","E","T","M","$","M","R","?","R","BOSS","M","M","M","M","?","E"],"build_version":"2019-01-23","purchased_purges":1,"victory":false,"max_hp_per_floor":[75,75,75,75,75,75,75,75,75,75,75,75,75,75,75,75,75,75,75,75,75,75,75],"card_choices":[{"not_picked":["Gash","Compile Driver","Fusion"],"picked":"SKIP","floor":1},{"not_picked":["Reprogram","Streamline"],"picked":"Ball Lightning","floor":2},{"not_picked":["Cold Snap","Doom and Gloom"],"picked":"Beam Cell","floor":3},{"not_picked":["Chill","Streamline"],"picked":"Sweeping Beam","floor":4},{"not_picked":["Auto Shields","Skim","Double Energy"],"picked":"SKIP","floor":5},{"not_picked":["Barrage","Melter"],"picked":"Echo Form","floor":8},{"not_picked":["Doom and Gloom","Stack"],"picked":"Melter","floor":10},{"not_picked":["Darkness","Streamline","Gash"],"picked":"SKIP","floor":12},{"not_picked":["Amplify","Rainbow"],"picked":"Seek","floor":16},{"not_picked":["Darkness","Rebound+1"],"picked":"Hello World+1","floor":18},{"not_picked":["Doom and Gloom","Coolheaded","Rebound"],"picked":"SKIP","floor":19},{"not_picked":["Glacier+1","Sweeping Beam+1"],"picked":"Ball Lightning+1","floor":20},{"not_picked":["Biased Cognition","Scrape+1"],"picked":"Chaos+1","floor":21}],"player_experience":19158,"relics_obtained":[{"floor":8,"key":"Happy Flower"},{"floor":9,"key":"Whetstone"}],"event_choices":[{"damage_healed":0,"gold_gain":0,"player_choice":"Entered Light","damage_taken":15,"max_hp_gain":0,"max_hp_loss":0,"event_name":"Shining Light","floor":14,"gold_loss":0,"cards_upgraded":["Defend_B","Strike_B"]},{"damage_healed":0,"gold_gain":0,"player_choice":"Inject Mutagens","damage_taken":0,"relics_obtained":["MutagenicStrength"],"max_hp_gain":0,"max_hp_loss":0,"event_name":"Drug Dealer","floor":22,"gold_loss":0}],"is_beta":false,"boss_relics":[{"not_picked":["Black Star","Cursed Key"],"picked":"Astrolabe"}],"items_purged_floors":[7],"is_endless":false,"potions_floor_spawned":[4,5,12,16,20,21],"killed_by":"Slavers","ascension_level":0}