{"path_per_floor":["M","M","?","M","M","R","E","R","T","E","M","E","M","M","R"],"character_chosen":"DEFECT","items_purchased":[],"gold_per_floor":[110,129,54,66,85,85,112,112,139,170,187,213,223,235,235,235],"floor_reached":16,"campfire_rested":2,"playtime":1029,"current_hp_per_floor":[64,64,64,56,42,42,26,47,47,34,19,2,2,2,23,0],"items_purged":[],"gold":235,"score":217,"play_id":"e9b83ea3-5abb-4253-a841-e7e6b3525e9d","local_time":"20180511160330","is_prod":false,"is_daily":false,"chose_seed":false,"is_ascension_mode":true,"campfire_upgraded":1,"timestamp":1526079810,"path_taken":["M","?","?","M","M","R","E","R","T","E","M","E","M","?","R","BOSS"],"build_version":"2018-05-10","seed_source_timestamp":1740720915431277,"purchased_purges":0,"victory":false,"master_deck":["Strike_B","Strike_B","Strike_B","Defend_B","Defend_B","Defend_B","Defend_B","Zap","Dualcast","AscendersBane","Gash+1","Rebound","Cold Snap","Gash","Coolheaded","Leap","Hologram","Reboot"],"max_hp_per_floor":[71,71,71,71,71,71,71,71,71,71,71,71,71,71,71,71],"relics":["Cracked Core","Vajra","Happy Flower","Anchor","Pen Nib"],"card_choices":[{"not_picked":["Ball Lightning","Rebound"],"picked":"Gash","floor":1},{"not_picked":["Barrage","Capacitor"],"picked":"Rebound","floor":2},{"not_picked":["Undo","Redo"],"picked":"Cold Snap","floor":4},{"not_picked":["Ball Lightning","Darkness"],"picked":"Gash","floor":5},{"not_picked":["Blizzard","Chill"],"picked":"Coolheaded","floor":7},{"not_picked":["Steam","Cold Snap"],"picked":"Leap","floor":10},{"not_picked":["BootSequence","Skim"],"picked":"Hologram","floor":11},{"not_picked":["Reprogram","Cold Snap"],"picked":"Reboot","floor":12}],"player_experience":1421408,"potions_floor_usage":[2,7,10,10,12,12,12,16],"damage_taken":[{"damage":0,"enemies":"Cultist","floor":1,"turns":4},{"damage":0,"enemies":"2 Louse","floor":2,"turns":3},{"damage":8,"enemies":"Small Slimes","floor":4,"turns":3},{"damage":14,"enemies":"Red Slaver","floor":5,"turns":2},{"damage":16,"enemies":"Lagavulin","floor":7,"turns":7},{"damage":13,"enemies":"3 Sentries","floor":10,"turns":7},{"damage":15,"enemies":"2 Fungi Beasts","floor":11,"turns":3},{"damage":17,"enemies":"Gremlin Nob","floor":12,"turns":4},{"damage":0,"enemies":"3 Louse","floor":13,"turns":3},{"damage":0,"enemies":"Large Slime","floor":14,"turns":2},{"damage":23,"enemies":"Hexaghost","floor":16,"turns":9}],"event_choices":[{"event_name":"The Cleric","player_choice":"Card Removal","floor":3,"damage_taken":0}],"boss_relics":[],"potions_floor_spawned":[2,5,7,11,13,14],"seed_played":"-3100719227285867259","killed_by":"Hexaghost","ascension_level":15,"is_trial":false}