{"path_per_floor":["M","M","$","M","?","R","E","?","T","E","R","M","E","M","R","B",null,"M","M","$","M","?","R","M","M","T","R","M","R","M","M","R","B",null,"M","?","?","M","M","R","?","R","T","?","R","M","?","M","R","B"],"character_chosen":"DEFECT","items_purchased":["Hello World","Strength Potion","DataDisk","Capacitor"],"gold_per_floor":[114,129,1,17,17,17,45,120,120,150,150,120,154,174,174,274,274,291,258,61,81,6,6,19,37,37,37,56,56,73,86,86,184,184,194,194,194,206,219,219,219,219,219,219,219,230,230,243,243,243],"floor_reached":51,"campfire_rested":8,"playtime":3991,"current_hp_per_floor":[59,53,53,34,34,56,40,29,29,8,30,27,7,19,41,17,61,61,44,44,36,36,58,18,4,4,26,26,48,48,48,70,31,64,61,61,61,58,50,50,69,69,69,69,69,60,50,50,72,17],"items_purged":[],"gold":243,"score":898,"play_id":"659de56c-58c2-47d7-9992-4333185b9ca6","local_time":"20180428152449","is_prod":false,"is_daily":false,"chose_seed":false,"is_ascension_mode":true,"campfire_upgraded":3,"timestamp":1524954289,"path_taken":["M","?","$","M","?","R","E","?","T","E","R","M","E","M","R","BOSS","M","?","$","M","?","R","M","M","T","R","M","R","M","M","R","BOSS","M","?","?","?","M","R","?","R","T","?","R","M","?","M","R","BOSS"],"build_version":"2018-04-27v3","seed_source_timestamp":612237999791726,"purchased_purges":0,"victory":true,"master_deck":["Strike_B","Strike_B","Defend_B","Defend_B","Defend_B","Defend_B","Zap","Dualcast","Rip and Tear","Hello World","Hello World+1","Glacier","Genetic Algorithm","Aggregate","Stack","Beam Cell+1","Echo Form","Capacitor+1","Stack","Capacitor+1","Tempest","Conserve Battery","Coolheaded","Barrage+1","Chill+1","Nova+1","Buffer+1","Impulse","Writhe","Skim+1","Dark Shackles","Blaster+1"],"max_hp_per_floor":[75,75,75,75,75,75,75,75,75,75,75,75,75,75,75,75,75,75,75,75,75,75,75,75,75,75,75,75,75,75,75,75,75,75,75,75,75,75,75,75,75,75,75,75,75,75,75,75,75,75],"relics":["Lizard Tail","Dead Branch","Molten Egg 2","Lantern","Gremlin Horn","Snecko Eye","DataDisk","Art of War","Cursed Key"],"card_choices":[{"not_picked":["Barrage","Loop"],"picked":"Rip and Tear","floor":1},{"not_picked":["Leap","Barrage"],"picked":"Hello World","floor":2},{"not_picked":["Ball Lightning","Cold Snap"],"picked":"Glacier","floor":4},{"not_picked":["Stack","Darkness"],"picked":"Genetic Algorithm","floor":7},{"not_picked":["Coolheaded","Prime"],"picked":"Aggregate","floor":10},{"not_picked":["Scrape","Cold Snap"],"picked":"Stack","floor":13},{"not_picked":["Heatsinks","Barrage"],"picked":"Beam Cell","floor":14},{"not_picked":["Rainbow","Reboot"],"picked":"Echo Form","floor":16},{"not_picked":["Beam Cell","Axe Kick"],"picked":"Capacitor","floor":18},{"not_picked":["Static Discharge","Barrage"],"picked":"Stack","floor":19},{"not_picked":["Genetic Algorithm","Turbo"],"picked":"Tempest","floor":21},{"not_picked":["Axe Kick","Go for the Eyes"],"picked":"Conserve Battery","floor":24},{"not_picked":["Melter","Capacitor"],"picked":"Coolheaded","floor":25},{"not_picked":["Rebound","Impulse"],"picked":"Barrage","floor":28},{"not_picked":["Sweeping Beam","Chaos"],"picked":"Chill","floor":30},{"not_picked":["Thunder Strike","Fission"],"picked":"Nova","floor":33},{"not_picked":["Barrage","Steam Power"],"picked":"Impulse","floor":39},{"not_picked":["Hologram","Rip and Tear"],"picked":"Skim","floor":46},{"not_picked":["Bandage Up","Flash of Steel"],"picked":"Dark Shackles","floor":47},{"not_picked":["Stack","Sweeping Beam"],"picked":"Blaster","floor":48}],"player_experience":1285683,"potions_floor_usage":[7,13,16,25,25,25,50],"damage_taken":[{"damage":9,"enemies":"Cultist","floor":1,"turns":5},{"damage":6,"enemies":"2 Louse","floor":2,"turns":3},{"damage":19,"enemies":"Jaw Worm","floor":4,"turns":4},{"damage":16,"enemies":"Gremlin Nob","floor":7,"turns":4},{"damage":21,"enemies":"Lagavulin","floor":10,"turns":9},{"damage":3,"enemies":"Looter","floor":12,"turns":4},{"damage":20,"enemies":"Gremlin Nob","floor":13,"turns":5},{"damage":25,"enemies":"3 Louse","floor":14,"turns":4},{"damage":24,"enemies":"Hexaghost","floor":16,"turns":12},{"damage":0,"enemies":"Shell Parasite","floor":18,"turns":4},{"damage":17,"enemies":"2 Thieves","floor":19,"turns":5},{"damage":8,"enemies":"Snecko","floor":21,"turns":6},{"damage":40,"enemies":"Cultist and Chosen","floor":24,"turns":7},{"damage":14,"enemies":"Snake Plant","floor":25,"turns":7},{"damage":0,"enemies":"Centurion and Healer","floor":28,"turns":8},{"damage":0,"enemies":"Cultist and Chosen","floor":30,"turns":5},{"damage":0,"enemies":"Chosen and Byrds","floor":31,"turns":7},{"damage":39,"enemies":"Automaton","floor":33,"turns":11},{"damage":3,"enemies":"3 Shapes","floor":35,"turns":7},{"damage":3,"enemies":"3 Darklings","floor":38,"turns":5},{"damage":8,"enemies":"4 Shapes","floor":39,"turns":4},{"damage":9,"enemies":"Maw","floor":46,"turns":10},{"damage":0,"enemies":"Sphere and 2 Shapes","floor":48,"turns":9},{"damage":55,"enemies":"Donu and Deca","floor":50,"turns":12}],"event_choices":[{"event_name":"Accursed Blacksmith","player_choice":"Forge","floor":5,"damage_taken":0},{"event_name":"World of Goop","player_choice":"Gather Gold","floor":8,"damage_taken":0},{"event_name":"Beggar","player_choice":"Gave Gold","floor":22,"damage_taken":0},{"event_name":"Match and Keep!","player_choice":"1 cards matched","floor":37,"damage_taken":0},{"event_name":"Winding Halls","player_choice":"Writhe","floor":41,"damage_taken":0},{"event_name":"Mysterious Sphere","player_choice":"Ignore","floor":44,"damage_taken":0},{"event_name":"SensoryStone","player_choice":"Memory 3","floor":47,"damage_taken":0}],"boss_relics":[{"not_picked":["Orrery","Nuclear Battery"],"picked":"Snecko Eye"},{"not_picked":["Black Star","Philosopher\u0027s Stone"],"picked":"Cursed Key"}],"potions_floor_spawned":[7,13,16,21,24,30,35,48],"seed_played":"-2993227615324451466","ascension_level":9,"is_trial":false}