{"gold_per_floor":[109,109,122,137,8,33,53,78,102,102,113,125,125,142,142,240,240,256,256,14,14,25,57,57,71,125,125,139,168,185,66,66,66],"floor_reached":33,"playtime":2219,"items_purged":[],"score":344,"play_id":"b99e31f8-36e6-4d0e-bc5b-ddc6be1e513b","local_time":"20190220232605","is_ascension_mode":true,"campfire_choices":[{"floor":10,"key":"REST"},{"floor":15,"key":"REST"},{"floor":24,"key":"REST"},{"floor":27,"key":"DIG"},{"floor":32,"key":"REST"}],"neow_cost":"NONE","seed_source_timestamp":3208461152487517,"circlet_count":0,"master_deck":["Defend_G","Defend_G","Defend_G","Defend_G","Defend_G","Strike_G","Strike_G","Strike_G+1","Strike_G","Survivor","Neutralize","Skewer+1","Dodge and Roll","Dash","Dagger Throw","Sucker Punch","Glass Knife","Writhe","Bouncing Flask","Dash+1","Dagger Spray+1","Prepared+1","Predator+1","Die Die Die+1"],"relics":["Velvet Choker","Shovel","Vajra","Omamori","Lantern","Calling Bell","Happy Flower","Molten Egg 2","Gambling Chip","Pear","Ornamental Fan","Whetstone","Calipers","The Specimen"],"potions_floor_usage":[6,6,16,18,23,33,33,33],"damage_taken":[{"damage":0,"enemies":"Jaw Worm","floor":1,"turns":5},{"damage":0,"enemies":"Small Slimes","floor":3,"turns":3},{"damage":0,"enemies":"Cultist","floor":4,"turns":3},{"damage":12,"enemies":"3 Sentries","floor":6,"turns":9},{"damage":0,"enemies":"Exordium Wildlife","floor":7,"turns":3},{"damage":26,"enemies":"Lagavulin","floor":8,"turns":7},{"damage":2,"enemies":"Looter","floor":11,"turns":2},{"damage":0,"enemies":"Gremlin Gang","floor":12,"turns":4},{"damage":0,"enemies":"2 Fungi Beasts","floor":14,"turns":3},{"damage":29,"enemies":"The Guardian","floor":16,"turns":16},{"damage":0,"enemies":"Chosen","floor":18,"turns":4},{"damage":0,"enemies":"Spheric Guardian","floor":22,"turns":3},{"damage":36,"enemies":"Book of Stabbing","floor":23,"turns":7},{"damage":1,"enemies":"Snake Plant","floor":25,"turns":4},{"damage":2,"enemies":"Sentry and Sphere","floor":28,"turns":4},{"damage":32,"enemies":"Gremlin Leader","floor":29,"turns":7},{"damage":31,"enemies":"Chosen and Byrds","floor":30,"turns":5},{"damage":29,"enemies":"Collector","floor":33,"turns":6}],"seed_played":"-4471214543368398263","potions_obtained":[{"floor":1,"key":"EssenceOfSteel"},{"floor":4,"key":"Poison Potion"},{"floor":12,"key":"Block Potion"},{"floor":14,"key":"Energy Potion"},{"floor":22,"key":"Block Potion"},{"floor":25,"key":"Ancient Potion"},{"floor":28,"key":"Ancient Potion"},{"floor":30,"key":"Block Potion"}],"is_trial":false,"path_per_floor":["M","?","M","M","$","E","M","E","T","R","M","M","?","M","R","B",null,"M","?","$","?","M","E","R","M","T","R","M","E","M","$","R","B"],"character_chosen":"THE_SILENT","items_purchased":["Dash","PowerPotion","Pear","Die Die Die+1","Fire Potion"],"campfire_rested":4,"item_purchase_floors":[5,5,20,31,31],"current_hp_per_floor":[70,67,67,67,67,55,55,29,29,50,48,48,48,48,69,40,70,70,70,80,80,80,44,68,67,67,67,65,33,2,2,26,0],"gold":66,"neow_bonus":"BOSS_RELIC","is_prod":false,"is_daily":false,"chose_seed":false,"campfire_upgraded":0,"win_rate":0,"timestamp":1550723165,"path_taken":["M","?","M","M","$","E","M","E","T","R","M","M","?","?","R","BOSS","M","?","$","?","?","E","R","M","T","R","M","E","M","$","R","BOSS"],"build_version":"2019-02-06","purchased_purges":0,"victory":false,"max_hp_per_floor":[70,70,70,70,70,70,70,70,70,70,70,70,70,70,70,70,70,70,70,80,80,80,80,80,80,80,80,80,80,80,80,80,80],"card_choices":[{"not_picked":["Concentrate","Quick Slash"],"picked":"Skewer","floor":1},{"not_picked":["Acrobatics","Blade Dance"],"picked":"Dodge and Roll","floor":3},{"not_picked":["Well Laid Plans","Underhanded Strike","Acrobatics"],"picked":"SKIP","floor":4},{"not_picked":["PiercingWail","Underhanded Strike","Outmaneuver"],"picked":"SKIP","floor":6},{"not_picked":["Prepared","Outmaneuver"],"picked":"Dagger Throw","floor":7},{"not_picked":["Bane","Escape Plan","Acrobatics"],"picked":"SKIP","floor":8},{"not_picked":["Dodge and Roll","Expertise"],"picked":"Sucker Punch","floor":11},{"not_picked":["Catalyst","Dagger Throw","Escape Plan"],"picked":"SKIP","floor":12},{"not_picked":["Doppelganger","Acrobatics","Blur"],"picked":"SKIP","floor":14},{"not_picked":["Wraith Form v2","After Image"],"picked":"Glass Knife","floor":16},{"not_picked":["Slice+1","Reflex","Flying Knee+1"],"picked":"SKIP","floor":18},{"not_picked":["Backstab+1","Slice+1","Deflect"],"picked":"SKIP","floor":22},{"not_picked":["Deflect","Terror"],"picked":"Dagger Spray+1","floor":23},{"not_picked":["Acrobatics","Night Terror"],"picked":"Prepared+1","floor":25},{"not_picked":["Deflect","Outmaneuver","Blade Dance"],"picked":"SKIP","floor":28},{"not_picked":["Sucker Punch+1","Expertise"],"picked":"Predator+1","floor":29},{"not_picked":["Flechettes+1","Concentrate","Dagger Throw+1"],"picked":"SKIP","floor":30}],"player_experience":168494,"relics_obtained":[{"floor":6,"key":"Vajra"},{"floor":8,"key":"Omamori"},{"floor":9,"key":"Lantern"},{"floor":17,"key":"Happy Flower"},{"floor":17,"key":"Molten Egg 2"},{"floor":17,"key":"Gambling Chip"},{"floor":23,"key":"Ornamental Fan"},{"floor":26,"key":"Whetstone"},{"floor":27,"key":"Calipers"},{"floor":29,"key":"The Specimen"}],"event_choices":[{"damage_healed":0,"gold_gain":0,"player_choice":"Success","damage_taken":3,"relics_obtained":["Shovel"],"max_hp_gain":0,"max_hp_loss":0,"event_name":"Scrap Ooze","floor":2,"gold_loss":0},{"cards_removed":["Strike_G"],"damage_healed":0,"gold_gain":0,"player_choice":"Card Removal","damage_taken":0,"max_hp_gain":0,"max_hp_loss":0,"event_name":"Wheel of Change","floor":13,"gold_loss":0},{"damage_healed":0,"gold_gain":0,"player_choice":"Read","damage_taken":0,"max_hp_gain":0,"max_hp_loss":0,"event_name":"The Library","floor":19,"gold_loss":0,"cards_obtained":["Bouncing Flask"]},{"damage_healed":0,"gold_gain":0,"player_choice":"Copied","damage_taken":0,"max_hp_gain":0,"max_hp_loss":0,"event_name":"Duplicator","floor":21,"gold_loss":0,"cards_obtained":["Dash"]}],"is_beta":true,"boss_relics":[{"not_picked":["Coffee Dripper","Runic Dome"],"picked":"Calling Bell"}],"items_purged_floors":[],"is_endless":false,"potions_floor_spawned":[1,4,12,14,22,25,28,30],"killed_by":"Collector","ascension_level":3}