{"path_per_floor":["M","M","?","?","M","R","$","E","T","M","M","M","M","M","R"],"character_chosen":"THE_SILENT","items_purchased":["Fire Potion","Weak Potion"],"gold_per_floor":[112,127,77,252,271,271,100,126,126,145,165,185,203,216,216],"floor_reached":16,"campfire_rested":1,"playtime":2053,"current_hp_per_floor":[63,56,56,56,49,49,49,27,27,19,16,13,6,6,26],"items_purged":["Doubt"],"gold":216,"play_id":"e33881c2-3570-4a64-8e6e-58d936c8f4d8","is_prod":false,"is_daily":false,"is_ascension_mode":true,"campfire_upgraded":1,"path_taken":["M","M","?","?","M","R","$","E","T","M","?","?","M","M","R","BOSS"],"build_version":"2018-02-01-PROD3","purchased_purges":1,"victory":false,"master_deck":["Defend_G","Defend_G","Defend_G","Defend_G","Defend_G","Strike_G","Strike_G","Strike_G","Strike_G","Strike_G","Survivor","Neutralize+1","Acrobatics","Well Laid Plans","Bouncing Flask+1","Poisoned Stab","Tools of the Trade","Backflip","PiercingWail"],"max_hp_per_floor":[70,70,67,67,67,67,67,67,67,67,67,67,67,67,67],"relics":["Ring of the Snake","Du-Vu Doll","Girya"],"card_choices":[{"not_picked":["Dagger Spray","Finisher"],"picked":"Acrobatics"},{"not_picked":["Underhanded Strike","Dagger Throw"],"picked":"Well Laid Plans"},{"not_picked":["Cloak And Dagger","Deadly Poison"],"picked":"Bouncing Flask"},{"not_picked":["Eviscerate","Riddle With Holes"],"picked":"Poisoned Stab"},{"not_picked":["Cloak And Dagger","Calculated Gamble"],"picked":"Tools of the Trade"},{"not_picked":["Deadly Poison","Caltrops"],"picked":"Backflip"},{"not_picked":["Caltrops","Terror"],"picked":"PiercingWail"}],"player_experience":632624,"potions_floor_usage":[10,11,13,14,16],"damage_taken":[{"damage":0,"enemies":"Jaw Worm","floor":1,"turns":6},{"damage":7,"enemies":"Small Slimes","floor":2,"turns":4},{"damage":7,"enemies":"2 Louse","floor":5,"turns":5},{"damage":22,"enemies":"Gremlin Nob","floor":8,"turns":4},{"damage":8,"enemies":"Large Slime","floor":10,"turns":7},{"damage":3,"enemies":"Gremlin Gang","floor":11,"turns":5},{"damage":3,"enemies":"Exordium Thugs","floor":12,"turns":5},{"damage":7,"enemies":"Lots of Slimes","floor":13,"turns":3},{"damage":0,"enemies":"Red Slaver","floor":14,"turns":4},{"damage":30,"enemies":"Slime Boss","floor":16,"turns":12}],"event_choices":[{"event_name":"The Cleric","player_choice":"Card Removal","floor":3,"damage_taken":0},{"event_name":"Liars Game","player_choice":"agreed","floor":4,"damage_taken":0}],"boss_relics":[],"potions_floor_spawned":[5,8,12,14],"seed_played":"6145753968931053647","killed_by":"Slime Boss","ascension_level":10,"is_trial":false}