{"path_per_floor":["M","M","$","M","?","E","R","E","T","R","M","M","R","M","R","B",null,"M","M","M","M","M","R","?","R","T","R","M","$","M","M","R","B",null,"M","?","M","$","M","R","E","R","T","?","R","T","E","?","R"],"character_chosen":"THE_SILENT","items_purchased":["Happy Flower","Bag of Marbles","Apotheosis","Swift Potion","Accuracy","Singing Bowl"],"gold_per_floor":[359,378,1,11,0,31,31,63,87,87,97,107,107,125,125,201,201,219,236,246,258,274,274,274,274,274,274,290,6,23,34,34,110,110,120,170,182,38,53,53,82,82,82,0,0,0,25,25,25],"floor_reached":50,"campfire_rested":0,"playtime":4222,"current_hp_per_floor":[59,57,57,55,55,30,30,17,17,17,17,17,17,17,17,15,47,47,47,47,27,27,27,27,27,27,27,35,35,39,39,39,38,39,39,32,38,38,39,39,43,43,43,43,43,43,45,51,51],"items_purged":["Parasite"],"gold":25,"score":882,"play_id":"d4001e56-36a7-44b4-89ad-4147f325b5f5","is_prod":false,"is_daily":false,"is_ascension_mode":true,"campfire_upgraded":9,"path_taken":["M","M","?","M","?","E","R","E","T","R","M","M","R","M","R","BOSS","M","M","M","M","M","R","?","R","T","R","M","$","M","M","R","BOSS","M","?","M","$","M","R","E","R","T","?","R","?","E","?","R","BOSS"],"build_version":"2018-02-16-BETA2","purchased_purges":1,"victory":false,"master_deck":["Defend_G","Defend_G","Defend_G","Survivor","Neutralize+1","Finisher+1","Dagger Spray+1","Terror+1","Adrenaline+1","Finisher+1","Endless Agony","Cloak And Dagger+1","Bite","Bite","Bite","Bite","Bite","Dagger Throw","Apotheosis+1","Accuracy","Well Laid Plans+1","Phantasmal Killer","Cloak And Dagger+1","Distraction+1","Dodge and Roll"],"max_hp_per_floor":[60,60,57,57,57,57,57,57,57,57,57,57,57,57,57,57,57,57,57,57,57,57,57,39,39,39,39,39,39,39,39,39,39,39,39,39,39,39,41,41,43,43,43,43,43,43,45,51,51],"relics":["Ring of the Snake","Happy Flower","Bag of Marbles","Vajra","Bottled Lightning","Bag of Preparation","Runic Dome","Orichalcum","Lizard Tail","Torii","Singing Bowl","Peace Pipe","Ornamental Fan","Red Mask","Gambling Chip","Darkstone Periapt"],"card_choices":[{"not_picked":["Leg Sweep","Underhanded Strike"],"picked":"Finisher"},{"not_picked":["Skewer","Poisoned Stab"],"picked":"Dagger Spray"},{"not_picked":["Endless Agony","Concentrate"],"picked":"Terror"},{"not_picked":["Unload","Wraith Form"],"picked":"Adrenaline"},{"not_picked":["Slice","Prepared"],"picked":"Finisher"},{"not_picked":["Slice","Grand Finale"],"picked":"Endless Agony"},{"not_picked":["Poisoned Stab","Acrobatics"],"picked":"Cloak And Dagger"},{"not_picked":["Deflect","Endless Agony"],"picked":"Dagger Throw"},{"not_picked":["Underhanded Strike","Reflex"],"picked":"Well Laid Plans"},{"not_picked":["Bullet Time","Venomology"],"picked":"Phantasmal Killer"},{"not_picked":["Flying Knee","Bane"],"picked":"Cloak And Dagger"},{"not_picked":["Bane","Choke"],"picked":"Distraction"},{"not_picked":["Slice","Dagger Throw"],"picked":"Dodge and Roll"}],"player_experience":745441,"potions_floor_usage":[6,6,16,16,31,33,33,33,50,50],"damage_taken":[{"damage":0,"enemies":"Cultist","floor":1,"turns":4},{"damage":2,"enemies":"2 Louse","floor":2,"turns":4},{"damage":2,"enemies":"Jaw Worm","floor":4,"turns":6},{"damage":25,"enemies":"Gremlin Nob","floor":6,"turns":5},{"damage":13,"enemies":"3 Sentries","floor":8,"turns":13},{"damage":0,"enemies":"Blue Slaver","floor":11,"turns":1},{"damage":0,"enemies":"Exordium Wildlife","floor":12,"turns":1},{"damage":0,"enemies":"Large Slime","floor":14,"turns":4},{"damage":2,"enemies":"Slime Boss","floor":16,"turns":6},{"damage":0,"enemies":"3 Byrds","floor":18,"turns":4},{"damage":0,"enemies":"Chosen","floor":19,"turns":2},{"damage":0,"enemies":"Snecko","floor":20,"turns":1},{"damage":20,"enemies":"Centurion and Healer","floor":21,"turns":3},{"damage":0,"enemies":"Chosen and Byrds","floor":22,"turns":3},{"damage":0,"enemies":"3 Cultists","floor":28,"turns":2},{"damage":6,"enemies":"Snake Plant","floor":30,"turns":3},{"damage":9,"enemies":"Slaver and Parasite","floor":31,"turns":4},{"damage":19,"enemies":"Collector","floor":33,"turns":6},{"damage":0,"enemies":"Orb Walker","floor":35,"turns":2},{"damage":20,"enemies":"Mysterious Sphere","floor":36,"turns":5},{"damage":0,"enemies":"3 Darklings","floor":37,"turns":2},{"damage":14,"enemies":"Sphere and 2 Shapes","floor":39,"turns":4},{"damage":2,"enemies":"Nemesis","floor":41,"turns":3},{"damage":0,"enemies":"2 Orb Walkers","floor":47,"turns":3},{"damage":115,"enemies":"Time Eater","floor":50,"turns":7}],"event_choices":[{"event_name":"World of Goop","player_choice":"Left","floor":5,"damage_taken":0},{"event_name":"Vampires","player_choice":"Became a vampire","floor":24,"damage_taken":0},{"event_name":"Mysterious Sphere","player_choice":"Fight","floor":36,"damage_taken":0},{"event_name":"Tomb of Lord Red Mask","player_choice":"Paid","floor":44,"damage_taken":0},{"event_name":"Winding Halls","player_choice":"Writhe","floor":48,"damage_taken":0}],"boss_relics":[{"not_picked":["Pandora\u0027s Box","Orrery"],"picked":"Runic Dome"},{"not_picked":["Eternal Feather","Calling Bell"],"picked":"Lizard Tail"}],"potions_floor_spawned":[1,2,11,14,16,22,31,37,39,41],"seed_played":"9078967033996291999","killed_by":"Time Eater","ascension_level":15,"is_trial":false}