{"path_per_floor":["M","?","M","?","M","R","M","$","T","M","M","R","?","?","R","B",null,"M","?","M","M","$","E","R","M","T","E","?","R","$","M","R","B",null,"M","?","M","M","$","R","$","M","T","?","R","M","M","E","R"],"character_chosen":"IRONCLAD","items_purchased":["Torii","Iron Wave","Battle Trance","Shockwave","Clothesline","Whirlwind","Block Potion"],"gold_per_floor":[110,110,120,120,137,137,147,72,372,389,406,406,406,406,406,510,510,528,528,545,565,61,89,89,102,183,211,211,211,43,56,56,153,153,163,163,180,195,108,108,10,27,27,0,0,11,30,63,63,63],"floor_reached":50,"campfire_rested":4,"playtime":4740,"current_hp_per_floor":[71,76,76,51,52,52,40,40,40,18,11,36,57,57,57,41,72,49,49,52,41,41,32,56,62,62,35,35,35,35,41,65,70,79,82,82,77,61,61,61,61,66,66,66,66,64,70,62,82,0],"items_purged":["Strike_R","Strike_R","Strike_R","Strike_R","Defend_R"],"gold":63,"score":741,"play_id":"bb71cb5b-c78d-4915-a5db-0fdbd740284d","local_time":"20180409041936","is_prod":false,"is_daily":false,"is_ascension_mode":true,"campfire_upgraded":5,"timestamp":1523272776,"path_taken":["M","?","M","?","M","R","?","$","T","M","M","R","?","?","R","BOSS","M","?","M","M","$","E","R","M","T","E","?","R","$","M","R","BOSS","M","?","M","M","$","R","$","?","T","?","R","?","M","E","R","BOSS"],"build_version":"2018-04-05v2","purchased_purges":5,"victory":false,"master_deck":["Defend_R","Defend_R","Defend_R","Bash","Demon Form+1","Shrug It Off","Warcry","Body Slam","Iron Wave+1","Fiend Fire","Thunderclap","Bludgeon","True Grit+1","Evolve","Shrug It Off","Iron Wave","Battle Trance","Pommel Strike+1","Shrug It Off","Shockwave+1","Clothesline+1","Carnage+1","Dark Embrace","Hemokinesis","Heavy Blade+1","Whirlwind"],"max_hp_per_floor":[80,85,85,85,85,85,85,85,85,85,85,85,85,82,82,82,82,82,82,82,82,82,82,82,82,82,82,82,82,82,82,82,82,82,82,82,82,82,82,82,82,82,82,82,82,82,82,82,82,82],"relics":["Burning Blood","Art of War","Old Coin","Snecko Eye","Torii","Bronze Scales","Smiling Mask","Prayer Wheel","Cursed Key","Red Mask","Calipers"],"card_choices":[{"not_picked":["Flex","Hemokinesis"],"picked":"Shrug It Off","floor":1},{"not_picked":["Twin Strike","Spot Weakness"],"picked":"Warcry","floor":3},{"not_picked":["Reckless Charge","Sentinel"],"picked":"Body Slam","floor":5},{"not_picked":["Flex","Brutality"],"picked":"Iron Wave","floor":7},{"not_picked":["Immolate","Brutality"],"picked":"Fiend Fire","floor":16},{"not_picked":["Havoc","Cleave"],"picked":"Thunderclap","floor":18},{"not_picked":["Anger","Havoc"],"picked":"Evolve","floor":20},{"not_picked":["Perfected Strike","Hemokinesis"],"picked":"Shrug It Off","floor":21},{"not_picked":["Cleave","Inflame"],"picked":"Pommel Strike","floor":25},{"not_picked":["Whirlwind","Cleave"],"picked":"Shrug It Off","floor":27},{"not_picked":["Armaments","Infernal Blade"],"picked":"Carnage","floor":31},{"not_picked":["Offering","Juggernaut"],"picked":"Dark Embrace","floor":33},{"not_picked":["Combust","Clash"],"picked":"Heavy Blade","floor":37}],"player_experience":360096,"potions_floor_usage":[10,23,38,42,47,48,50],"damage_taken":[{"damage":7,"enemies":"Small Slimes","floor":1,"turns":4},{"damage":6,"enemies":"Jaw Worm","floor":3,"turns":5},{"damage":5,"enemies":"2 Louse","floor":5,"turns":5},{"damage":18,"enemies":"Large Slime","floor":7,"turns":5},{"damage":28,"enemies":"Exordium Thugs","floor":10,"turns":8},{"damage":13,"enemies":"Blue Slaver","floor":11,"turns":4},{"damage":22,"enemies":"Hexaghost","floor":16,"turns":7},{"damage":29,"enemies":"Shell Parasite","floor":18,"turns":5},{"damage":3,"enemies":"Spheric Guardian","floor":20,"turns":3},{"damage":17,"enemies":"Snake Plant","floor":21,"turns":2},{"damage":15,"enemies":"Slavers","floor":23,"turns":4},{"damage":0,"enemies":"Cultist and Chosen","floor":25,"turns":4},{"damage":33,"enemies":"Gremlin Leader","floor":27,"turns":7},{"damage":0,"enemies":"Snecko","floor":31,"turns":3},{"damage":1,"enemies":"Champ","floor":33,"turns":8},{"damage":0,"enemies":"3 Shapes","floor":35,"turns":5},{"damage":11,"enemies":"3 Darklings","floor":37,"turns":4},{"damage":22,"enemies":"Maw","floor":38,"turns":6},{"damage":1,"enemies":"4 Shapes","floor":42,"turns":5},{"damage":8,"enemies":"Sphere and 2 Shapes","floor":46,"turns":4},{"damage":0,"enemies":"Maw","floor":47,"turns":5},{"damage":14,"enemies":"Nemesis","floor":48,"turns":5},{"damage":109,"enemies":"Awakened One","floor":50,"turns":6}],"event_choices":[{"event_name":"Big Fish","player_choice":"Donut","floor":2,"damage_taken":0},{"event_name":"Scrap Ooze","player_choice":"success","floor":4,"damage_taken":25},{"event_name":"Mushrooms","player_choice":"Healed and dodged fight","floor":13,"damage_taken":0},{"event_name":"Living Wall","player_choice":"Forget","floor":14,"damage_taken":0},{"event_name":"Match and Keep!","player_choice":"2 cards matched","floor":19,"damage_taken":0},{"event_name":"Ghosts","player_choice":"Ignored","floor":28,"damage_taken":0},{"event_name":"Transmorgrifier","player_choice":"Transform","floor":36,"damage_taken":0},{"event_name":"Tomb of Lord Red Mask","player_choice":"Paid","floor":44,"damage_taken":0}],"boss_relics":[{"not_picked":["Tiny House","Runic Dome"],"picked":"Snecko Eye"},{"not_picked":["White Beast Statue","Black Star"],"picked":"Cursed Key"}],"potions_floor_spawned":[7,11,16,18,20,21,27,35,37,42],"seed_played":"-8193979341581935040","killed_by":"Awakened One","ascension_level":8,"is_trial":false}