{"path_per_floor":["M","?","$","M","M","E","M","E","T","M","R","M","M","E","R"],"character_chosen":"DEFECT","items_purchased":["Flash of Steel"],"gold_per_floor":[110,110,10,22,40,74,85,114,140,152,152,164,179,207,207,207],"floor_reached":16,"campfire_rested":0,"playtime":1235,"current_hp_per_floor":[57,38,38,38,38,30,29,29,29,29,29,28,28,25,25,0],"items_purged":[],"gold":207,"score":261,"play_id":"3312b59c-8500-4ffa-911b-a40ffe685b5f","local_time":"20180512170809","is_prod":false,"is_daily":false,"chose_seed":false,"is_ascension_mode":true,"campfire_upgraded":2,"timestamp":1526170089,"path_taken":["M","?","?","M","M","E","M","E","T","?","R","M","M","E","R","BOSS"],"build_version":"2018-05-12v2","seed_source_timestamp":1830794890492447,"purchased_purges":0,"victory":false,"master_deck":["Strike_B","Strike_B+1","Strike_B","Defend_B","Defend_B","Defend_B+1","Zap","Dualcast+1","AscendersBane","Recycle+1","Flash of Steel","Glacier","Go for the Eyes+1","Capacitor","Cold Snap","Turbo","Skim","BootSequence","Hologram+1"],"max_hp_per_floor":[64,64,64,64,64,64,64,64,64,64,64,64,64,64,64,64],"relics":["Cracked Core","Lantern","Orichalcum","Whetstone","Regal Pillow"],"card_choices":[{"not_picked":["Coolheaded","Skim"],"picked":"Recycle","floor":1},{"not_picked":["Beam Cell","Capacitor"],"picked":"Glacier","floor":4},{"not_picked":["Capacitor","Cold Snap"],"picked":"Go for the Eyes","floor":5},{"not_picked":["Steam","Auto Shields"],"picked":"Capacitor","floor":6},{"not_picked":["Amplify","Sweeping Beam"],"picked":"Cold Snap","floor":7},{"not_picked":["Ball Lightning","Redo"],"picked":"Turbo","floor":8},{"not_picked":["Cold Snap","Impulse"],"picked":"Skim","floor":10},{"not_picked":["Loop","Go for the Eyes"],"picked":"BootSequence","floor":12},{"not_picked":["Steam","Rebound"],"picked":"Hologram","floor":13},{"not_picked":["Axe Kick","Sweeping Beam","Steam"],"picked":"SKIP","floor":14}],"player_experience":1445332,"potions_floor_usage":[8,14,14],"damage_taken":[{"damage":7,"enemies":"Small Slimes","floor":1,"turns":3},{"damage":0,"enemies":"2 Louse","floor":4,"turns":2},{"damage":0,"enemies":"Cultist","floor":5,"turns":4},{"damage":8,"enemies":"Lagavulin","floor":6,"turns":10},{"damage":1,"enemies":"Exordium Thugs","floor":7,"turns":4},{"damage":0,"enemies":"3 Sentries","floor":8,"turns":7},{"damage":0,"enemies":"Large Slime","floor":10,"turns":9},{"damage":1,"enemies":"Blue Slaver","floor":12,"turns":4},{"damage":0,"enemies":"Exordium Wildlife","floor":13,"turns":5},{"damage":3,"enemies":"Gremlin Nob","floor":14,"turns":5},{"damage":29,"enemies":"Hexaghost","floor":16,"turns":16}],"event_choices":[{"event_name":"Shining Light","player_choice":"Entered Light","floor":2,"damage_taken":0}],"boss_relics":[],"potions_floor_spawned":[1,4,5,7],"seed_played":"-2059312664340231018","killed_by":"Hexaghost","ascension_level":15,"is_trial":false}