{"gold_per_floor":[109,109,127,139,64,64,97,29,29,104,104,134,160,178,178,280,280,292,320,332,332,349,382,382,382],"floor_reached":25,"playtime":1198,"items_purged":["Strike_B"],"score":366,"play_id":"05ef8808-4400-4bc0-9053-05d3794f9a0a","local_time":"20190228221303","is_ascension_mode":true,"campfire_choices":[{"data":"Coolheaded","floor":6,"key":"SMITH"},{"data":"Doom and Gloom","floor":11,"key":"SMITH"},{"floor":15,"key":"REST"},{"floor":24,"key":"REST"}],"neow_cost":"NONE","seed_source_timestamp":1183720075846613,"circlet_count":0,"master_deck":["AscendersBane","Strike_B","Strike_B","Strike_B","Defend_B","Defend_B","Defend_B","Defend_B+1","Zap+1","Dualcast","Capacitor","Coolheaded+1","Doom and Gloom+1","Loop","Darkness","Glacier+1","Core Surge","Compile Driver","Lockon+1","Core Surge","Barrage","Leap+1"],"relics":["Cracked Core","Thread and Needle","Calipers","The Courier","Nuclear Battery","Red Mask","MutagenicStrength","War Paint"],"potions_floor_usage":[13,16,19,19],"damage_taken":[{"damage":1,"enemies":"Cultist","floor":1,"turns":3},{"damage":4,"enemies":"Jaw Worm","floor":3,"turns":3},{"damage":4,"enemies":"Small Slimes","floor":4,"turns":4},{"damage":25,"enemies":"Lagavulin","floor":7,"turns":8},{"damage":14,"enemies":"Gremlin Nob","floor":13,"turns":3},{"damage":0,"enemies":"3 Louse","floor":14,"turns":2},{"damage":28,"enemies":"Hexaghost","floor":16,"turns":11},{"damage":1,"enemies":"Shell Parasite","floor":18,"turns":8},{"damage":0,"enemies":"Masked Bandits","floor":19,"turns":4},{"damage":12,"enemies":"Chosen","floor":20,"turns":5},{"damage":14,"enemies":"Centurion and Healer","floor":22,"turns":7},{"damage":40,"enemies":"Gremlin Leader","floor":23,"turns":9},{"damage":30,"enemies":"Slavers","floor":25,"turns":3}],"seed_played":"3578071745189553116","potions_obtained":[{"floor":1,"key":"SkillPotion"},{"floor":2,"key":"Explosive Potion"},{"floor":2,"key":"Regen Potion"},{"floor":14,"key":"PowerPotion"},{"floor":16,"key":"EssenceOfSteel"},{"floor":22,"key":"FairyPotion"},{"floor":23,"key":"Weak Potion"}],"is_trial":false,"path_per_floor":["M","?","M","M","$","R","E","$","T","?","R","?","E","M","R","B",null,"M","?","M","?","M","E","R","E"],"character_chosen":"DEFECT","items_purchased":["Loop"],"campfire_rested":2,"item_purchase_floors":[8],"current_hp_per_floor":[67,67,63,59,59,59,34,34,34,23,23,23,18,18,40,12,59,58,58,46,46,32,7,29,0],"gold":382,"neow_bonus":"UPGRADE_CARD","is_prod":false,"is_daily":false,"chose_seed":false,"campfire_upgraded":2,"win_rate":0,"timestamp":1551388383,"path_taken":["M","?","M","M","$","R","E","?","T","?","R","?","E","M","R","BOSS","M","?","M","?","?","E","R","E"],"build_version":"2019-01-23","purchased_purges":1,"victory":false,"max_hp_per_floor":[75,75,75,75,75,75,75,75,75,75,75,75,75,75,75,75,75,75,75,75,75,75,75,75,75],"card_choices":[{"not_picked":["Consume","Recycle","Stack"],"picked":"SKIP","floor":1},{"not_picked":["Barrage","Beam Cell"],"picked":"Capacitor","floor":3},{"not_picked":["Compile Driver","Leap"],"picked":"Coolheaded","floor":4},{"not_picked":["Force Field","Gash"],"picked":"Doom and Gloom","floor":7},{"not_picked":["All For One","Turbo"],"picked":"Darkness","floor":13},{"not_picked":["FTL","Beam Cell"],"picked":"Glacier","floor":14},{"not_picked":["Amplify","Thunder Strike"],"picked":"Core Surge","floor":16},{"not_picked":["Beam Cell+1","Steam"],"picked":"Compile Driver","floor":18},{"not_picked":["Cold Snap","Go for the Eyes"],"picked":"Lockon+1","floor":19},{"not_picked":["Conserve Battery","Glacier"],"picked":"Core Surge","floor":20},{"not_picked":["Turbo","FTL"],"picked":"Barrage","floor":22},{"not_picked":["Skim","Core Surge"],"picked":"Leap+1","floor":23}],"player_experience":650941,"relics_obtained":[{"floor":7,"key":"Thread and Needle"},{"floor":9,"key":"Calipers"},{"floor":13,"key":"The Courier"},{"floor":19,"key":"Red Mask"},{"floor":23,"key":"War Paint"}],"event_choices":[{"damage_healed":0,"gold_gain":0,"player_choice":"Got Potions","damage_taken":0,"max_hp_gain":0,"max_hp_loss":0,"event_name":"Lab","floor":2,"gold_loss":0},{"damage_healed":0,"gold_gain":75,"player_choice":"Gather Gold","damage_taken":11,"max_hp_gain":0,"max_hp_loss":0,"event_name":"World of Goop","floor":10,"gold_loss":0},{"damage_healed":0,"gold_gain":30,"player_choice":"Searched \u00271\u0027 times","damage_taken":0,"max_hp_gain":0,"max_hp_loss":0,"event_name":"Dead Adventurer","floor":12,"gold_loss":0},{"damage_healed":0,"gold_gain":0,"player_choice":"Fought Bandits","damage_taken":0,"max_hp_gain":0,"max_hp_loss":0,"event_name":"Masked Bandits","floor":19,"gold_loss":0},{"damage_healed":0,"gold_gain":0,"player_choice":"Inject Mutagens","damage_taken":0,"relics_obtained":["MutagenicStrength"],"max_hp_gain":0,"max_hp_loss":0,"event_name":"Drug Dealer","floor":21,"gold_loss":0}],"is_beta":false,"boss_relics":[{"not_picked":["Cursed Key","Snecko Eye"],"picked":"Nuclear Battery"}],"items_purged_floors":[5],"is_endless":false,"potions_floor_spawned":[1,14,16,22,23],"killed_by":"Slavers","ascension_level":12}