{"path_per_floor":["M","$","M","M","M","R","E","R","T","M","?","$","R","?","R","B",null,"M","M","M","M","$","R","?","R","T","M","T","$"],"character_chosen":"THE_SILENT","items_purchased":["Concentrate","Well Laid Plans","After Image"],"gold_per_floor":[111,0,15,31,51,51,82,82,82,99,99,27,27,27,27,121,121,104,129,145,170,17,17,17,17,17,35,35,35],"floor_reached":30,"campfire_rested":3,"playtime":2891,"current_hp_per_floor":[56,56,56,55,42,42,29,29,29,23,5,5,22,22,37,25,46,33,25,24,17,17,32,32,32,32,29,29,29],"items_purged":["Parasite"],"gold":35,"score":434,"play_id":"11c6ae48-fa01-4a96-b96d-1a6fc52d0fa8","is_prod":false,"is_daily":false,"is_ascension_mode":true,"campfire_upgraded":2,"path_taken":["M","$","M","M","M","R","E","R","T","M","?","?","R","?","R","BOSS","M","?","M","M","$","R","?","R","T","?","?","?","M"],"build_version":"2018-02-07-BETA2","purchased_purges":1,"victory":false,"master_deck":["Defend_G","Defend_G","Defend_G","Defend_G","Defend_G","Strike_G","Strike_G","Strike_G","Strike_G","Strike_G","Survivor","Neutralize+1","Concentrate","Night Terror","Noxious Fumes","Blur","Outmaneuver+1","Slice","Well Laid Plans","Cloak And Dagger","PiercingWail","After Image","Backflip"],"max_hp_per_floor":[60,57,57,57,57,57,57,57,57,57,57,57,57,53,53,53,53,53,53,53,53,53,53,53,53,53,53,53,53],"relics":["Ring of the Snake","Unceasing Top","Blue Candle","Frozen Eye","Golden Idol","Sozu","Shovel","Pen Nib","Ice Cream","Vajra"],"card_choices":[{"not_picked":["Leg Sweep","Dagger Spray"],"picked":"Night Terror"},{"not_picked":["Sucker Punch","Poisoned Stab"],"picked":"Noxious Fumes"},{"not_picked":["Acrobatics","Crippling Poison"],"picked":"Blur"},{"not_picked":["Predator","Underhanded Strike"],"picked":"Outmaneuver"},{"not_picked":["Backstab","Flying Knee"],"picked":"Slice"},{"not_picked":["Malaise","PiercingWail"],"picked":"Cloak And Dagger"},{"not_picked":["Deadly Poison","Riddle With Holes"],"picked":"PiercingWail"},{"not_picked":["Prepared","PiercingWail"],"picked":"Backflip"}],"player_experience":749271,"potions_floor_usage":[7,16],"damage_taken":[{"damage":3,"enemies":"Jaw Worm","floor":1,"turns":7},{"damage":0,"enemies":"Small Slimes","floor":3,"turns":2},{"damage":1,"enemies":"Cultist","floor":4,"turns":3},{"damage":13,"enemies":"Exordium Thugs","floor":5,"turns":4},{"damage":13,"enemies":"Gremlin Nob","floor":7,"turns":5},{"damage":6,"enemies":"Looter","floor":10,"turns":5},{"damage":12,"enemies":"Hexaghost","floor":16,"turns":10},{"damage":13,"enemies":"2 Thieves","floor":18,"turns":4},{"damage":8,"enemies":"3 Byrds","floor":19,"turns":6},{"damage":1,"enemies":"Snecko","floor":20,"turns":8},{"damage":7,"enemies":"Centurion and Healer","floor":21,"turns":5},{"damage":3,"enemies":"Snake Plant","floor":27,"turns":9},{"damage":41,"enemies":"Cultist and Chosen","floor":30,"turns":5}],"event_choices":[{"event_name":"Scrap Ooze","player_choice":"unsuccessful","floor":11,"damage_taken":18},{"event_name":"Golden Idol","player_choice":"Lose Max HP","floor":14,"damage_taken":0},{"event_name":"The Mausoleum","player_choice":"Yes","floor":24,"damage_taken":0}],"boss_relics":[{"not_picked":["The Specimen","Ectoplasm"],"picked":"Sozu"}],"potions_floor_spawned":[1,5,10,16,21,27],"seed_played":"3675214240948714832","killed_by":"Cultist and Chosen","ascension_level":14,"is_trial":false}