{"path_per_floor":["M","M","M","M","M","R","E","M","T","M","?","R","?","?","R","B",null,"M","$","M","$","M","R","E","R","T","$","E","M","M","M","R","B",null,"M","M","?","T","$","E","?","$","T","R","$","M","E","M","R","B"],"character_chosen":"THE_SILENT","items_purchased":["Bronze Scales","Block Potion","Predator","Dash","Footwork","Dash","Night Terror"],"gold_per_floor":[116,136,152,171,181,181,210,228,228,239,239,239,239,272,272,391,391,404,179,202,102,121,121,162,162,186,10,54,75,89,108,108,232,232,247,260,260,283,165,209,542,458,458,458,138,157,191,203,203,203],"floor_reached":51,"campfire_rested":5,"playtime":5135,"current_hp_per_floor":[69,67,65,52,28,28,7,5,5,3,3,22,9,9,28,13,65,65,65,60,60,47,47,26,45,52,52,52,52,48,48,48,14,72,72,72,65,65,65,48,48,48,48,72,72,72,72,57,72,70],"items_purged":["Strike_G","Strike_G","Strike_G","Normality","Strike_G","Defend_G"],"gold":203,"score":684,"play_id":"b414907f-3883-4f93-8b6a-3991da9e0cbe","is_prod":false,"is_daily":false,"is_ascension_mode":true,"campfire_upgraded":3,"path_taken":["M","M","M","?","M","R","E","M","T","M","?","R","?","?","R","BOSS","M","?","M","$","M","R","E","R","T","$","E","M","?","M","R","BOSS","M","?","?","?","$","E","?","$","T","R","$","M","E","M","R","BOSS"],"build_version":"2018-02-08-BETA1","purchased_purges":6,"victory":true,"master_deck":["Defend_G","Defend_G","Defend_G+1","Defend_G","Strike_G+1","Survivor","Neutralize+1","Infinite Blades","Bouncing Flask","Caltrops","Dodge and Roll+1","Escape Plan","Noxious Fumes","Backflip","Deadly Poison","Tools of the Trade","Predator","Crippling Poison","Malaise+1","Die Die Die","Phantasmal Killer","Writhe","Parasite","Crippling Poison","Predator","Dash","Footwork","Dash","Night Terror","Catalyst+1"],"max_hp_per_floor":[70,70,70,70,70,70,70,70,70,70,65,65,65,65,65,65,65,65,65,65,65,65,65,65,65,72,72,72,72,72,72,72,72,72,72,72,72,72,72,72,72,72,72,72,72,72,72,72,72,72],"relics":["Ring of the Snake","Snake Skull","Thread and Needle","Odd Mushroom","Snecko Eye","Bronze Scales","Strawberry","Anchor","Calling Bell","Calipers","Smiling Mask","Letter Opener","Regal Pillow","Lantern","Mummified Hand","Ornamental Fan"],"card_choices":[{"not_picked":["Outmaneuver","Riddle With Holes"],"picked":"Infinite Blades"},{"not_picked":["PiercingWail","Distraction"],"picked":"Bouncing Flask"},{"not_picked":["Deadly Poison","Prepared"],"picked":"Caltrops"},{"not_picked":["Quick Slash","All Out Attack"],"picked":"Dodge and Roll"},{"not_picked":["Prepared","Dagger Throw"],"picked":"Escape Plan"},{"not_picked":["Quick Slash","Leg Sweep"],"picked":"Noxious Fumes"},{"not_picked":["Slice","Blur"],"picked":"Backflip"},{"not_picked":["Slice","Terror"],"picked":"Deadly Poison"},{"not_picked":["A Thousand Cuts","Wraith Form"],"picked":"Tools of the Trade"},{"not_picked":["Caltrops","PiercingWail"],"picked":"Predator"},{"not_picked":["Sucker Punch","Dodge and Roll"],"picked":"Crippling Poison"},{"not_picked":["Flechettes","Adrenaline"],"picked":"Malaise"},{"not_picked":["Deadly Poison","Masterful Stab"],"picked":"Die Die Die"},{"not_picked":["Venomology","Glass Knife"],"picked":"Phantasmal Killer"},{"not_picked":["Malaise","Poisoned Stab"],"picked":"Crippling Poison"},{"not_picked":["Deadly Poison","Escape Plan"],"picked":"Catalyst"}],"player_experience":33010,"potions_floor_usage":[5,7,16,24,24,33,33,40,47,47],"damage_taken":[{"damage":1,"enemies":"Blue Slaver","floor":1,"turns":6},{"damage":2,"enemies":"Cultist","floor":2,"turns":5},{"damage":2,"enemies":"Jaw Worm","floor":3,"turns":6},{"damage":13,"enemies":"3 Louse","floor":4,"turns":4},{"damage":24,"enemies":"Exordium Thugs","floor":5,"turns":7},{"damage":21,"enemies":"Gremlin Nob","floor":7,"turns":4},{"damage":2,"enemies":"2 Fungi Beasts","floor":8,"turns":3},{"damage":2,"enemies":"Large Slime","floor":10,"turns":6},{"damage":0,"enemies":"The Mushroom Lair","floor":14,"turns":4},{"damage":15,"enemies":"Slime Boss","floor":16,"turns":9},{"damage":0,"enemies":"Spheric Guardian","floor":18,"turns":4},{"damage":5,"enemies":"2 Thieves","floor":20,"turns":3},{"damage":13,"enemies":"Centurion and Healer","floor":22,"turns":4},{"damage":21,"enemies":"Slavers","floor":24,"turns":4},{"damage":0,"enemies":"Book of Stabbing","floor":28,"turns":4},{"damage":0,"enemies":"Slaver and Parasite","floor":29,"turns":5},{"damage":4,"enemies":"3 Cultists","floor":30,"turns":4},{"damage":0,"enemies":"Snake Plant","floor":31,"turns":3},{"damage":34,"enemies":"Collector","floor":33,"turns":8},{"damage":0,"enemies":"Flame Bruiser 1 Orb","floor":35,"turns":4},{"damage":0,"enemies":"Orb Walker","floor":36,"turns":3},{"damage":17,"enemies":"Nemesis","floor":40,"turns":7},{"damage":0,"enemies":"Sphere and 2 Shapes","floor":46,"turns":5},{"damage":0,"enemies":"2 Orb Walkers","floor":47,"turns":4},{"damage":15,"enemies":"4 Shapes","floor":48,"turns":4},{"damage":2,"enemies":"Time Eater","floor":50,"turns":15}],"event_choices":[{"event_name":"Golden Idol","player_choice":"Lose Max HP","floor":11,"damage_taken":0},{"event_name":"Shining Light","player_choice":"Entered Light","floor":13,"damage_taken":0},{"event_name":"Mushrooms","player_choice":"Fought Mushrooms","floor":14,"damage_taken":0},{"event_name":"Wheel of Change","player_choice":"Damage","floor":37,"damage_taken":0},{"event_name":"The Moai Head","player_choice":"Gave Idol","floor":41,"damage_taken":0}],"boss_relics":[{"not_picked":["Black Star","Velvet Choker"],"picked":"Snecko Eye"},{"not_picked":["Cursed Key","Astrolabe"],"picked":"Calling Bell"}],"potions_floor_spawned":[3,4,7,14,16,24,29,30,31,35,36,40],"seed_played":"521935859626280198","ascension_level":2,"is_trial":false}