{"gold_per_floor":[119,119,44,59,69,69,100,116,116,116,134,152,26,26],"floor_reached":14,"playtime":717,"items_purged":["Regret","Strike_R"],"score":115,"play_id":"b2b830ab-acbb-4db3-a58b-0cab3d88c669","local_time":"20190222224551","is_ascension_mode":true,"campfire_choices":[{"data":"Barricade","floor":6,"key":"SMITH"},{"data":"Inflame","floor":10,"key":"SMITH"}],"neow_cost":"CURSE","seed_source_timestamp":667757859648413,"circlet_count":0,"master_deck":["Strike_R","Strike_R","Strike_R","Strike_R","Defend_R","Defend_R","Defend_R","Defend_R","Bash","Barricade+1","Pommel Strike","Bash","Headbutt","Rampage","True Grit+1","Inflame+1","Demon Form","Shrug It Off+1","Armaments+1"],"relics":["Burning Blood","Toxic Egg 2","Matryoshka"],"potions_floor_usage":[14,14,14],"damage_taken":[{"damage":17,"enemies":"Small Slimes","floor":1,"turns":4},{"damage":1,"enemies":"Cultist","floor":4,"turns":3},{"damage":10,"enemies":"2 Louse","floor":5,"turns":2},{"damage":32,"enemies":"Gremlin Nob","floor":7,"turns":4},{"damage":26,"enemies":"Exordium Thugs","floor":8,"turns":4},{"damage":17,"enemies":"Looter","floor":11,"turns":3},{"damage":8,"enemies":"Blue Slaver","floor":12,"turns":3},{"damage":20,"enemies":"3 Sentries","floor":14,"turns":6}],"seed_played":"3229653473189198361","potions_obtained":[{"floor":4,"key":"GamblersBrew"},{"floor":7,"key":"Regen Potion"},{"floor":12,"key":"SteroidPotion"}],"is_trial":false,"path_per_floor":["M","?","$","M","M","R","E","M","T","R","M","M","$","E"],"character_chosen":"IRONCLAD","items_purchased":["Armaments+1"],"campfire_rested":0,"item_purchase_floors":[13],"current_hp_per_floor":[69,69,69,74,70,70,44,24,24,24,13,11,11,6],"gold":26,"neow_bonus":"THREE_RARE_CARDS","is_prod":false,"is_daily":false,"chose_seed":false,"campfire_upgraded":2,"win_rate":0,"timestamp":1550871951,"path_taken":["M","?","$","M","M","R","E","M","T","R","M","?","$","E"],"build_version":"2019-01-23","purchased_purges":2,"victory":false,"max_hp_per_floor":[80,80,80,80,80,80,80,80,80,80,80,80,80,80],"card_choices":[{"not_picked":["Brutality","Fiend Fire"],"picked":"Barricade","floor":0},{"not_picked":["Perfected Strike","Warcry"],"picked":"Pommel Strike","floor":1},{"not_picked":["Blood for Blood","Sentinel"],"picked":"Headbutt","floor":4},{"not_picked":["Heavy Blade","Twin Strike"],"picked":"Rampage","floor":5},{"not_picked":["Evolve","Uppercut"],"picked":"True Grit","floor":7},{"not_picked":["Flex+1","Intimidate+1"],"picked":"Inflame","floor":8},{"not_picked":["Shockwave+1","True Grit+1"],"picked":"Demon Form","floor":11},{"not_picked":["Iron Wave","Clash"],"picked":"Shrug It Off+1","floor":12}],"player_experience":366387,"relics_obtained":[{"floor":7,"key":"Toxic Egg 2"},{"floor":9,"key":"Matryoshka"}],"event_choices":[{"damage_healed":0,"gold_gain":0,"player_choice":"1 cards matched","damage_taken":0,"max_hp_gain":0,"max_hp_loss":0,"event_name":"Match and Keep!","floor":2,"gold_loss":0,"cards_obtained":["Bash"]},{"damage_healed":0,"gold_gain":0,"player_choice":"1 cards matched","damage_taken":0,"max_hp_gain":0,"max_hp_loss":0,"event_name":"Match and Keep!","floor":2,"gold_loss":0,"cards_obtained":["Bash"]}],"is_beta":false,"boss_relics":[],"items_purged_floors":[3,13],"is_endless":false,"potions_floor_spawned":[4,7,12],"killed_by":"3 Sentries","ascension_level":5}