{"gold_per_floor":[110,65,75,85,103,103,137,137,137,150,170,170,184,216,216,312,312,330,33,44,55,68,68,82,82,107,107,107,123,5,39,39,39],"floor_reached":33,"playtime":1757,"items_purged":["Strike_B","Strike_B"],"score":463,"play_id":"7b1e416f-fe8d-4a71-83c3-7984b9b61bc1","local_time":"20190225115111","is_ascension_mode":true,"campfire_choices":[{"data":"Loop","floor":6,"key":"SMITH"},{"data":"Loop","floor":8,"key":"SMITH"},{"data":"Chill","floor":12,"key":"SMITH"},{"data":"Zap","floor":15,"key":"SMITH"},{"data":"Self Repair","floor":23,"key":"SMITH"},{"data":"Coolheaded","floor":25,"key":"SMITH"},{"data":"Dualcast","floor":28,"key":"SMITH"},{"data":"Electrodynamics","floor":32,"key":"SMITH"}],"neow_cost":"NONE","seed_source_timestamp":886643133809788,"circlet_count":0,"master_deck":["Strike_B","Strike_B","Defend_B","Defend_B","Defend_B","Defend_B","Zap+1","Dualcast+1","Self Repair+1","Coolheaded+1","Loop+1","Loop+1","Ball Lightning","Chill+1","Glacier","Electrodynamics+1","Cold Snap","Reinforced Body","Ball Lightning+1"],"relics":["Cracked Core","FossilizedHelix","Sundial","The Courier","White Beast Statue","PreservedInsect","Anchor","Oddly Smooth Stone","Mummified Hand"],"potions_floor_usage":[7,13,14,14,16,22,24,33,33,33],"damage_taken":[{"damage":7,"enemies":"2 Louse","floor":1,"turns":3},{"damage":8,"enemies":"Cultist","floor":3,"turns":4},{"damage":2,"enemies":"Jaw Worm","floor":4,"turns":4},{"damage":16,"enemies":"3 Louse","floor":5,"turns":4},{"damage":25,"enemies":"Lagavulin","floor":7,"turns":8},{"damage":7,"enemies":"Exordium Thugs","floor":10,"turns":5},{"damage":0,"enemies":"Large Slime","floor":11,"turns":4},{"damage":0,"enemies":"Gremlin Gang","floor":13,"turns":5},{"damage":6,"enemies":"Gremlin Nob","floor":14,"turns":4},{"damage":0,"enemies":"Slime Boss","floor":16,"turns":12},{"damage":10,"enemies":"3 Byrds","floor":18,"turns":3},{"damage":7,"enemies":"2 Thieves","floor":20,"turns":5},{"damage":33,"enemies":"Snake Plant","floor":21,"turns":5},{"damage":13,"enemies":"Snecko","floor":22,"turns":8},{"damage":0,"enemies":"Chosen and Byrds","floor":24,"turns":6},{"damage":16,"enemies":"Colosseum Slavers","floor":27,"turns":5},{"damage":0,"enemies":"Centurion and Healer","floor":29,"turns":9},{"damage":12,"enemies":"Gremlin Leader","floor":31,"turns":4},{"damage":71,"enemies":"Champ","floor":33,"turns":13}],"seed_played":"8378847650779086437","potions_obtained":[{"floor":1,"key":"Poison Potion"},{"floor":4,"key":"Swift Potion"},{"floor":7,"key":"Fire Potion"},{"floor":11,"key":"Poison Potion"},{"floor":13,"key":"Block Potion"},{"floor":18,"key":"Explosive Potion"},{"floor":20,"key":"FearPotion"},{"floor":21,"key":"Weak Potion"},{"floor":22,"key":"PowerPotion"},{"floor":24,"key":"SneckoOil"},{"floor":29,"key":"Dexterity Potion"}],"is_trial":false,"path_per_floor":["M","$","M","M","M","R","E","R","T","M","M","R","M","E","R","B",null,"M","$","M","M","M","R","M","R","T","?","R","M","$","E","R","B"],"character_chosen":"DEFECT","items_purchased":["Coolheaded","PreservedInsect","Anchor","Fire Potion"],"campfire_rested":0,"item_purchase_floors":[2,19,19,30],"current_hp_per_floor":[68,68,67,72,56,56,38,38,38,38,45,45,52,53,53,60,77,74,74,67,41,35,35,45,45,45,39,39,49,49,47,47,0],"gold":39,"neow_bonus":"TEN_PERCENT_HP_BONUS","is_prod":false,"is_daily":false,"chose_seed":false,"campfire_upgraded":8,"win_rate":0,"timestamp":1551091871,"path_taken":["M","$","M","M","M","R","E","R","T","M","M","R","M","E","R","BOSS","M","$","M","M","M","R","M","R","T","?","R","M","$","E","R","BOSS"],"build_version":"2019-01-23","purchased_purges":2,"victory":false,"max_hp_per_floor":[82,82,82,82,82,82,82,82,82,82,82,82,82,82,82,82,82,82,82,82,82,82,82,82,82,82,82,82,82,82,82,82,82],"card_choices":[{"not_picked":["Melter","Rebound"],"picked":"Self Repair","floor":1},{"not_picked":["Steam","Barrage"],"picked":"Loop","floor":3},{"not_picked":["Scrape","Rebound"],"picked":"Loop","floor":4},{"not_picked":["Go for the Eyes","Leap","Gash"],"picked":"SKIP","floor":5},{"not_picked":["FTL","Barrage"],"picked":"Ball Lightning","floor":7},{"not_picked":["Turbo","Darkness"],"picked":"Chill","floor":10},{"not_picked":["Leap","Lockon","Barrage"],"picked":"SKIP","floor":11},{"not_picked":["Leap","Rainbow"],"picked":"Glacier","floor":13},{"not_picked":["Storm","Compile Driver","Sweeping Beam"],"picked":"SKIP","floor":14},{"not_picked":["Multi-Cast","Hyperbeam"],"picked":"Electrodynamics","floor":16},{"not_picked":["Coolheaded","Self Repair+1"],"picked":"Cold Snap","floor":18},{"not_picked":["Hologram+1","Sweeping Beam","Tempest+1"],"picked":"SKIP","floor":20},{"not_picked":["Coolheaded","Streamline","Beam Cell"],"picked":"SKIP","floor":21},{"not_picked":["Beam Cell","Darkness"],"picked":"Reinforced Body","floor":22},{"not_picked":["Turbo+1","Amplify"],"picked":"Ball Lightning+1","floor":24},{"not_picked":["Self Repair","FTL","Steam"],"picked":"SKIP","floor":29},{"not_picked":["Heatsinks","Scrape+1","Leap"],"picked":"SKIP","floor":31}],"player_experience":486608,"relics_obtained":[{"floor":7,"key":"FossilizedHelix"},{"floor":9,"key":"Sundial"},{"floor":14,"key":"The Courier"},{"floor":26,"key":"Oddly Smooth Stone"},{"floor":31,"key":"Mummified Hand"}],"event_choices":[{"damage_healed":0,"gold_gain":0,"player_choice":"Fight","damage_taken":0,"max_hp_gain":0,"max_hp_loss":0,"event_name":"Colosseum","floor":27,"gold_loss":0},{"damage_healed":0,"gold_gain":0,"player_choice":"Fled From Nobs","damage_taken":0,"max_hp_gain":0,"max_hp_loss":0,"event_name":"Colosseum","floor":27,"gold_loss":0}],"is_beta":false,"boss_relics":[{"not_picked":["Calling Bell","Runic Pyramid"],"picked":"White Beast Statue"}],"items_purged_floors":[19,30],"is_endless":false,"potions_floor_spawned":[1,4,7,11,13,18,20,21,22,24,27,29,31],"killed_by":"Champ","ascension_level":8}