{"gold_per_floor":[109,109,109,121,121,149,149,180,254,265,294,311,311,30,30,132,132,145,74,74,86,98,110,122],"floor_reached":24,"playtime":584,"items_purged":[],"score":364,"play_id":"9d76ea6c-a7fe-49f2-92d5-5c4ac9b467eb","local_time":"20190225111420","is_ascension_mode":true,"campfire_choices":[{"data":"Zap","floor":7,"key":"SMITH"},{"data":"Defragment","floor":15,"key":"SMITH"},{"data":"Echo Form","floor":23,"key":"SMITH"}],"neow_cost":"NONE","seed_source_timestamp":885605257935201,"circlet_count":0,"master_deck":["Strike_B","Strike_B","Defend_B","Defend_B","Defend_B","Defend_B","Zap+1","Dualcast","Barrage","Ball Lightning","Barrage","Cold Snap","Echo Form+1","Defragment+1","Biased Cognition","Loop+1","Capacitor"],"relics":["Cracked Core","NeowsBlessing","Anchor","Regal Pillow","Darkstone Periapt","DataDisk","Question Card","Runic Capacitor","Sozu","MawBank","Nilry\u0027s Codex"],"potions_floor_usage":[8,8,11,24],"damage_taken":[{"damage":0,"enemies":"Small Slimes","floor":1,"turns":1},{"damage":0,"enemies":"Cultist","floor":4,"turns":1},{"damage":0,"enemies":"3 Sentries","floor":6,"turns":1},{"damage":0,"enemies":"Gremlin Nob","floor":8,"turns":2},{"damage":0,"enemies":"2 Louse","floor":10,"turns":2},{"damage":22,"enemies":"Lagavulin","floor":11,"turns":4},{"damage":0,"enemies":"Blue Slaver","floor":12,"turns":3},{"damage":3,"enemies":"The Guardian","floor":16,"turns":8},{"damage":15,"enemies":"Spheric Guardian","floor":18,"turns":4},{"damage":41,"enemies":"Slavers","floor":24,"turns":3}],"seed_played":"-1347171753560676947","potions_obtained":[{"floor":4,"key":"Swift Potion"},{"floor":6,"key":"SteroidPotion"},{"floor":8,"key":"Explosive Potion"},{"floor":10,"key":"FocusPotion"}],"is_trial":false,"path_per_floor":["M","?","?","M","?","E","R","E","T","M","E","M","?","$","R","B",null,"M","$","?","$","?","R","E"],"character_chosen":"DEFECT","items_purchased":["Runic Capacitor","Defragment","Capacitor"],"campfire_rested":0,"item_purchase_floors":[14,14,19],"current_hp_per_floor":[68,68,68,68,61,61,61,61,61,61,39,39,32,32,32,29,64,49,49,49,49,33,33,0],"gold":122,"neow_bonus":"THREE_ENEMY_KILL","is_prod":false,"is_daily":false,"chose_seed":false,"campfire_upgraded":3,"win_rate":0,"timestamp":1551089660,"path_taken":["M","?","?","?","?","E","R","E","T","M","E","M","?","$","R","BOSS","M","$","?","$","?","R","E"],"build_version":"2019-01-23","purchased_purges":0,"victory":false,"max_hp_per_floor":[75,75,75,75,75,75,75,75,75,75,75,75,75,75,75,75,75,75,75,75,75,75,75,75],"card_choices":[{"not_picked":["Leap","Reprogram"],"picked":"Barrage","floor":1},{"not_picked":["Double Energy","Steam"],"picked":"Ball Lightning","floor":4},{"not_picked":["Stack","Rebound","Gash"],"picked":"SKIP","floor":6},{"not_picked":["Gash","Beam Cell"],"picked":"Barrage","floor":8},{"not_picked":["Redo","Rebound"],"picked":"Cold Snap","floor":10},{"not_picked":["Turbo","Leap"],"picked":"Echo Form","floor":11},{"not_picked":["Steam","Stack","Skim"],"picked":"SKIP","floor":12},{"not_picked":["Hyperbeam","Machine Learning","Creative AI"],"picked":"Biased Cognition","floor":16},{"not_picked":["Barrage+1","Streamline","Self Repair"],"picked":"Loop+1","floor":18}],"player_experience":485589,"relics_obtained":[{"floor":6,"key":"Anchor"},{"floor":8,"key":"Regal Pillow"},{"floor":9,"key":"Darkstone Periapt"},{"floor":11,"key":"DataDisk"},{"floor":22,"key":"Nilry\u0027s Codex"}],"event_choices":[{"damage_healed":0,"gold_gain":0,"player_choice":"Ignored","damage_taken":0,"max_hp_gain":0,"max_hp_loss":0,"event_name":"Liars Game","floor":2,"gold_loss":0},{"cards_removed":["Strike_B"],"damage_healed":0,"gold_gain":0,"player_choice":"Purged","damage_taken":0,"max_hp_gain":0,"max_hp_loss":0,"event_name":"Purifier","floor":3,"gold_loss":0},{"cards_removed":["Strike_B"],"damage_healed":0,"gold_gain":0,"player_choice":"Card Removal","damage_taken":7,"max_hp_gain":0,"max_hp_loss":0,"event_name":"Golden Wing","floor":5,"gold_loss":0},{"damage_healed":0,"gold_gain":0,"player_choice":"Success","damage_taken":7,"relics_obtained":["Question Card"],"max_hp_gain":0,"max_hp_loss":0,"event_name":"Scrap Ooze","floor":13,"gold_loss":0},{"damage_healed":0,"gold_gain":0,"player_choice":"Opened","damage_taken":0,"relics_obtained":["MawBank"],"max_hp_gain":0,"max_hp_loss":0,"event_name":"The Mausoleum","floor":20,"gold_loss":0},{"damage_healed":0,"gold_gain":0,"player_choice":"Obtained Book","damage_taken":16,"max_hp_gain":0,"max_hp_loss":0,"event_name":"Cursed Tome","floor":22,"gold_loss":0}],"is_beta":false,"boss_relics":[{"not_picked":["Coffee Dripper","Calling Bell"],"picked":"Sozu"}],"items_purged_floors":[],"is_endless":false,"potions_floor_spawned":[4,6,8,10],"killed_by":"Slavers","ascension_level":8}