{"path_per_floor":["M","M","M","?","M","E","M","E","T","?","R","M","R","M","R"],"character_chosen":"IRONCLAD","items_purchased":[],"gold_per_floor":[115,128,139,139,153,187,157,189,240,190,190,176,176,187,187],"floor_reached":16,"campfire_rested":2,"playtime":1182,"current_hp_per_floor":[68,71,77,61,60,28,23,12,12,12,36,25,49,49,49],"items_purged":[],"gold":187,"score":129,"play_id":"b62998af-7adb-4637-b163-fbc8de69d1fb","local_time":"20180311125804","is_prod":false,"is_daily":false,"is_ascension_mode":true,"campfire_upgraded":1,"timestamp":1520798284,"path_taken":["M","M","M","?","M","E","M","E","T","?","R","M","R","M","R","BOSS"],"build_version":"2018-03-09","purchased_purges":0,"victory":false,"master_deck":["Strike_R","Strike_R","Strike_R","Strike_R","Defend_R","Defend_R","Defend_R","Defend_R+1","Bash","Searing Blow+1","Dark Embrace+1","True Grit","Warcry","Havoc","Thunderclap","True Grit","True Grit","Warcry"],"max_hp_per_floor":[80,80,80,80,80,80,80,80,80,80,80,80,80,80,80],"relics":["Burning Blood","Self Forming Clay","Blue Candle","Omamori"],"card_choices":[{"not_picked":["Thunderclap","Body Slam"],"picked":"Searing Blow"},{"not_picked":["Sword Boomerang","Sever Soul"],"picked":"Dark Embrace"},{"not_picked":["Sentinel","Clothesline"],"picked":"True Grit"},{"not_picked":["Clash","Anger"],"picked":"Warcry"},{"not_picked":["Clothesline","Spot Weakness"],"picked":"Havoc"},{"not_picked":["Sever Soul","Twin Strike"],"picked":"Thunderclap"},{"not_picked":["Flame Barrier","Exhume"],"picked":"True Grit"},{"not_picked":["Twin Strike","Sever Soul"],"picked":"True Grit"},{"not_picked":["Sword Boomerang","Rupture"],"picked":"Warcry"}],"player_experience":200619,"potions_floor_usage":[6,16,16],"damage_taken":[{"damage":18,"enemies":"Jaw Worm","floor":1,"turns":4},{"damage":3,"enemies":"2 Louse","floor":2,"turns":4},{"damage":0,"enemies":"Small Slimes","floor":3,"turns":3},{"damage":7,"enemies":"3 Louse","floor":5,"turns":5},{"damage":38,"enemies":"Lagavulin","floor":6,"turns":10},{"damage":11,"enemies":"Looter","floor":7,"turns":4},{"damage":17,"enemies":"3 Sentries","floor":8,"turns":8},{"damage":17,"enemies":"Exordium Thugs","floor":12,"turns":7},{"damage":6,"enemies":"Blue Slaver","floor":14,"turns":6},{"damage":66,"enemies":"Hexaghost","floor":16,"turns":11}],"event_choices":[{"event_name":"Shining Light","player_choice":"Entered Light","floor":4,"damage_taken":0},{"event_name":"The Cleric","player_choice":"Card Removal","floor":10,"damage_taken":0}],"boss_relics":[],"potions_floor_spawned":[2,5,12,14],"seed_played":"-9207648099230214569","killed_by":"Hexaghost","ascension_level":3,"is_trial":false}