{"gold_per_floor":[116,136,37,55,69,69,97,97,97,97,113,144,154,174,174,174],"floor_reached":16,"playtime":963,"items_purged":[],"score":125,"play_id":"f84c02db-8590-40e3-b7dc-3fde9ec32737","local_time":"20190218004823","is_ascension_mode":true,"campfire_choices":[{"data":"Warcry","floor":6,"key":"SMITH"},{"data":"Warcry","floor":8,"key":"SMITH"},{"floor":10,"key":"REST"},{"floor":15,"key":"REST"}],"neow_cost":"NONE","seed_source_timestamp":2955504213526164,"circlet_count":0,"master_deck":["Strike_R","Strike_R","Strike_R","Strike_R","Strike_R","Defend_R","Defend_R","Defend_R","Defend_R","Bash","Warcry+1","Shrug It Off","Warcry+1","Spot Weakness","Whirlwind","Flex","Heavy Blade","Immolate","Iron Wave"],"relics":["Burning Blood","Ancient Tea Set","Blue Candle","The Courier","Boot"],"potions_floor_usage":[4,5,7,12,16],"damage_taken":[{"damage":11,"enemies":"Jaw Worm","floor":1,"turns":7},{"damage":5,"enemies":"2 Louse","floor":2,"turns":3},{"damage":13,"enemies":"Cultist","floor":4,"turns":7},{"damage":4,"enemies":"Red Slaver","floor":5,"turns":4},{"damage":18,"enemies":"3 Sentries","floor":7,"turns":8},{"damage":6,"enemies":"Looter","floor":11,"turns":3},{"damage":48,"enemies":"Gremlin Nob","floor":12,"turns":5},{"damage":7,"enemies":"Exordium Thugs","floor":13,"turns":4},{"damage":18,"enemies":"Large Slime","floor":14,"turns":8},{"damage":60,"enemies":"Slime Boss","floor":16,"turns":8}],"seed_played":"-8490981856727093994","potions_obtained":[{"floor":1,"key":"Block Potion"},{"floor":2,"key":"Poison Potion"},{"floor":4,"key":"EssenceOfSteel"},{"floor":5,"key":"Ancient Potion"},{"floor":14,"key":"Block Potion"}],"is_trial":false,"path_per_floor":["M","M","$","M","M","R","E","R","T","R","M","E","M","M","R","B"],"character_chosen":"IRONCLAD","items_purchased":["Warcry","Spot Weakness"],"campfire_rested":2,"item_purchase_floors":[3,3],"current_hp_per_floor":[75,76,76,69,71,71,59,59,59,80,80,38,37,25,49,0],"gold":174,"neow_bonus":"RANDOM_COMMON_RELIC","is_prod":false,"is_daily":false,"chose_seed":false,"campfire_upgraded":2,"win_rate":0,"timestamp":1550468903,"path_taken":["M","M","$","M","M","R","E","R","T","R","M","E","M","M","R","BOSS"],"build_version":"2019-02-06","purchased_purges":0,"victory":false,"max_hp_per_floor":[80,80,80,80,80,80,80,80,80,80,80,80,80,80,80,80],"card_choices":[{"not_picked":["Entrench","Sentinel"],"picked":"Warcry","floor":1},{"not_picked":["Perfected Strike","Clothesline"],"picked":"Shrug It Off","floor":2},{"not_picked":["Twin Strike","Exhume"],"picked":"Whirlwind","floor":4},{"not_picked":["Perfected Strike","Body Slam"],"picked":"Flex","floor":5},{"not_picked":["Headbutt","Body Slam","Dual Wield"],"picked":"SKIP","floor":7},{"not_picked":["Sword Boomerang","Corruption"],"picked":"Heavy Blade","floor":11},{"not_picked":["Intimidate","Headbutt","Perfected Strike"],"picked":"SKIP","floor":12},{"not_picked":["Cleave","Headbutt"],"picked":"Immolate","floor":13},{"not_picked":["Thunderclap","Armaments"],"picked":"Iron Wave","floor":14}],"player_experience":132840,"relics_obtained":[{"floor":7,"key":"Blue Candle"},{"floor":9,"key":"The Courier"},{"floor":12,"key":"Boot"}],"event_choices":[],"is_beta":true,"boss_relics":[],"items_purged_floors":[],"is_endless":false,"potions_floor_spawned":[1,2,4,5,14],"killed_by":"Slime Boss","ascension_level":2}