{"gold_per_floor":[115,131,131,148,158,158,193,209,209,229,229,241,272,41,41,146,146,162,178,30,76,96,131,131,131,154,183,183,36,65,83,83,186,186,196,5,0,14,34,34,61,107,153,28,28,28,44,54,54,54,54,54,5,35,35],"floor_reached":56,"playtime":6656,"items_purged":["Strike_B","Strike_B","Normality"],"score":1771,"play_id":"61594ce0-9a43-492d-ad74-f60b1aa6028c","local_time":"20190108175934","is_ascension_mode":true,"campfire_choices":[{"data":"Go for the Eyes","floor":6,"key":"SMITH"},{"floor":11,"key":"REST"},{"data":"Creative AI","floor":15,"key":"SMITH"},{"floor":24,"key":"REST"},{"floor":32,"key":"DIG"},{"floor":40,"key":"DIG"},{"floor":49,"key":"RECALL"},{"floor":52,"key":"DIG"}],"neow_cost":"NONE","seed_source_timestamp":328275254633636,"circlet_count":0,"master_deck":["AscendersBane","Strike_B+1","Strike_B+1","Defend_B+1","Defend_B+1","Defend_B+1","Defend_B+1","Zap+1","Dualcast+1","Go for the Eyes+1","Leap+1","Sweeping Beam+1","Compile Driver+1","Biased Cognition+1","BootSequence+1","Ball Lightning+1","Creative AI+1","Gash+1","Echo Form+1","Steam+1","Coolheaded+1","Auto Shields+1","Ghostly+1","Ghostly+1","Ghostly+1","Ghostly+1","Ghostly+1","Capacitor+1","Fission+1","Chill+1","Leap+1","Storm+1","White Noise+1","Consume+1"],"relics":["Cracked Core","Shuriken","Boot","Symbiotic Virus","Bird Faced Urn","DataDisk","Fusion Hammer","Centennial Puzzle","Prayer Wheel","Oddly Smooth Stone","Shovel","Bag of Preparation","Pen Nib","Cursed Key","OrangePellets","Red Mask","Vajra","Bottled Lightning","Girya","Mark of the Bloom","Letter Opener","Blood Vial"],"potions_floor_usage":[8,16,16,23,27,33,41,55,55,55],"damage_taken":[{"damage":7,"enemies":"Jaw Worm","floor":1,"turns":3},{"damage":4,"enemies":"Cultist","floor":2,"turns":3},{"damage":0,"enemies":"Small Slimes","floor":4,"turns":3},{"damage":3,"enemies":"2 Fungi Beasts","floor":5,"turns":3},{"damage":21,"enemies":"Lagavulin","floor":7,"turns":6},{"damage":1,"enemies":"Looter","floor":8,"turns":2},{"damage":0,"enemies":"Large Slime","floor":10,"turns":3},{"damage":0,"enemies":"2 Fungi Beasts","floor":12,"turns":3},{"damage":5,"enemies":"Gremlin Nob","floor":13,"turns":3},{"damage":0,"enemies":"Slime Boss","floor":16,"turns":5},{"damage":19,"enemies":"2 Thieves","floor":18,"turns":4},{"damage":3,"enemies":"Chosen","floor":19,"turns":4},{"damage":36,"enemies":"3 Cultists","floor":22,"turns":4},{"damage":23,"enemies":"Slavers","floor":23,"turns":7},{"damage":3,"enemies":"Book of Stabbing","floor":27,"turns":5},{"damage":12,"enemies":"Gremlin Leader","floor":30,"turns":8},{"damage":0,"enemies":"Cultist and Chosen","floor":31,"turns":7},{"damage":27,"enemies":"Collector","floor":33,"turns":9},{"damage":0,"enemies":"3 Darklings","floor":35,"turns":4},{"damage":0,"enemies":"Orb Walker","floor":38,"turns":6},{"damage":0,"enemies":"Maw","floor":39,"turns":10},{"damage":1,"enemies":"Reptomancer","floor":41,"turns":9},{"damage":0,"enemies":"2 Orb Walkers","floor":42,"turns":7},{"damage":0,"enemies":"Spire Growth","floor":47,"turns":7},{"damage":0,"enemies":"3 Darklings","floor":48,"turns":8},{"damage":3,"enemies":"Donu and Deca","floor":50,"turns":6},{"damage":0,"enemies":"Shield and Spear","floor":54,"turns":6},{"damage":27,"enemies":"The Heart","floor":55,"turns":8}],"seed_played":"963424543758623102","potions_obtained":[{"floor":0,"key":"Explosive Potion"},{"floor":0,"key":"Fire Potion"},{"floor":0,"key":"Dexterity Potion"},{"floor":2,"key":"EssenceOfSteel"},{"floor":5,"key":"PowerPotion"},{"floor":8,"key":"SteroidPotion"},{"floor":13,"key":"Fire Potion"},{"floor":19,"key":"Poison Potion"},{"floor":23,"key":"Fire Potion"},{"floor":30,"key":"Swift Potion"},{"floor":33,"key":"LiquidBronze"},{"floor":39,"key":"Poison Potion"},{"floor":42,"key":"LiquidBronze"}],"is_trial":false,"path_per_floor":["M","M","?","M","M","R","E","M","T","M","R","M","E","$","R","B",null,"M","M","$","T","M","E","R","?","T","E","?","$","E","M","R","B",null,"M","$","?","M","M","R","E","?","T","$","?","T","M","M","R","B",null,"R","$","E","B",null],"character_chosen":"DEFECT","items_purchased":["DataDisk","Steam","Bag of Preparation","OrangePellets","Swift Potion"],"campfire_rested":2,"item_purchase_floors":[14,20,29,36,53],"current_hp_per_floor":[61,57,57,57,54,54,33,32,32,32,54,54,49,49,49,53,70,53,62,62,62,38,23,45,45,45,56,37,37,34,37,37,28,35,37,37,37,37,37,37,37,37,37,37,37,37,37,37,37,34,34,34,34,34,7],"gold":35,"neow_bonus":"THREE_SMALL_POTIONS","is_prod":false,"is_daily":false,"chose_seed":false,"campfire_upgraded":2,"win_rate":0,"timestamp":1546999174,"path_taken":["M","M","?","M","M","R","E","M","T","M","R","M","E","$","R","BOSS","M","M","?","?","M","E","R","?","T","E","?","?","E","M","R","BOSS","M","$","?","M","M","R","E","?","T","$","?","?","?","M","R","BOSS","R","$","E","BOSS"],"build_version":"2019-01-07","purchased_purges":3,"victory":true,"max_hp_per_floor":[75,75,75,75,75,75,75,75,75,75,75,75,75,75,75,75,75,75,75,75,75,75,75,75,75,75,75,37,37,37,37,37,37,37,37,37,37,37,37,37,37,37,37,37,37,37,37,37,37,37,37,37,37,37,37],"card_choices":[{"not_picked":["Hologram","Leap"],"picked":"Go for the Eyes","floor":1},{"not_picked":["Hello World","Beam Cell"],"picked":"Leap","floor":2},{"not_picked":["Rebound","Redo"],"picked":"Sweeping Beam","floor":4},{"not_picked":["Turbo","Steam Power"],"picked":"Compile Driver","floor":5},{"not_picked":["Gash","Redo"],"picked":"Biased Cognition","floor":7},{"not_picked":["Streamline","Stack"],"picked":"BootSequence","floor":8},{"not_picked":["Sweeping Beam","Cold Snap"],"picked":"Ball Lightning","floor":10},{"not_picked":["Storm","Static Discharge"],"picked":"Creative AI","floor":12},{"not_picked":["Aggregate","Lockon"],"picked":"Gash","floor":13},{"not_picked":["Biased Cognition","Amplify"],"picked":"Echo Form","floor":16},{"not_picked":["Stack","Loop","Go for the Eyes"],"picked":"SKIP","floor":18},{"not_picked":["Stack","Loop","Go for the Eyes"],"picked":"SKIP","floor":18},{"not_picked":["Static Discharge","Compile Driver","Turbo"],"picked":"SKIP","floor":19},{"not_picked":["Cold Snap","Steam Power"],"picked":"Coolheaded","floor":22},{"not_picked":["Beam Cell","Self Repair","Creative AI"],"picked":"SKIP","floor":23},{"not_picked":["Ball Lightning","Double Energy"],"picked":"Auto Shields","floor":27},{"not_picked":["Heatsinks+1","Melter"],"picked":"Capacitor+1","floor":30},{"not_picked":["Rebound+1","Leap","Go for the Eyes"],"picked":"SKIP","floor":31},{"not_picked":["Coolheaded","Gash+1","Lockon+1"],"picked":"SKIP","floor":31},{"not_picked":["Amplify","Reboot"],"picked":"Fission","floor":33},{"not_picked":["Compile Driver","Coolheaded","BootSequence"],"picked":"SKIP","floor":35},{"not_picked":["Beam Cell","Conserve Battery+1","Compile Driver+1"],"picked":"SKIP","floor":35},{"not_picked":["Beam Cell","Rebound"],"picked":"Chill","floor":38},{"not_picked":["Conserve Battery+1","Ball Lightning"],"picked":"Leap+1","floor":38},{"not_picked":["Steam+1","Conserve Battery+1","Genetic Algorithm+1"],"picked":"SKIP","floor":39},{"not_picked":["Gash+1","Aggregate+1","Tempest"],"picked":"SKIP","floor":39},{"not_picked":["Hyperbeam","Barrage","Rebound"],"picked":"SKIP","floor":41},{"not_picked":["Self Repair","Rip and Tear+1"],"picked":"Storm+1","floor":47},{"not_picked":["Coolheaded","Gash","Streamline"],"picked":"SKIP","floor":47},{"not_picked":["Double Energy","Fission"],"picked":"White Noise+1","floor":48},{"not_picked":["Ball Lightning","Conserve Battery+1"],"picked":"Consume+1","floor":48},{"not_picked":["Sweeping Beam","Ball Lightning","BootSequence+1"],"picked":"SKIP","floor":54}],"player_experience":719484,"relics_obtained":[{"floor":7,"key":"Boot"},{"floor":9,"key":"Symbiotic Virus"},{"floor":13,"key":"Bird Faced Urn"},{"floor":21,"key":"Centennial Puzzle"},{"floor":23,"key":"Prayer Wheel"},{"floor":26,"key":"Oddly Smooth Stone"},{"floor":27,"key":"Shovel"},{"floor":30,"key":"Pen Nib"},{"floor":40,"key":"Vajra"},{"floor":41,"key":"Bottled Lightning"},{"floor":42,"key":"Girya"},{"floor":52,"key":"Letter Opener"},{"floor":54,"key":"Blood Vial"}],"event_choices":[{"damage_healed":0,"gold_gain":0,"player_choice":"Gave Potion","damage_taken":0,"relics_obtained":["Shuriken"],"max_hp_gain":0,"max_hp_loss":0,"event_name":"WeMeetAgain","floor":3,"gold_loss":0},{"damage_healed":0,"gold_gain":0,"player_choice":"Ignored","damage_taken":0,"max_hp_gain":0,"max_hp_loss":0,"event_name":"Cursed Tome","floor":25,"gold_loss":0},{"damage_healed":0,"gold_gain":0,"player_choice":"Became a Ghost","damage_taken":0,"max_hp_gain":0,"max_hp_loss":38,"event_name":"Ghosts","floor":28,"gold_loss":0,"cards_obtained":["Ghostly","Ghostly","Ghostly","Ghostly","Ghostly"]},{"damage_healed":0,"gold_gain":0,"player_choice":"Paid","damage_taken":0,"relics_obtained":["Red Mask"],"max_hp_gain":0,"max_hp_loss":0,"event_name":"Tomb of Lord Red Mask","floor":37,"gold_loss":5},{"damage_healed":0,"gold_gain":0,"player_choice":"Fight","damage_taken":0,"max_hp_gain":0,"max_hp_loss":0,"event_name":"Mysterious Sphere","floor":42,"gold_loss":0},{"damage_healed":0,"gold_gain":0,"player_choice":"Upgrade","damage_taken":0,"relics_obtained":["Mark of the Bloom"],"max_hp_gain":0,"max_hp_loss":0,"event_name":"MindBloom","floor":45,"gold_loss":0,"cards_upgraded":["Strike_B","Strike_B","Defend_B","Defend_B","Defend_B","Defend_B","Zap","Dualcast","Leap","Sweeping Beam","Compile Driver","Biased Cognition","BootSequence","Ball Lightning","Gash","Echo Form","Steam","Coolheaded","Auto Shields","Ghostly","Ghostly","Ghostly","Ghostly","Ghostly","Fission","Chill"]}],"is_beta":true,"boss_relics":[{"not_picked":["Runic Dome","Calling Bell"],"picked":"Fusion Hammer"},{"not_picked":["Philosopher\u0027s Stone","Tiny House"],"picked":"Cursed Key"}],"items_purged_floors":[14,20,44],"is_endless":false,"potions_floor_spawned":[2,5,8,13,19,23,30,33,39,42],"ascension_level":10}