{"path_per_floor":["M","M","M","?","M","R","E","R","T","E","M","R","E","M","R","B",null,"M","?","M","$","M","R","E","M","T","R","$","E","R","E","R","B",null,"M","?","$","M","M","E","R","M","T","M","M","R","?","E","R","B"],"character_chosen":"DEFECT","items_purchased":["Hologram","Barrage","All For One","Mind Blast","Mind Blast","Stack"],"gold_per_floor":[11,25,44,44,62,62,93,93,93,127,142,142,176,192,192,270,270,290,290,307,158,170,170,196,215,245,245,5,33,33,59,59,137,137,151,151,41,56,75,105,105,117,117,132,152,152,206,237,237,237],"floor_reached":51,"campfire_rested":3,"playtime":4007,"item_purchase_floors":[21,21,28,28,37,37],"current_hp_per_floor":[64,58,56,56,50,50,49,49,49,41,52,52,52,52,52,44,72,66,66,54,54,52,52,46,51,51,51,51,45,45,45,69,69,78,78,63,63,63,49,55,55,55,55,51,51,77,77,76,88,81],"items_purged":["Writhe"],"gold":237,"score":1559,"play_id":"40121523-a92c-4520-a417-f968451c425a","local_time":"20180528182043","is_prod":false,"is_daily":false,"chose_seed":false,"is_ascension_mode":true,"campfire_upgraded":8,"win_rate":0,"timestamp":1527556843,"campfire_choices":[{"data":"Barrage","floor":6,"key":"SMITH"},{"data":"Go for the Eyes","floor":8,"key":"SMITH"},{"data":"Electrodynamics","floor":12,"key":"SMITH"},{"data":"Hologram","floor":15,"key":"SMITH"},{"data":"Barrage","floor":23,"key":"SMITH"},{"data":"Zap","floor":27,"key":"SMITH"},{"data":"Mind Blast","floor":30,"key":"SMITH"},{"floor":32,"key":"REST"},{"data":"Mind Blast","floor":41,"key":"SMITH"},{"floor":46,"key":"REST"},{"floor":49,"key":"REST"}],"path_taken":["M","M","M","?","M","R","E","R","T","E","M","R","E","M","R","BOSS","M","?","M","$","M","R","E","M","T","R","$","E","R","E","R","BOSS","M","?","$","M","M","E","R","M","T","M","?","R","?","E","R","BOSS"],"build_version":"2018-05-27","seed_source_timestamp":12136017001177,"purchased_purges":1,"victory":true,"master_deck":["Strike_B","Strike_B","Strike_B","Strike_B","Defend_B","Defend_B","Defend_B","Defend_B","Zap+1","Dualcast","AscendersBane","Core Surge","Glacier","Barrage+1","Go for the Eyes+1","Genetic Algorithm","Electrodynamics+1","Hologram+1","Cold Snap","Cold Snap","Creative AI","Ball Lightning+1","Steam+1","Hologram","Barrage+1","Coolheaded","Cold Snap","All For One","Mind Blast+1","Defragment+1","All For One","Madness","Madness","Mind Blast+1","Stack","Hologram","FTL+1","Skim","Beam Cell","Hologram"],"max_hp_per_floor":[71,71,71,71,71,71,81,81,81,81,81,81,81,81,81,81,81,81,81,81,81,81,81,81,81,81,81,81,81,81,81,81,81,81,81,81,81,81,81,88,88,88,88,88,88,88,88,88,88,88],"relics":["Cracked Core","Kunai","Pear","Meat on the Bone","Vajra","DataDisk","Cursed Key","Oddly Smooth Stone","Omamori","Tiny Chest","Anchor","Orichalcum","Runic Dome","Strawberry","Bag of Preparation","Ginger","Art of War"],"card_choices":[{"not_picked":["Meteor Strike","Reboot"],"picked":"Core Surge","floor":0},{"not_picked":["Turbo","Storm","Double Energy"],"picked":"SKIP","floor":1},{"not_picked":["Reprogram","Genetic Algorithm"],"picked":"Glacier","floor":2},{"not_picked":["Redo","Sweeping Beam"],"picked":"Barrage","floor":3},{"not_picked":["Turbo","Streamline"],"picked":"Go for the Eyes","floor":5},{"not_picked":["Hello World","Steam"],"picked":"Genetic Algorithm","floor":7},{"not_picked":["Barrage","Leap"],"picked":"Electrodynamics","floor":10},{"not_picked":["Fusion","Redo"],"picked":"Hologram","floor":11},{"not_picked":["Undo","Lockon"],"picked":"Cold Snap","floor":13},{"not_picked":["Lockon","Rebound"],"picked":"Cold Snap","floor":14},{"not_picked":["Core Surge","Amplify"],"picked":"Creative AI","floor":16},{"not_picked":["Barrage","Coolheaded"],"picked":"Ball Lightning+1","floor":18},{"not_picked":["Sunder","Darkness+1"],"picked":"Steam+1","floor":20},{"not_picked":["Steam","Genetic Algorithm"],"picked":"Coolheaded","floor":22},{"not_picked":["Reinforced Body","Steam"],"picked":"Cold Snap","floor":24},{"not_picked":["Streamline","Doom and Gloom","Gash"],"picked":"SKIP","floor":25},{"not_picked":["Reinforced Body+1","Stack"],"picked":"Defragment+1","floor":29},{"not_picked":["Beam Cell","Sunder","Consume"],"picked":"SKIP","floor":31},{"not_picked":["Amplify","Thunder Strike"],"picked":"All For One","floor":33},{"not_picked":["Sweeping Beam","Turbo","Go for the Eyes"],"picked":"SKIP","floor":35},{"not_picked":["Rebound","Aggregate+1","Chaos"],"picked":"SKIP","floor":38},{"not_picked":["Streamline+1","White Noise"],"picked":"Hologram","floor":39},{"not_picked":["Go for the Eyes","Lockon+1","Hello World+1"],"picked":"SKIP","floor":40},{"not_picked":["Ball Lightning","Biased Cognition"],"picked":"FTL+1","floor":42},{"not_picked":["Force Field","Conserve Battery"],"picked":"Skim","floor":44},{"not_picked":["Redo","Chill"],"picked":"Beam Cell","floor":45},{"not_picked":["Cold Snap","Gash"],"picked":"Hologram","floor":48}],"player_experience":1678174,"potions_floor_usage":[5,16,24,50],"damage_taken":[{"damage":0,"enemies":"Small Slimes","floor":1,"turns":2},{"damage":6,"enemies":"Cultist","floor":2,"turns":3},{"damage":2,"enemies":"Jaw Worm","floor":3,"turns":3},{"damage":6,"enemies":"Gremlin Gang","floor":5,"turns":5},{"damage":11,"enemies":"3 Sentries","floor":7,"turns":8},{"damage":8,"enemies":"Lagavulin","floor":10,"turns":9},{"damage":1,"enemies":"3 Louse","floor":11,"turns":4},{"damage":0,"enemies":"3 Sentries","floor":13,"turns":7},{"damage":0,"enemies":"Blue Slaver","floor":14,"turns":4},{"damage":20,"enemies":"Hexaghost","floor":16,"turns":11},{"damage":6,"enemies":"3 Byrds","floor":18,"turns":4},{"damage":12,"enemies":"2 Thieves","floor":20,"turns":4},{"damage":14,"enemies":"3 Cultists","floor":22,"turns":7},{"damage":6,"enemies":"Book of Stabbing","floor":24,"turns":5},{"damage":7,"enemies":"Centurion and Healer","floor":25,"turns":8},{"damage":6,"enemies":"Gremlin Leader","floor":29,"turns":7},{"damage":0,"enemies":"Book of Stabbing","floor":31,"turns":6},{"damage":0,"enemies":"Champ","floor":33,"turns":31},{"damage":0,"enemies":"3 Darklings","floor":35,"turns":5},{"damage":0,"enemies":"3 Shapes","floor":38,"turns":4},{"damage":14,"enemies":"Maw","floor":39,"turns":6},{"damage":1,"enemies":"2 Orb Walkers","floor":40,"turns":2},{"damage":0,"enemies":"Transient","floor":42,"turns":5},{"damage":4,"enemies":"Spire Growth","floor":44,"turns":4},{"damage":0,"enemies":"Maw","floor":45,"turns":3},{"damage":0,"enemies":"Mysterious Sphere","floor":47,"turns":2},{"damage":1,"enemies":"Giant Head","floor":48,"turns":7},{"damage":7,"enemies":"Awakened One","floor":50,"turns":8}],"relics_obtained":[{"floor":7,"key":"Pear"},{"floor":9,"key":"Meat on the Bone"},{"floor":10,"key":"Vajra"},{"floor":13,"key":"DataDisk"},{"floor":24,"key":"Omamori"},{"floor":26,"key":"Tiny Chest"},{"floor":29,"key":"Anchor"},{"floor":31,"key":"Orichalcum"},{"floor":40,"key":"Strawberry"},{"floor":43,"key":"Bag of Preparation"},{"floor":47,"key":"Ginger"},{"floor":48,"key":"Art of War"}],"event_choices":[{"event_name":"Wheel of Change","player_choice":"Relic","floor":4,"damage_taken":0},{"event_name":"The Mausoleum","player_choice":"Yes","floor":19,"damage_taken":0},{"event_name":"Winding Halls","player_choice":"Embrace Madness","floor":36,"damage_taken":0},{"event_name":"Mysterious Sphere","player_choice":"Fight","floor":47,"damage_taken":0}],"boss_relics":[{"not_picked":["Lizard Tail","Black Star"],"picked":"Cursed Key"},{"not_picked":["White Beast Statue","Snecko Eye"],"picked":"Runic Dome"}],"items_purged_floors":[21],"potions_floor_spawned":[2,3,5,10,20,22,29,35,44,45,47],"seed_played":"-2667649648788653700","ascension_level":15,"potions_obtained":[{"floor":2,"key":"SteroidPotion"},{"floor":3,"key":"SpeedPotion"},{"floor":5,"key":"PowerPotion"},{"floor":10,"key":"Poison Potion"},{"floor":20,"key":"LiquidBronze"},{"floor":29,"key":"Poison Potion"},{"floor":47,"key":"Weak Potion"}],"is_trial":false}