{"gold_per_floor":[112,131,143,16,35,65,65,97,97,97,22,22,22,22,22,125,125,145,145,157,175,195,195,38,38,85,17,17,44,44,57,57,57],"floor_reached":33,"playtime":1293,"items_purged":["Strike_R"],"score":421,"play_id":"adbf6862-341f-4e15-8edb-6a436b005b77","local_time":"20190225234418","is_ascension_mode":true,"campfire_choices":[{"data":"Armaments","floor":10,"key":"SMITH"},{"data":"Shockwave","floor":12,"key":"SMITH"},{"data":"Juggernaut","floor":15,"key":"SMITH"},{"data":"RitualDagger","floor":23,"key":"SMITH"},{"data":"Whirlwind","floor":25,"key":"SMITH"},{"data":"Inflame","floor":30,"key":"SMITH"},{"floor":32,"key":"REST"}],"neow_cost":"NONE","seed_source_timestamp":929897183230965,"circlet_count":0,"master_deck":["Strike_R","Strike_R","Strike_R","Defend_R","Defend_R","Defend_R","Defend_R","Bash","Seeing Red","Headbutt","Armaments+1","Clothesline","Juggernaut+1","Whirlwind+1","Shockwave+1","Reaper","RitualDagger+1","Armaments+1","Inflame+1","Battle Trance+1"],"relics":["Black Blood","Self Forming Clay","Strawberry","Turnip","Bottled Flame","Oddly Smooth Stone","Juzu Bracelet","Happy Flower"],"potions_floor_usage":[8,16,21,29,31],"damage_taken":[{"damage":6,"enemies":"Cultist","floor":1,"turns":4},{"damage":1,"enemies":"2 Louse","floor":2,"turns":3},{"damage":10,"enemies":"Small Slimes","floor":3,"turns":3},{"damage":12,"enemies":"Looter","floor":5,"turns":4},{"damage":24,"enemies":"Gremlin Nob","floor":6,"turns":4},{"damage":25,"enemies":"3 Sentries","floor":8,"turns":7},{"damage":25,"enemies":"The Guardian","floor":16,"turns":12},{"damage":22,"enemies":"Chosen","floor":18,"turns":5},{"damage":25,"enemies":"Spheric Guardian","floor":20,"turns":6},{"damage":18,"enemies":"Snake Plant","floor":21,"turns":4},{"damage":36,"enemies":"Chosen and Byrds","floor":22,"turns":10},{"damage":78,"enemies":"Book of Stabbing","floor":29,"turns":10},{"damage":11,"enemies":"Snecko","floor":31,"turns":6},{"damage":71,"enemies":"Champ","floor":33,"turns":11}],"seed_played":"3310571542114980649","potions_obtained":[{"floor":1,"key":"Fire Potion"},{"floor":3,"key":"EssenceOfSteel"},{"floor":18,"key":"Poison Potion"},{"floor":20,"key":"EssenceOfSteel"},{"floor":29,"key":"Ancient Potion"}],"is_trial":false,"path_per_floor":["M","M","M","$","M","E","?","E","T","R","$","R","?","?","R","B",null,"M","?","M","M","M","R","$","R","T","$","?","E","R","M","R","B"],"character_chosen":"IRONCLAD","items_purchased":["Armaments","Shockwave","Oddly Smooth Stone","Inflame"],"campfire_rested":1,"item_purchase_floors":[4,11,24,27],"current_hp_per_floor":[80,85,81,81,75,57,64,45,45,45,45,45,76,69,69,50,84,72,66,51,43,17,17,17,17,17,17,95,34,34,41,69,0],"gold":57,"neow_bonus":"TEN_PERCENT_HP_BONUS","is_prod":false,"is_daily":false,"chose_seed":false,"campfire_upgraded":6,"win_rate":0,"timestamp":1551134658,"path_taken":["M","M","M","$","M","E","?","E","T","R","$","R","?","?","R","BOSS","M","?","M","M","M","R","$","R","T","$","?","E","R","M","R","BOSS"],"build_version":"2019-01-23","purchased_purges":1,"victory":false,"max_hp_per_floor":[88,88,88,88,88,88,95,95,95,95,95,95,95,95,95,95,95,95,95,95,95,95,95,95,95,95,95,95,95,95,95,95,95],"card_choices":[{"not_picked":["True Grit","Sentinel"],"picked":"Uppercut","floor":1},{"not_picked":["Wild Strike","Rampage"],"picked":"Seeing Red","floor":2},{"not_picked":["Clash","True Grit"],"picked":"Headbutt","floor":3},{"not_picked":["Uppercut","Wild Strike"],"picked":"Clothesline","floor":5},{"not_picked":["Warcry","Wild Strike"],"picked":"Juggernaut","floor":6},{"not_picked":["Double Tap","Heavy Blade"],"picked":"Whirlwind","floor":8},{"not_picked":["Bludgeon","Double Tap"],"picked":"Reaper","floor":16},{"not_picked":["Headbutt+1","Havoc","Sword Boomerang"],"picked":"SKIP","floor":18},{"not_picked":["Heavy Blade","Brutality","Havoc"],"picked":"SKIP","floor":20},{"not_picked":["Hemokinesis","Warcry"],"picked":"Armaments+1","floor":21},{"not_picked":["Warcry","Heavy Blade","Headbutt+1"],"picked":"SKIP","floor":22},{"not_picked":["Clothesline+1","Flex"],"picked":"Battle Trance+1","floor":29},{"not_picked":["Cleave","Battle Trance+1","Heavy Blade"],"picked":"SKIP","floor":31}],"player_experience":529138,"relics_obtained":[{"floor":6,"key":"Self Forming Clay"},{"floor":8,"key":"Turnip"},{"floor":9,"key":"Bottled Flame"},{"floor":26,"key":"Juzu Bracelet"},{"floor":29,"key":"Happy Flower"}],"event_choices":[{"damage_healed":0,"gold_gain":0,"player_choice":"Searched \u00271\u0027 times","damage_taken":0,"relics_obtained":["Strawberry"],"max_hp_gain":0,"max_hp_loss":0,"event_name":"Dead Adventurer","floor":7,"gold_loss":0},{"damage_healed":31,"gold_gain":0,"player_choice":"Banana","damage_taken":0,"max_hp_gain":0,"max_hp_loss":0,"event_name":"Big Fish","floor":13,"gold_loss":0},{"cards_removed":["Strike_R"],"damage_healed":0,"gold_gain":0,"player_choice":"Card Removal","damage_taken":7,"max_hp_gain":0,"max_hp_loss":0,"event_name":"Golden Wing","floor":14,"gold_loss":0},{"damage_healed":0,"gold_gain":0,"player_choice":"Joined the Cult","damage_taken":6,"max_hp_gain":0,"max_hp_loss":0,"event_name":"Nest","floor":19,"gold_loss":0,"cards_obtained":["RitualDagger"]},{"cards_removed":["Uppercut"],"damage_healed":78,"gold_gain":0,"player_choice":"Offered Uncommon","damage_taken":0,"max_hp_gain":0,"max_hp_loss":0,"event_name":"Bonfire Elementals","floor":28,"gold_loss":0}],"is_beta":false,"boss_relics":[{"not_picked":["Empty Cage","Fusion Hammer"],"picked":"Black Blood"}],"items_purged_floors":[4],"is_endless":false,"potions_floor_spawned":[1,3,18,20,29],"killed_by":"Champ","ascension_level":9}