{"gold_per_floor":[115,115,115,134,84,84,111,111,111,111,141,141,156,185,185,185],"floor_reached":16,"playtime":717,"items_purged":["Strike_R"],"score":157,"play_id":"dbec087b-68a9-441a-8be4-d86233ab5852","local_time":"20190225085937","is_ascension_mode":true,"campfire_choices":[{"data":"Havoc","floor":6,"key":"SMITH"},{"data":"Headbutt","floor":8,"key":"SMITH"},{"data":"Defend_R","floor":10,"key":"SMITH"},{"data":"1","floor":15,"key":"LIFT"}],"neow_cost":"NONE","seed_source_timestamp":877389273068722,"circlet_count":0,"master_deck":["Strike_R","Strike_R","Strike_R","Strike_R+1","Defend_R","Defend_R","Defend_R+1","Defend_R+1","Bash+1","Headbutt+1","Havoc+1","Twin Strike+1","Pommel Strike"],"relics":["Burning Blood","Smiling Mask","Pear","Centennial Puzzle","Bronze Scales","Girya"],"potions_floor_usage":[7,16],"damage_taken":[{"damage":1,"enemies":"Small Slimes","floor":1,"turns":4},{"damage":0,"enemies":"2 Louse","floor":4,"turns":3},{"damage":24,"enemies":"3 Sentries","floor":7,"turns":9},{"damage":18,"enemies":"Gremlin Nob","floor":11,"turns":3},{"damage":0,"enemies":"Cultist","floor":13,"turns":2},{"damage":15,"enemies":"Lagavulin","floor":14,"turns":4},{"damage":48,"enemies":"Hexaghost","floor":16,"turns":7}],"seed_played":"-9159159607808608759","potions_obtained":[{"floor":1,"key":"GamblersBrew"},{"floor":4,"key":"LiquidBronze"}],"is_trial":false,"path_per_floor":["M","?","?","M","$","R","E","R","T","R","E","?","M","E","R","B"],"character_chosen":"IRONCLAD","items_purchased":[],"campfire_rested":0,"item_purchase_floors":[],"current_hp_per_floor":[77,77,61,67,67,67,59,59,59,59,47,47,53,44,44,0],"gold":185,"neow_bonus":"RANDOM_COMMON_RELIC","is_prod":false,"is_daily":false,"chose_seed":false,"campfire_upgraded":3,"win_rate":0,"timestamp":1551081577,"path_taken":["M","?","?","M","$","R","E","R","T","R","E","?","M","E","R","BOSS"],"build_version":"2019-01-23","purchased_purges":1,"victory":false,"max_hp_per_floor":[80,80,80,80,80,80,90,90,90,90,90,90,90,90,90,90],"card_choices":[{"not_picked":["Carnage","Wild Strike"],"picked":"Headbutt","floor":1},{"not_picked":["Ghostly Armor","Anger"],"picked":"Havoc","floor":4},{"not_picked":["Flex","Anger","Warcry"],"picked":"SKIP","floor":7},{"not_picked":["Clash","Perfected Strike"],"picked":"Twin Strike","floor":11},{"not_picked":["Entrench","Warcry"],"picked":"Pommel Strike","floor":13},{"not_picked":["Clothesline","Headbutt","Pommel Strike"],"picked":"SKIP","floor":14}],"player_experience":477532,"relics_obtained":[{"floor":7,"key":"Pear"},{"floor":9,"key":"Centennial Puzzle"},{"floor":11,"key":"Bronze Scales"},{"floor":14,"key":"Girya"}],"event_choices":[{"damage_healed":0,"gold_gain":0,"player_choice":"Grow","damage_taken":0,"max_hp_gain":0,"max_hp_loss":0,"event_name":"Living Wall","floor":2,"gold_loss":0,"cards_upgraded":["Bash"]},{"damage_healed":0,"gold_gain":0,"player_choice":"Entered Light","damage_taken":16,"max_hp_gain":0,"max_hp_loss":0,"event_name":"Shining Light","floor":3,"gold_loss":0,"cards_upgraded":["Defend_R","Strike_R"]},{"damage_healed":0,"gold_gain":0,"player_choice":"Forge","damage_taken":0,"max_hp_gain":0,"max_hp_loss":0,"event_name":"Accursed Blacksmith","floor":12,"gold_loss":0,"cards_upgraded":["Twin Strike"]}],"is_beta":false,"boss_relics":[],"items_purged_floors":[5],"is_endless":false,"potions_floor_spawned":[1,4],"killed_by":"Hexaghost","ascension_level":7}