{"gold_per_floor":[113,38,52,52,62,62,97,114,114,143,143,156,156,168,168,264,264,277,277,2,15,30,30,40,52,103,103,103,103,103,103,103,103],"floor_reached":33,"playtime":2098,"items_purged":["Strike_R","Corruption"],"score":308,"play_id":"a79311e7-5919-4295-8552-32bd05a8be5e","local_time":"20190217134844","is_ascension_mode":true,"campfire_choices":[{"floor":6,"key":"RECALL"},{"floor":11,"key":"REST"},{"floor":13,"key":"REST"},{"floor":15,"key":"REST"},{"data":"Whirlwind","floor":23,"key":"SMITH"},{"floor":27,"key":"REST"},{"floor":32,"key":"REST"}],"neow_cost":"NONE","seed_source_timestamp":2914759828118534,"circlet_count":0,"master_deck":["Bash","Pommel Strike","Impervious","Entrench","Brutality","Impervious","Metallicize","Armaments","Sword Boomerang","Bloodletting","Intimidate","Body Slam","Whirlwind+1","Bite","Bite","Bite","Bite","Bite"],"relics":["Snecko Eye","Matryoshka","The Courier","Pandora\u0027s Box","Kunai","Juzu Bracelet","Anchor"],"potions_floor_usage":[7,10,12,16,16,30,33],"damage_taken":[{"damage":8,"enemies":"Jaw Worm","floor":1,"turns":4},{"damage":0,"enemies":"Cultist","floor":3,"turns":2},{"damage":2,"enemies":"Small Slimes","floor":5,"turns":3},{"damage":17,"enemies":"3 Sentries","floor":7,"turns":11},{"damage":7,"enemies":"2 Fungi Beasts","floor":8,"turns":3},{"damage":35,"enemies":"Lagavulin","floor":10,"turns":7},{"damage":12,"enemies":"3 Louse","floor":12,"turns":3},{"damage":6,"enemies":"Blue Slaver","floor":14,"turns":4},{"damage":15,"enemies":"Hexaghost","floor":16,"turns":9},{"damage":10,"enemies":"Shell Parasite","floor":18,"turns":6},{"damage":0,"enemies":"3 Byrds","floor":21,"turns":4},{"damage":10,"enemies":"Cultist and Chosen","floor":22,"turns":3},{"damage":32,"enemies":"Centurion and Healer","floor":24,"turns":5},{"damage":31,"enemies":"3 Cultists","floor":25,"turns":5},{"damage":20,"enemies":"Colosseum Slavers","floor":30,"turns":5},{"damage":108,"enemies":"Champ","floor":33,"turns":11}],"seed_played":"-5242293092582846519","potions_obtained":[{"floor":1,"key":"Block Potion"},{"floor":7,"key":"GamblersBrew"},{"floor":10,"key":"PowerPotion"},{"floor":12,"key":"Strength Potion"},{"floor":14,"key":"Block Potion"},{"floor":21,"key":"Ancient Potion"},{"floor":25,"key":"Regen Potion"}],"is_trial":false,"path_per_floor":["M","$","M","?","M","R","E","M","T","E","R","M","R","M","R","B",null,"M","?","$","M","M","R","M","M","T","R","?","?","?","?","R","B"],"character_chosen":"IRONCLAD","items_purchased":["Kunai"],"campfire_rested":5,"item_purchase_floors":[20],"current_hp_per_floor":[72,72,72,72,70,70,53,46,46,11,35,25,49,45,69,56,80,70,70,70,72,64,64,34,5,5,29,55,40,34,34,59,0],"gold":103,"neow_bonus":"BOSS_RELIC","is_prod":false,"is_daily":false,"chose_seed":false,"campfire_upgraded":1,"win_rate":0,"timestamp":1550429324,"path_taken":["M","$","M","?","M","R","E","M","T","E","R","?","R","M","R","BOSS","M","?","$","?","M","R","M","M","T","R","?","?","?","?","R","BOSS"],"build_version":"2019-02-06","purchased_purges":2,"victory":false,"max_hp_per_floor":[80,80,80,80,80,80,80,80,80,80,80,80,80,80,80,80,80,80,80,80,80,80,80,80,80,80,80,80,85,85,85,85,85],"card_choices":[{"not_picked":["Hemokinesis","Clothesline"],"picked":"Pommel Strike","floor":1},{"not_picked":["Sever Soul","Rupture","Second Wind"],"picked":"SKIP","floor":3},{"not_picked":["Sword Boomerang","Headbutt","Iron Wave"],"picked":"SKIP","floor":5},{"not_picked":["Heavy Blade","Iron Wave","Metallicize"],"picked":"SKIP","floor":7},{"not_picked":["Iron Wave","True Grit"],"picked":"Impervious","floor":8},{"not_picked":["Searing Blow","Pommel Strike","Warcry"],"picked":"SKIP","floor":10},{"not_picked":["Thunderclap","Pommel Strike"],"picked":"Entrench","floor":12},{"not_picked":["Power Through","Seeing Red","Headbutt"],"picked":"SKIP","floor":14},{"not_picked":["Feed","Exhume"],"picked":"Brutality","floor":16},{"not_picked":["Disarm","Clothesline"],"picked":"Body Slam","floor":18},{"not_picked":["Twin Strike","Headbutt","True Grit"],"picked":"SKIP","floor":21},{"not_picked":["Thunderclap","Wild Strike","Rampage+1"],"picked":"SKIP","floor":22},{"not_picked":["Pommel Strike","Whirlwind","Spot Weakness+1"],"picked":"SKIP","floor":24},{"not_picked":["Headbutt","Warcry","True Grit"],"picked":"SKIP","floor":25}],"player_experience":128940,"relics_obtained":[{"floor":7,"key":"Matryoshka"},{"floor":9,"key":"The Courier"},{"floor":10,"key":"Blood Vial"},{"floor":26,"key":"Juzu Bracelet"},{"floor":26,"key":"Anchor"}],"event_choices":[{"cards_removed":["Strike_R"],"damage_healed":0,"gold_gain":0,"player_choice":"Purged","damage_taken":0,"max_hp_gain":0,"max_hp_loss":0,"event_name":"Purifier","floor":4,"gold_loss":0},{"damage_healed":0,"gold_gain":0,"player_choice":"1 cards matched","damage_taken":0,"max_hp_gain":0,"max_hp_loss":0,"event_name":"Match and Keep!","floor":19,"gold_loss":0,"cards_obtained":["Whirlwind"]},{"damage_healed":26,"gold_gain":0,"player_choice":"Heal","damage_taken":0,"max_hp_gain":0,"max_hp_loss":0,"event_name":"The Library","floor":28,"gold_loss":0},{"damage_healed":0,"gold_gain":0,"player_choice":"Shed Blood","damage_taken":20,"max_hp_gain":5,"max_hp_loss":0,"event_name":"Forgotten Altar","floor":29,"gold_loss":0},{"damage_healed":0,"gold_gain":0,"player_choice":"Fight","damage_taken":0,"max_hp_gain":0,"max_hp_loss":0,"event_name":"Colosseum","floor":30,"gold_loss":0},{"damage_healed":0,"gold_gain":0,"player_choice":"Fled From Nobs","damage_taken":0,"max_hp_gain":0,"max_hp_loss":0,"event_name":"Colosseum","floor":30,"gold_loss":0},{"damage_healed":0,"gold_gain":0,"player_choice":"Became a vampire (Vial)","damage_taken":0,"max_hp_gain":0,"max_hp_loss":0,"event_name":"Vampires","floor":31,"relics_lost":["Blood Vial"],"gold_loss":0,"cards_obtained":["Bite","Bite","Bite","Bite","Bite"]}],"is_beta":true,"boss_relics":[{"not_picked":["Lizard Tail","Runic Dome"],"picked":"Pandora\u0027s Box"}],"items_purged_floors":[2,20],"is_endless":false,"potions_floor_spawned":[1,7,10,12,14,21,25,30],"killed_by":"Champ","ascension_level":2}