{"gold_per_floor":[111,127,127,137,155,183,195,213,239,239,268,22,55,70,70,171,171,182,196,215,229,4,4,23,23,23,39,39,57,57,71,71,169,169,181,34,49,49,64,80,80,90,117,137,154,154,154,166,166,166],"floor_reached":50,"playtime":3769,"items_purged":["Strike_R"],"score":579,"play_id":"aeac25ba-7c04-40be-92bb-ca499254e92b","local_time":"20190219155047","is_ascension_mode":true,"campfire_choices":[{"floor":10,"key":"REST"},{"floor":15,"key":"REST"},{"floor":23,"key":"REST"},{"data":"Entrench","floor":25,"key":"SMITH"},{"floor":28,"key":"REST"},{"data":"Juggernaut","floor":32,"key":"SMITH"},{"floor":41,"key":"REST"},{"floor":47,"key":"REST"},{"floor":49,"key":"REST"}],"neow_cost":"NONE","seed_source_timestamp":3093209768014346,"circlet_count":0,"master_deck":["Strike_R","Strike_R","Strike_R","Defend_R","Defend_R","Defend_R","Defend_R","Bash","Sword Boomerang","Metallicize","Combust","Uppercut","Pommel Strike+1","Rupture","Evolve","Shrug It Off","Warcry","Blood for Blood+1","Power Through","Juggernaut+1","True Grit","Shrug It Off","Body Slam+1","Body Slam+1","Entrench+1","Burning Pact+1","Offering+1","Iron Wave+1","Shrug It Off+1","Impervious+1","Metallicize+1","Body Slam+1","Madness+1","Madness+1"],"relics":["Burning Blood","Molten Egg 2","Happy Flower","FossilizedHelix","Regal Pillow","Sozu","Orichalcum","Toxic Egg 2","Philosopher\u0027s Stone","Anchor","Red Skull"],"potions_floor_usage":[6,8,11,14,16,16,33],"damage_taken":[{"damage":0,"enemies":"Small Slimes","floor":1,"turns":4},{"damage":1,"enemies":"Cultist","floor":2,"turns":3},{"damage":5,"enemies":"Jaw Worm","floor":4,"turns":4},{"damage":14,"enemies":"2 Fungi Beasts","floor":5,"turns":3},{"damage":16,"enemies":"Gremlin Nob","floor":6,"turns":4},{"damage":5,"enemies":"Blue Slaver","floor":7,"turns":4},{"damage":20,"enemies":"Gremlin Gang","floor":8,"turns":4},{"damage":27,"enemies":"Lagavulin","floor":11,"turns":6},{"damage":20,"enemies":"Gremlin Nob","floor":13,"turns":4},{"damage":22,"enemies":"Lots of Slimes","floor":14,"turns":2},{"damage":7,"enemies":"The Guardian","floor":16,"turns":11},{"damage":6,"enemies":"3 Byrds","floor":18,"turns":4},{"damage":9,"enemies":"Shell Parasite","floor":19,"turns":5},{"damage":14,"enemies":"Centurion and Healer","floor":20,"turns":7},{"damage":33,"enemies":"Shelled Parasite and Fungi","floor":21,"turns":5},{"damage":34,"enemies":"Cultist and Chosen","floor":24,"turns":7},{"damage":14,"enemies":"3 Cultists","floor":27,"turns":5},{"damage":12,"enemies":"Centurion and Healer","floor":29,"turns":6},{"damage":10,"enemies":"Chosen and Byrds","floor":31,"turns":4},{"damage":21,"enemies":"Champ","floor":33,"turns":8},{"damage":7,"enemies":"3 Darklings","floor":35,"turns":4},{"damage":2,"enemies":"3 Shapes","floor":37,"turns":3},{"damage":11,"enemies":"Maw","floor":39,"turns":6},{"damage":23,"enemies":"4 Shapes","floor":40,"turns":6},{"damage":30,"enemies":"Transient","floor":42,"turns":5},{"damage":14,"enemies":"Jaw Worm Horde","floor":44,"turns":4},{"damage":21,"enemies":"Spire Growth","floor":45,"turns":5},{"damage":3,"enemies":"Maw","floor":48,"turns":4},{"damage":88,"enemies":"Awakened One","floor":50,"turns":6}],"seed_played":"2555037122192898146","potions_obtained":[{"floor":0,"key":"Energy Potion"},{"floor":0,"key":"PowerPotion"},{"floor":0,"key":"GamblersBrew"},{"floor":2,"key":"Fire Potion"},{"floor":6,"key":"PowerPotion"},{"floor":14,"key":"SpeedPotion"},{"floor":16,"key":"SmokeBomb"}],"is_trial":false,"path_per_floor":["M","M","?","M","M","E","M","M","T","R","E","$","E","M","R","B",null,"M","M","M","M","$","R","M","R","T","M","R","M","?","M","R","B",null,"M","$","M","$","M","M","R","M","T","M","M","?","R","M","R","B"],"character_chosen":"IRONCLAD","items_purchased":["Ancient Potion","LiquidBronze","Warcry","Entrench","Orichalcum","Anchor"],"campfire_rested":7,"item_purchase_floors":[12,12,12,22,22,36],"current_hp_per_floor":[80,80,80,80,72,62,63,49,49,73,52,52,38,22,61,60,80,80,77,69,42,42,80,52,52,52,44,80,74,74,70,70,55,80,79,79,80,80,75,58,80,56,56,48,33,23,62,65,80,0],"gold":166,"neow_bonus":"THREE_SMALL_POTIONS","is_prod":false,"is_daily":false,"chose_seed":false,"campfire_upgraded":2,"win_rate":0,"timestamp":1550609447,"path_taken":["M","M","?","M","M","E","M","M","T","R","E","$","E","M","R","BOSS","M","?","M","M","$","R","M","R","T","M","R","?","?","M","R","BOSS","M","$","M","$","M","M","R","M","T","M","M","?","R","M","R","BOSS"],"build_version":"2019-02-06","purchased_purges":1,"victory":false,"max_hp_per_floor":[80,80,80,80,80,80,80,80,80,80,80,80,80,80,80,80,80,80,80,80,80,80,80,80,80,80,80,80,80,80,80,80,80,80,80,80,80,80,80,80,80,80,80,80,80,80,80,80,80,80],"card_choices":[{"not_picked":["Warcry","Flex"],"picked":"Sword Boomerang","floor":1},{"not_picked":["Reckless Charge","Power Through"],"picked":"Metallicize","floor":2},{"not_picked":["Thunderclap","Iron Wave"],"picked":"Combust","floor":4},{"not_picked":["Anger","Twin Strike"],"picked":"Uppercut","floor":5},{"not_picked":["Immolate","Headbutt"],"picked":"Pommel Strike","floor":6},{"not_picked":["Anger+1","Headbutt+1"],"picked":"Rupture","floor":7},{"not_picked":["Anger+1","Twin Strike+1"],"picked":"Evolve","floor":8},{"not_picked":["Dark Embrace","Perfected Strike+1"],"picked":"Shrug It Off","floor":11},{"not_picked":["Rampage+1","Heavy Blade+1"],"picked":"Blood for Blood+1","floor":13},{"not_picked":["Ghostly Armor","Cleave+1"],"picked":"Power Through","floor":14},{"not_picked":["Impervious","Barricade"],"picked":"Juggernaut","floor":16},{"not_picked":["Clash+1","Carnage+1"],"picked":"True Grit","floor":18},{"not_picked":["Anger+1","Clash+1"],"picked":"Shrug It Off","floor":19},{"not_picked":["Feel No Pain","Cleave+1"],"picked":"Body Slam+1","floor":20},{"not_picked":["Iron Wave+1","Bloodletting"],"picked":"Body Slam+1","floor":21},{"not_picked":["Headbutt+1","Evolve"],"picked":"Burning Pact+1","floor":24},{"not_picked":["Sentinel+1","Thunderclap+1"],"picked":"Offering+1","floor":27},{"not_picked":["Armaments+1","Twin Strike+1"],"picked":"Iron Wave+1","floor":29},{"not_picked":["Warcry+1","Corruption+1"],"picked":"Shrug It Off+1","floor":31},{"not_picked":["Reaper+1","Bludgeon+1"],"picked":"Impervious+1","floor":33},{"not_picked":["Perfected Strike+1","Warcry+1","Sword Boomerang+1"],"picked":"SKIP","floor":35},{"not_picked":["Armaments+1","Clash+1","Wild Strike+1"],"picked":"SKIP","floor":37},{"not_picked":["Armaments+1","Sword Boomerang+1","Anger+1"],"picked":"SKIP","floor":39},{"not_picked":["Pummel+1","Evolve+1","Carnage+1"],"picked":"SKIP","floor":40},{"not_picked":["Demon Form","Combust+1"],"picked":"Metallicize+1","floor":42},{"not_picked":["Headbutt+1","Pommel Strike+1","Uppercut+1"],"picked":"SKIP","floor":44},{"not_picked":["Wild Strike+1","Cleave+1"],"picked":"Body Slam+1","floor":45},{"not_picked":["Hemokinesis+1","Clash+1","Searing Blow+1"],"picked":"SKIP","floor":48}],"player_experience":155255,"relics_obtained":[{"floor":6,"key":"Molten Egg 2"},{"floor":9,"key":"Happy Flower"},{"floor":11,"key":"FossilizedHelix"},{"floor":13,"key":"Regal Pillow"},{"floor":26,"key":"Toxic Egg 2"},{"floor":43,"key":"Red Skull"}],"event_choices":[{"cards_removed":["Strike_R"],"damage_healed":0,"gold_gain":0,"player_choice":"Purged","damage_taken":0,"max_hp_gain":0,"max_hp_loss":0,"event_name":"Purifier","floor":3,"gold_loss":0},{"damage_healed":0,"gold_gain":0,"player_choice":"Ignored","damage_taken":0,"max_hp_gain":0,"max_hp_loss":0,"event_name":"Beggar","floor":30,"gold_loss":0},{"damage_healed":0,"gold_gain":0,"player_choice":"Embrace Madness","damage_taken":10,"max_hp_gain":0,"max_hp_loss":0,"event_name":"Winding Halls","floor":46,"gold_loss":0,"cards_obtained":["Madness","Madness"]}],"is_beta":true,"boss_relics":[{"not_picked":["Coffee Dripper","Velvet Choker"],"picked":"Sozu"},{"not_picked":["White Beast Statue","Calling Bell"],"picked":"Philosopher\u0027s Stone"}],"items_purged_floors":[12],"is_endless":false,"potions_floor_spawned":[2,5,6,7,14,16,19,21,27,37,40,45,48],"killed_by":"Awakened One","ascension_level":2}