{"path_per_floor":["M","M","$","?","M","E","$","R","T","M","E","M","M","E","R","B",null,"M","?","M","$","?","E","R","E","T","R"],"character_chosen":"DEFECT","items_purchased":["Explosive Potion","Blaster","Sunder"],"gold_per_floor":[110,123,0,0,14,44,44,44,44,64,90,101,114,147,147,248,248,261,186,204,55,55,84,84,109,109,109,109],"floor_reached":28,"campfire_rested":0,"playtime":2245,"current_hp_per_floor":[68,68,68,53,53,62,62,62,62,60,60,67,66,66,66,56,81,88,88,83,83,83,89,89,60,60,60,0],"items_purged":["Dualcast"],"gold":109,"score":456,"play_id":"4b3d46ec-b858-4d05-9586-4d3fbf515001","local_time":"20180428125944","is_prod":false,"is_daily":false,"chose_seed":false,"is_ascension_mode":true,"campfire_upgraded":4,"timestamp":1524945584,"path_taken":["M","M","$","?","M","E","$","R","T","M","E","M","M","E","R","BOSS","M","?","?","$","?","E","R","E","T","R","E"],"build_version":"2018-04-27v3","seed_source_timestamp":605289253714549,"purchased_purges":1,"victory":false,"master_deck":["Strike_B+1","Strike_B","Strike_B","Defend_B+1","Defend_B+1","Defend_B","Zap+1","Leap","Ball Lightning","Seek","Gash+1","Recycle","Self Repair","Scrape+1","Coolheaded","Go for the Eyes","Machine Learning","Skim","Capacitor+1","Blaster","Sunder+1","Axe Kick","Multi-Cast","Machine Learning"],"max_hp_per_floor":[75,75,75,75,75,89,89,89,89,89,89,89,89,89,89,89,89,89,89,89,89,89,89,89,89,89,89,89],"relics":["Cracked Core","War Paint","Mango","Ice Cream","Ornamental Fan","Blood Vial","Snecko Eye","Dodecahedron","Pen Nib","Pantograph"],"card_choices":[{"not_picked":["Rebound","Skim"],"picked":"Leap","floor":1},{"not_picked":["Heatsinks","Streamline"],"picked":"Ball Lightning","floor":2},{"not_picked":["Hello World","Skim"],"picked":"Seek","floor":5},{"not_picked":["Sunder","Turbo"],"picked":"Gash","floor":6},{"not_picked":["Auto Shields","Force Field"],"picked":"Recycle","floor":10},{"not_picked":["Sunder","Leap"],"picked":"Self Repair","floor":11},{"not_picked":["Streamline","Cold Snap"],"picked":"Scrape","floor":12},{"not_picked":["Sweeping Beam","Melter"],"picked":"Coolheaded","floor":13},{"not_picked":["Impulse","Stack"],"picked":"Go for the Eyes","floor":14},{"not_picked":["Meteor Strike","Rainbow"],"picked":"Machine Learning","floor":16},{"not_picked":["Impulse","Streamline"],"picked":"Skim","floor":18},{"not_picked":["White Noise","Barrage"],"picked":"Capacitor","floor":20},{"not_picked":["Rebound","Streamline"],"picked":"Multi-Cast","floor":23},{"not_picked":["Turbo","Leap"],"picked":"Machine Learning","floor":25}],"player_experience":1278793,"potions_floor_usage":[11,25,25,28,28],"damage_taken":[{"damage":0,"enemies":"2 Louse","floor":1,"turns":3},{"damage":0,"enemies":"Small Slimes","floor":2,"turns":3},{"damage":0,"enemies":"Jaw Worm","floor":5,"turns":3},{"damage":5,"enemies":"Lagavulin","floor":6,"turns":6},{"damage":2,"enemies":"2 Fungi Beasts","floor":10,"turns":3},{"damage":0,"enemies":"3 Sentries","floor":11,"turns":5},{"damage":0,"enemies":"Looter","floor":12,"turns":3},{"damage":8,"enemies":"Gremlin Gang","floor":13,"turns":6},{"damage":7,"enemies":"Lagavulin","floor":14,"turns":6},{"damage":19,"enemies":"Hexaghost","floor":16,"turns":9},{"damage":2,"enemies":"3 Byrds","floor":18,"turns":5},{"damage":13,"enemies":"Chosen","floor":20,"turns":4},{"damage":0,"enemies":"Gremlin Leader","floor":23,"turns":7},{"damage":36,"enemies":"Book of Stabbing","floor":25,"turns":5},{"damage":68,"enemies":"Slavers","floor":28,"turns":4}],"event_choices":[{"event_name":"Shining Light","player_choice":"Entered Light","floor":4,"damage_taken":0},{"event_name":"Beggar","player_choice":"Gave Gold","floor":19,"damage_taken":0},{"event_name":"Transmorgrifier","player_choice":"Transform","floor":22,"damage_taken":0}],"boss_relics":[{"not_picked":["Nuclear Battery","Ectoplasm"],"picked":"Snecko Eye"}],"potions_floor_spawned":[6,13,14,16,20,25],"seed_played":"8542099733142412281","killed_by":"Slavers","ascension_level":8,"is_trial":false}