{"gold_per_floor":[118,43,59,72,72,100,100,133,133,143,8,26,26,53,53,154,154,171,183,198,198,208,208,233,233,314,346,15,15,15,15,15,117,117,128,55,55,67,77,77,102,116,142,142,0,0,14,26,26,26],"floor_reached":50,"playtime":3712,"items_purged":["Strike_G","Phantasmal Killer","Strike_G"],"score":764,"play_id":"269d2e20-49d8-4800-a103-618f6e6840d4","local_time":"20190221232943","is_ascension_mode":true,"campfire_choices":[{"floor":7,"key":"REST"},{"floor":15,"key":"REST"},{"floor":23,"key":"REST"},{"floor":30,"key":"REST"},{"data":"Footwork","floor":32,"key":"SMITH"},{"floor":40,"key":"REST"},{"floor":44,"key":"REST"},{"data":"Footwork","floor":49,"key":"SMITH"}],"neow_cost":"NONE","seed_source_timestamp":3293614020646470,"circlet_count":0,"master_deck":["Defend_G","Defend_G","Defend_G","Defend_G","Strike_G","Survivor","Neutralize","Dagger Spray","Dodge and Roll","Dagger Throw","Caltrops","PiercingWail","Backflip","Footwork+1","Deflect","Backflip","Accuracy+1","Envenom+1","Backflip+1","Footwork+1","Escape Plan","Backflip","Footwork+1","Panache","Prepared","Footwork","Blur"],"relics":["Ring of the Snake","Art of War","Bronze Scales","Letter Opener","Anchor","Regal Pillow","Astrolabe","Bottled Flame","Bottled Tornado","Singing Bowl","Omamori","Cursed Key","Mummified Hand","Blood Vial","Red Mask","Bag of Preparation"],"potions_floor_usage":[6,14,27,27,39,41,50,50],"damage_taken":[{"damage":1,"enemies":"Jaw Worm","floor":1,"turns":7},{"damage":4,"enemies":"Cultist","floor":3,"turns":6},{"damage":0,"enemies":"2 Louse","floor":4,"turns":2},{"damage":22,"enemies":"Gremlin Nob","floor":6,"turns":5},{"damage":43,"enemies":"Lagavulin","floor":8,"turns":9},{"damage":0,"enemies":"Exordium Wildlife","floor":10,"turns":4},{"damage":0,"enemies":"Large Slime","floor":12,"turns":8},{"damage":4,"enemies":"3 Sentries","floor":14,"turns":7},{"damage":33,"enemies":"Hexaghost","floor":16,"turns":15},{"damage":0,"enemies":"Shell Parasite","floor":18,"turns":10},{"damage":6,"enemies":"Spheric Guardian","floor":19,"turns":10},{"damage":0,"enemies":"Shelled Parasite and Fungi","floor":20,"turns":13},{"damage":0,"enemies":"Snake Plant","floor":22,"turns":5},{"damage":15,"enemies":"Slavers","floor":24,"turns":8},{"damage":5,"enemies":"Book of Stabbing","floor":27,"turns":8},{"damage":5,"enemies":"Automaton","floor":33,"turns":19},{"damage":0,"enemies":"Orb Walker","floor":35,"turns":5},{"damage":28,"enemies":"3 Darklings","floor":38,"turns":5},{"damage":0,"enemies":"Maw","floor":39,"turns":11},{"damage":31,"enemies":"Nemesis","floor":41,"turns":19},{"damage":12,"enemies":"Jaw Worm Horde","floor":42,"turns":3},{"damage":0,"enemies":"Sphere and 2 Shapes","floor":47,"turns":5},{"damage":0,"enemies":"4 Shapes","floor":48,"turns":4},{"damage":111,"enemies":"Time Eater","floor":50,"turns":25}],"seed_played":"3617544787960253269","potions_obtained":[{"floor":3,"key":"Swift Potion"},{"floor":8,"key":"Energy Potion"},{"floor":12,"key":"Block Potion"},{"floor":16,"key":"SpeedPotion"},{"floor":18,"key":"EssenceOfSteel"},{"floor":39,"key":"GamblersBrew"},{"floor":41,"key":"Regen Potion"},{"floor":42,"key":"Ancient Potion"}],"is_trial":false,"path_per_floor":["M","$","M","M","?","E","R","E","T","M","$","M","$","E","R","B",null,"M","M","M","?","M","R","E","T","T","E","$","?","R","?","R","B",null,"M","$","?","M","M","R","E","M","T","R","?","T","M","M","R","B"],"character_chosen":"THE_SILENT","items_purchased":["Footwork","Panache","Prepared","LiquidBronze"],"campfire_rested":6,"item_purchase_floors":[11,28,28,36],"current_hp_per_floor":[62,62,58,58,58,36,57,14,14,14,14,14,14,10,46,13,56,56,50,50,37,37,74,59,59,59,56,56,56,77,77,77,74,78,80,80,80,54,54,83,54,44,44,85,85,85,89,91,91,0],"gold":26,"neow_bonus":"RANDOM_COMMON_RELIC","is_prod":false,"is_daily":false,"chose_seed":false,"campfire_upgraded":2,"win_rate":0,"timestamp":1550809783,"path_taken":["M","$","M","M","?","E","R","E","T","M","$","M","?","E","R","BOSS","M","M","?","?","M","R","E","?","T","E","$","?","R","?","R","BOSS","M","$","?","M","M","R","E","?","T","R","?","?","M","M","R","BOSS"],"build_version":"2019-02-06","purchased_purges":3,"victory":false,"max_hp_per_floor":[70,70,70,70,70,70,70,70,70,70,70,70,70,70,70,70,70,70,70,70,75,75,75,75,75,75,77,77,77,77,77,77,79,79,81,81,81,83,83,83,85,87,87,87,87,87,89,91,91,91],"card_choices":[{"not_picked":["Outmaneuver","PiercingWail","Bane"],"picked":"SKIP","floor":1},{"not_picked":["Deflect","Masterful Stab"],"picked":"Dagger Spray","floor":3},{"not_picked":["Underhanded Strike","Blade Dance"],"picked":"Dodge and Roll","floor":4},{"not_picked":["Underhanded Strike","Predator"],"picked":"PiercingWail","floor":6},{"not_picked":["PiercingWail","Blur"],"picked":"Backflip","floor":8},{"not_picked":["Finisher","Underhanded Strike","Backstab"],"picked":"SKIP","floor":10},{"not_picked":["Underhanded Strike","Endless Agony"],"picked":"Deflect","floor":12},{"not_picked":["Underhanded Strike","Prepared"],"picked":"Backflip","floor":14},{"not_picked":["Prepared+1","Dagger Spray"],"picked":"Footwork+1","floor":18},{"not_picked":["Endless Agony","Underhanded Strike"],"picked":"Escape Plan","floor":19},{"not_picked":["Deadly Poison","Noxious Fumes+1"],"picked":"Backflip","floor":20},{"not_picked":["Dagger Throw+1","Endless Agony"],"picked":"Footwork","floor":22},{"not_picked":["Dagger Spray","Grand Finale","Malaise"],"picked":"SKIP","floor":24},{"not_picked":["Bouncing Flask+1","Sucker Punch","All Out Attack+1"],"picked":"Singing Bowl","floor":27},{"not_picked":["Doppelganger","Envenom","Unload"],"picked":"Singing Bowl","floor":33},{"not_picked":["Flying Knee","Catalyst","Accuracy"],"picked":"Singing Bowl","floor":35},{"not_picked":["Deflect","Dagger Spray","Poisoned Stab+1"],"picked":"Singing Bowl","floor":38},{"not_picked":["Masterful Stab","Heel Hook+1"],"picked":"Blur","floor":39},{"not_picked":["Flying Knee+1","Acrobatics+1","Backstab+1"],"picked":"Singing Bowl","floor":41},{"not_picked":["Blade Dance","Sucker Punch+1","Backflip+1"],"picked":"Singing Bowl","floor":42},{"not_picked":["Setup+1","All Out Attack+1","Deflect"],"picked":"Singing Bowl","floor":47},{"not_picked":["Masterful Stab","Deflect","Riddle With Holes"],"picked":"Singing Bowl","floor":48}],"player_experience":202610,"relics_obtained":[{"floor":6,"key":"Bronze Scales"},{"floor":8,"key":"Letter Opener"},{"floor":9,"key":"Anchor"},{"floor":14,"key":"Regal Pillow"},{"floor":24,"key":"Bottled Flame"},{"floor":25,"key":"Bottled Tornado"},{"floor":26,"key":"Singing Bowl"},{"floor":27,"key":"Omamori"},{"floor":41,"key":"Mummified Hand"},{"floor":43,"key":"Blood Vial"},{"floor":46,"key":"Bag of Preparation"}],"event_choices":[{"damage_healed":0,"gold_gain":0,"player_choice":"3 cards matched","damage_taken":0,"max_hp_gain":0,"max_hp_loss":0,"event_name":"Match and Keep!","floor":5,"gold_loss":0,"cards_obtained":["Phantasmal Killer","Dagger Throw","Caltrops"]},{"damage_healed":0,"gold_gain":0,"player_choice":"Shed Blood","damage_taken":18,"max_hp_gain":5,"max_hp_loss":0,"event_name":"Forgotten Altar","floor":21,"gold_loss":0},{"damage_healed":0,"gold_gain":0,"player_choice":"Read","damage_taken":0,"max_hp_gain":0,"max_hp_loss":0,"event_name":"The Library","floor":31,"gold_loss":0,"cards_obtained":["Footwork"]},{"damage_healed":0,"gold_gain":0,"player_choice":"0 cards matched","damage_taken":0,"max_hp_gain":0,"max_hp_loss":0,"event_name":"Match and Keep!","floor":37,"gold_loss":0,"cards_obtained":[]},{"damage_healed":0,"gold_gain":0,"player_choice":"Paid","damage_taken":0,"relics_obtained":["Red Mask"],"max_hp_gain":0,"max_hp_loss":0,"event_name":"Tomb of Lord Red Mask","floor":45,"gold_loss":142}],"is_beta":true,"boss_relics":[{"not_picked":["Runic Dome","Ectoplasm"],"picked":"Astrolabe"},{"not_picked":["Philosopher\u0027s Stone","Tiny House"],"picked":"Cursed Key"}],"items_purged_floors":[2,11,28],"is_endless":false,"potions_floor_spawned":[3,8,12,16,18,22,39,41,42],"killed_by":"Time Eater","ascension_level":6}