{"path_per_floor":["M","?","M","$","M","R","E","M","T","M","R","M","E","M","R","B",null,"M","?","?","$","M","R","E","M","T","R","M","R","?","M","R","B",null,"M","?","?","M","M","R","M","R","T","R","M","?","E","M","R","B"],"character_chosen":"DEFECT","items_purchased":["Sunder","Defragment+1"],"gold_per_floor":[110,110,128,46,58,58,85,104,104,117,117,136,162,180,180,257,257,257,182,182,34,0,0,0,0,0,0,0,0,0,0,0,0,0,0,0,0,0,0,0,0,0,0,0,0,0,0,0,0,0],"floor_reached":51,"campfire_rested":0,"playtime":4569,"item_purchase_floors":[4,21],"current_hp_per_floor":[69,69,61,61,61,61,48,47,47,35,35,34,37,47,47,49,71,78,78,78,78,78,78,72,70,70,70,67,67,67,77,77,78,78,78,78,78,78,78,78,78,78,78,78,78,64,74,71,71,76],"items_purged":["Strike_B"],"gold":0,"score":1794,"play_id":"60ecf9b8-2ab7-4936-b7f9-9351f1b691a0","local_time":"20180609130433","is_prod":false,"is_daily":false,"chose_seed":false,"is_ascension_mode":true,"campfire_upgraded":5,"win_rate":0,"timestamp":1528574673,"campfire_choices":[{"data":"Sunder","floor":6,"key":"SMITH"},{"data":"Barrage","floor":11,"key":"SMITH"},{"data":"Darkness","floor":15,"key":"SMITH"},{"data":"Coolheaded","floor":23,"key":"SMITH"},{"data":"Strike_B","floor":27,"key":"PURGE"},{"data":"Strike_B","floor":29,"key":"PURGE"},{"data":"Blizzard","floor":32,"key":"SMITH"},{"data":"Defend_B","floor":40,"key":"PURGE"},{"data":"Defend_B","floor":42,"key":"PURGE"},{"data":"Defend_B","floor":44,"key":"PURGE"},{"data":"Defend_B","floor":49,"key":"PURGE"}],"path_taken":["M","?","M","$","M","R","E","M","T","M","R","M","E","M","R","BOSS","M","?","?","$","M","R","E","M","T","R","M","R","?","M","R","BOSS","M","?","?","?","M","R","M","R","T","R","M","?","E","M","R","BOSS"],"build_version":"2018-06-08","seed_source_timestamp":261692728033105,"purchased_purges":1,"victory":true,"master_deck":["Zap+1","Dualcast","AscendersBane","Barrage+1","Hologram","Sunder+1","Coolheaded+1","Darkness+1","Chill+1","Self Repair+1","Cold Snap","Glacier","Machine Learning+1","Hologram+1","Defragment+1","Capacitor+1","Leap","Leap","Defragment+1","Blizzard+1","Cold Snap+1","Cold Snap","Meteor Strike","Defragment+1","Coolheaded+1","Madness","Madness","Defragment+1"],"max_hp_per_floor":[78,78,78,78,78,78,78,78,78,78,78,78,78,78,78,78,78,78,78,78,78,78,78,78,78,78,78,78,78,78,78,78,78,78,78,78,78,78,78,78,78,78,78,78,78,78,78,78,78,78],"relics":["Cracked Core","Frozen Egg 2","Cables","Art of War","Ectoplasm","Peace Pipe","Anchor","Runic Pyramid","Sundial","Dead Branch","Mercury Hourglass","Shuriken"],"card_choices":[{"not_picked":["Reinforced Body","Beam Cell"],"picked":"Barrage","floor":1},{"not_picked":["Fusion","Scrape"],"picked":"Hologram","floor":3},{"not_picked":["Self Repair","Steam Power"],"picked":"Coolheaded","floor":5},{"not_picked":["Reinforced Body","Recycle"],"picked":"Darkness","floor":7},{"not_picked":["Stack","Rip and Tear"],"picked":"Chill","floor":8},{"not_picked":["Sunder","Beam Cell"],"picked":"Self Repair+1","floor":10},{"not_picked":["Sweeping Beam","Turbo","Redo"],"picked":"SKIP","floor":12},{"not_picked":["Consume","Reprogram"],"picked":"Cold Snap","floor":13},{"not_picked":["Coolheaded","Cold Snap"],"picked":"Glacier","floor":14},{"not_picked":["Reboot","Meteor Strike"],"picked":"Machine Learning+1","floor":16},{"not_picked":["Conserve Battery","Cold Snap"],"picked":"Hologram+1","floor":18},{"not_picked":["Streamline","Rebound"],"picked":"Capacitor+1","floor":22},{"not_picked":["Ball Lightning","Force Field+1"],"picked":"Leap","floor":24},{"not_picked":["Streamline+1","Redo"],"picked":"Leap","floor":25},{"not_picked":["Streamline","Beam Cell"],"picked":"Defragment+1","floor":28},{"not_picked":["Darkness","Coolheaded"],"picked":"Blizzard","floor":31},{"not_picked":["Gash","Reprogram"],"picked":"Cold Snap+1","floor":35},{"not_picked":["Self Repair+1","Streamline"],"picked":"Cold Snap","floor":36},{"not_picked":["Rebound","BootSequence"],"picked":"Meteor Strike","floor":38},{"not_picked":["BootSequence","Leap"],"picked":"Defragment+1","floor":39},{"not_picked":["Barrage","Self Repair+1","Turbo"],"picked":"SKIP","floor":41},{"not_picked":["Conserve Battery","Beam Cell"],"picked":"Coolheaded+1","floor":45},{"not_picked":["Sunder+1","Compile Driver","Tempest+1"],"picked":"SKIP","floor":47},{"not_picked":["Hyperbeam","Go for the Eyes+1"],"picked":"Defragment+1","floor":48}],"player_experience":1850387,"potions_floor_usage":[10,13,16,22,24,50,50],"damage_taken":[{"damage":2,"enemies":"Jaw Worm","floor":1,"turns":3},{"damage":8,"enemies":"Small Slimes","floor":3,"turns":3},{"damage":0,"enemies":"2 Louse","floor":5,"turns":2},{"damage":13,"enemies":"3 Sentries","floor":7,"turns":6},{"damage":1,"enemies":"2 Fungi Beasts","floor":8,"turns":3},{"damage":12,"enemies":"Exordium Thugs","floor":10,"turns":4},{"damage":11,"enemies":"Looter","floor":12,"turns":3},{"damage":21,"enemies":"Lagavulin","floor":13,"turns":7},{"damage":0,"enemies":"2 Fungi Beasts","floor":14,"turns":2},{"damage":8,"enemies":"Hexaghost","floor":16,"turns":8},{"damage":0,"enemies":"Chosen","floor":18,"turns":5},{"damage":7,"enemies":"2 Thieves","floor":22,"turns":3},{"damage":16,"enemies":"Book of Stabbing","floor":24,"turns":5},{"damage":12,"enemies":"Centurion and Healer","floor":25,"turns":5},{"damage":13,"enemies":"Cultist and Chosen","floor":28,"turns":6},{"damage":0,"enemies":"Sentry and Sphere","floor":31,"turns":6},{"damage":0,"enemies":"Champ","floor":33,"turns":11},{"damage":0,"enemies":"Orb Walker","floor":35,"turns":4},{"damage":0,"floor":36,"turns":6},{"damage":0,"floor":37,"turns":5},{"damage":1,"enemies":"3 Darklings","floor":38,"turns":5},{"damage":0,"enemies":"Maw","floor":39,"turns":7},{"damage":0,"enemies":"Flame Bruiser 2 Orb","floor":41,"turns":6},{"damage":1,"enemies":"4 Shapes","floor":45,"turns":4},{"damage":0,"enemies":"Giant Head","floor":47,"turns":12},{"damage":13,"enemies":"3 Darklings","floor":48,"turns":5},{"damage":20,"enemies":"Awakened One","floor":50,"turns":8}],"relics_obtained":[{"floor":7,"key":"Frozen Egg 2"},{"floor":9,"key":"Cables"},{"floor":13,"key":"Art of War"},{"floor":24,"key":"Peace Pipe"},{"floor":26,"key":"Anchor"},{"floor":36,"key":"Sundial"},{"floor":37,"key":"Dead Branch"},{"floor":43,"key":"Mercury Hourglass"},{"floor":47,"key":"Shuriken"}],"event_choices":[{"event_name":"Living Wall","player_choice":"Grow","floor":2,"damage_taken":0},{"event_name":"Beggar","player_choice":"Gave Gold","floor":19,"damage_taken":0},{"event_name":"Accursed Blacksmith","player_choice":"Forge","floor":20,"damage_taken":0},{"event_name":"Vampires","player_choice":"Ignored","floor":30,"damage_taken":0},{"event_name":"MindBloom","player_choice":"Fight","floor":36,"damage_taken":0},{"event_name":"Mysterious Sphere","player_choice":"Fight","floor":37,"damage_taken":0},{"event_name":"Winding Halls","player_choice":"Embrace Madness","floor":46,"damage_taken":0}],"boss_relics":[{"not_picked":["Orrery","White Beast Statue"],"picked":"Ectoplasm"},{"not_picked":["Astrolabe","Busted Crown"],"picked":"Runic Pyramid"}],"items_purged_floors":[21],"potions_floor_spawned":[1,8,13,14,18,22,28,36,38,41,45,47],"seed_played":"3180340391687436183","ascension_level":15,"potions_obtained":[{"floor":1,"key":"Regen Potion"},{"floor":8,"key":"SkillPotion"},{"floor":13,"key":"EssenceOfSteel"},{"floor":14,"key":"Strength Potion"},{"floor":18,"key":"Swift Potion"},{"floor":22,"key":"Regen Potion"},{"floor":28,"key":"Regen Potion"},{"floor":38,"key":"FocusPotion"}],"is_trial":false}