{"gold_per_floor":[116,129,140,19,35,61,61,92,92,92,121,106],"floor_reached":12,"playtime":435,"items_purged":["Strike_B"],"score":137,"play_id":"ed41a902-acac-4def-866a-0eeb2ba12c3b","local_time":"20190225112144","is_ascension_mode":true,"campfire_choices":[{"data":"Redo","floor":7,"key":"SMITH"},{"data":"Barrage","floor":10,"key":"SMITH"}],"neow_cost":"NONE","seed_source_timestamp":886199398336191,"circlet_count":0,"master_deck":["Strike_B","Strike_B+1","Strike_B","Defend_B","Defend_B","Defend_B","Defend_B","Zap+1","Dualcast","Doom and Gloom+1","Barrage+1","Redo+1","Coolheaded"],"relics":["Cracked Core","Darkstone Periapt","DataDisk","Whetstone","Bottled Lightning"],"potions_floor_usage":[6,11],"damage_taken":[{"damage":5,"enemies":"Small Slimes","floor":1,"turns":3},{"damage":2,"enemies":"Jaw Worm","floor":2,"turns":3},{"damage":1,"enemies":"Cultist","floor":3,"turns":3},{"damage":1,"enemies":"2 Fungi Beasts","floor":5,"turns":3},{"damage":31,"enemies":"3 Sentries","floor":6,"turns":7},{"damage":7,"enemies":"Gremlin Nob","floor":8,"turns":3},{"damage":9,"enemies":"Lagavulin","floor":11,"turns":4},{"damage":18,"enemies":"Exordium Thugs","floor":12,"turns":1}],"seed_played":"-4339534792239009141","potions_obtained":[{"floor":1,"key":"Swift Potion"},{"floor":5,"key":"Weak Potion"},{"floor":8,"key":"Swift Potion"}],"is_trial":false,"path_per_floor":["M","M","M","$","M","E","R","E","T","R","E","M"],"character_chosen":"DEFECT","items_purchased":["Coolheaded"],"campfire_rested":0,"item_purchase_floors":[4],"current_hp_per_floor":[63,61,60,60,59,28,28,21,21,21,12,0],"gold":106,"neow_bonus":"UPGRADE_CARD","is_prod":false,"is_daily":false,"chose_seed":false,"campfire_upgraded":2,"win_rate":0,"timestamp":1551090104,"path_taken":["M","M","M","$","M","E","R","E","T","R","E","M"],"build_version":"2019-01-23","purchased_purges":1,"victory":false,"max_hp_per_floor":[75,75,75,75,75,75,75,75,75,75,75,75],"card_choices":[{"not_picked":["Tempest","Streamline"],"picked":"Doom and Gloom","floor":1},{"not_picked":["Turbo","Steam Power"],"picked":"Barrage","floor":2},{"not_picked":["Streamline","Steam"],"picked":"Redo","floor":3},{"not_picked":["Barrage","Hologram","Doom and Gloom"],"picked":"SKIP","floor":5},{"not_picked":["Hyperbeam","Gash","Hologram"],"picked":"SKIP","floor":6},{"not_picked":["Machine Learning","Hologram","Rebound"],"picked":"SKIP","floor":8},{"not_picked":["Redo","Hologram","Force Field"],"picked":"SKIP","floor":11}],"player_experience":486173,"relics_obtained":[{"floor":6,"key":"Darkstone Periapt"},{"floor":8,"key":"DataDisk"},{"floor":9,"key":"Whetstone"},{"floor":11,"key":"Bottled Lightning"}],"event_choices":[],"is_beta":false,"boss_relics":[],"items_purged_floors":[4],"is_endless":false,"potions_floor_spawned":[1,5,8],"killed_by":"Exordium Thugs","ascension_level":8}