{"path_per_floor":["M","M","M","?","?","R","E","R","T","E","?","$","M","M","R","B",null,"M","?","?","M","?","R","$","M","T","M","R","E","?","M","R","B",null,"M","M"],"character_chosen":"DEFECT","items_purchased":["Apotheosis","Skim","Skim","Turbo","Hologram","Madness"],"gold_per_floor":[109,127,142,142,142,142,176,176,176,202,277,12,31,47,47,121,121,136,136,136,151,151,151,35,50,133,145,145,179,179,194,194,266,266,276,290,290],"floor_reached":37,"campfire_rested":2,"playtime":3853,"current_hp_per_floor":[64,57,57,46,46,67,45,45,45,31,20,20,16,16,16,7,55,27,27,41,39,19,41,41,35,35,76,76,27,6,76,76,71,75,69,76,65],"items_purged":[],"gold":290,"score":723,"play_id":"655c4406-dfa7-4638-9262-c411cfb230c4","local_time":"20180513145030","is_prod":false,"is_daily":false,"chose_seed":false,"is_ascension_mode":true,"campfire_upgraded":1,"timestamp":1526248230,"path_taken":["M","M","M","?","?","R","E","R","T","E","?","?","?","M","R","BOSS","M","?","?","?","?","R","?","M","T","M","R","E","?","?","R","BOSS","M","?","M"],"build_version":"2018-05-12v2","seed_source_timestamp":1906439636229744,"purchased_purges":0,"victory":false,"master_deck":["Strike_B","Strike_B","Defend_B","Defend_B","Defend_B","Defend_B","Zap+1","Dualcast","AscendersBane","Rip and Tear+1","Chill","Leap","Apotheosis","Skim","Skim","Turbo","Hologram","Gash","Buffer","Go for the Eyes","Hologram","Madness","Creative AI","Meteor Strike","Skim","Echo Form","Skim+1"],"max_hp_per_floor":[71,71,71,71,71,71,71,71,71,71,71,71,71,71,71,71,71,71,71,71,71,76,76,76,76,76,76,76,76,76,76,76,76,76,76,76,76],"relics":["Cracked Core","The Courier","Oddly Smooth Stone","Ornamental Fan","Shovel","Potion Belt","Sozu","Tiny Chest","DataDisk","Peace Pipe","Enchiridion","Nuclear Battery"],"card_choices":[{"not_picked":["Doom and Gloom","Stack"],"picked":"Rip and Tear","floor":1},{"not_picked":["Stack","Chaos"],"picked":"Chill","floor":2},{"not_picked":["Steam","Stack","Consume"],"picked":"SKIP","floor":3},{"not_picked":["Beam Cell","Auto Shields"],"picked":"Leap","floor":7},{"not_picked":["Fission","Impulse","Conserve Battery"],"picked":"SKIP","floor":10},{"not_picked":["Static Discharge","Axe Kick"],"picked":"Hologram","floor":13},{"not_picked":["Static Discharge","Beam Cell"],"picked":"Gash","floor":14},{"not_picked":["Fission","Thunder Strike"],"picked":"Buffer","floor":16},{"not_picked":["Redo","Stack"],"picked":"Go for the Eyes","floor":18},{"not_picked":["Leap","Axe Kick","Cold Snap"],"picked":"SKIP","floor":21},{"not_picked":["Coolheaded","Conserve Battery"],"picked":"Creative AI","floor":25},{"not_picked":["Capacitor","Conserve Battery","Blizzard"],"picked":"SKIP","floor":27},{"not_picked":["Cold Snap","Hologram"],"picked":"Meteor Strike","floor":29},{"not_picked":["Streamline","Gash"],"picked":"Skim","floor":31},{"not_picked":["Reboot","Nova"],"picked":"Echo Form","floor":33},{"not_picked":["Rebound+1","White Noise","Capacitor"],"picked":"SKIP","floor":35},{"not_picked":["Stack","Coolheaded"],"picked":"Skim+1","floor":36}],"player_experience":1451300,"potions_floor_usage":[7,7],"damage_taken":[{"damage":0,"enemies":"2 Louse","floor":1,"turns":2},{"damage":7,"enemies":"Small Slimes","floor":2,"turns":3},{"damage":0,"enemies":"Cultist","floor":3,"turns":3},{"damage":22,"enemies":"Gremlin Nob","floor":7,"turns":4},{"damage":14,"enemies":"Lagavulin","floor":10,"turns":6},{"damage":4,"enemies":"3 Louse","floor":13,"turns":4},{"damage":0,"enemies":"Blue Slaver","floor":14,"turns":3},{"damage":9,"enemies":"The Guardian","floor":16,"turns":8},{"damage":28,"enemies":"2 Thieves","floor":18,"turns":4},{"damage":2,"enemies":"Spheric Guardian","floor":21,"turns":4},{"damage":6,"enemies":"Snake Plant","floor":25,"turns":6},{"damage":7,"enemies":"Slaver and Parasite","floor":27,"turns":36},{"damage":49,"enemies":"Slavers","floor":29,"turns":6},{"damage":1,"enemies":"Snecko","floor":31,"turns":27},{"damage":5,"enemies":"Automaton","floor":33,"turns":7},{"damage":6,"enemies":"Orb Walker","floor":35,"turns":5},{"damage":8,"enemies":"3 Shapes","floor":36,"turns":8},{"damage":11,"enemies":"Flame Bruiser 2 Orb","floor":37,"turns":2}],"event_choices":[{"event_name":"Scrap Ooze","player_choice":"success","floor":4,"damage_taken":11},{"event_name":"Living Wall","player_choice":"Grow","floor":5,"damage_taken":0},{"event_name":"World of Goop","player_choice":"Gather Gold","floor":11,"damage_taken":0},{"event_name":"Purifier","player_choice":"One Purge","floor":19,"damage_taken":0},{"event_name":"The Library","player_choice":"Heal","floor":20,"damage_taken":0},{"event_name":"Forgotten Altar","player_choice":"Shed Blood","floor":22,"damage_taken":0},{"event_name":"Cursed Tome","player_choice":"Obtained Book","floor":30,"damage_taken":0}],"boss_relics":[{"not_picked":["Pandora\u0027s Box","Eternal Feather"],"picked":"Sozu"},{"not_picked":["White Beast Statue","Calling Bell"],"picked":"Nuclear Battery"}],"potions_floor_spawned":[1,2,10,25,29,33,35],"seed_played":"-8096950525494363399","killed_by":"Flame Bruiser 2 Orb","ascension_level":15,"is_trial":false}