{"path_per_floor":["M","M","M","?","?","E","R","E","T","M","?","R","$","?","R","B",null,"M","?","M","$","M","R","?","M","T","R","$","R","M","$","R","B",null,"M","M","M","M","?","R","E"],"character_chosen":"DEFECT","items_purchased":["Impulse","White Noise","Hologram","Coolheaded"],"gold_per_floor":[110,122,139,139,139,169,169,204,204,221,221,221,25,25,25,148,148,163,163,188,39,57,57,57,72,72,72,72,72,95,47,47,166,166,186,211,234,255,255,255,288,288],"floor_reached":42,"campfire_rested":6,"playtime":3365,"current_hp_per_floor":[72,72,63,56,56,39,39,26,26,19,1,23,23,16,16,12,59,45,45,45,45,17,39,23,12,12,34,34,56,24,24,46,16,60,41,33,31,30,30,52,2,0],"items_purged":["Strike_B","Strike_B"],"gold":288,"score":545,"play_id":"42785fcc-1482-4719-b27d-60f9a6548f5e","local_time":"20180427140403","is_prod":false,"is_daily":false,"chose_seed":false,"is_ascension_mode":true,"campfire_upgraded":2,"timestamp":1524863043,"path_taken":["M","M","M","?","?","E","R","E","T","M","?","R","$","?","R","BOSS","M","?","M","$","M","R","?","M","T","R","?","R","M","$","R","BOSS","M","M","M","M","?","R","E","M"],"build_version":"2018-04-26v2","seed_source_timestamp":521631896524313,"purchased_purges":2,"victory":false,"master_deck":["Strike_B","Defend_B","Defend_B","Defend_B","Defend_B","Zap","Dualcast","Capacitor+1","Ball Lightning","Cold Snap","Barrage+1","Rebound","Darkness","Rebound","Cold Snap","Ball Lightning","Leap","Allocate+1","Impulse","White Noise","Nova","Buffer+1","Hologram","Hello World","Necronomicurse","Coolheaded","Coolheaded","Thunder Strike","Chill+1","Reinforced Body","Auto Shields+1"],"max_hp_per_floor":[75,75,75,75,75,75,75,75,75,75,75,75,75,75,75,75,75,75,75,75,75,75,75,75,75,75,75,75,75,75,75,75,75,75,75,75,75,75,75,75,75,75],"relics":["Orrery","Bronze Scales","Blue Candle","Unceasing Top","Juzu Bracelet","Golden Idol","Velvet Choker","Necronomicon","Toolbox","Inserter","Art of War"],"card_choices":[{"not_picked":["Redo","Heatsinks"],"picked":"Capacitor","floor":0},{"not_picked":["Darkness","Capacitor"],"picked":"Ball Lightning","floor":0},{"not_picked":["Rebound","Force Field"],"picked":"Cold Snap","floor":0},{"not_picked":["Static Discharge","Steam Power"],"picked":"Barrage","floor":0},{"not_picked":["Streamline","Heatsinks"],"picked":"Rebound","floor":0},{"not_picked":["Barrage","Rip and Tear"],"picked":"Darkness","floor":1},{"not_picked":["Streamline","Melter"],"picked":"Rebound","floor":2},{"not_picked":["Go for the Eyes","Tempest"],"picked":"Cold Snap","floor":3},{"not_picked":["Hologram","Turbo"],"picked":"Ball Lightning","floor":6},{"not_picked":["Doom and Gloom","Melter"],"picked":"Leap","floor":8},{"not_picked":["Loop","Hologram"],"picked":"Allocate","floor":10},{"not_picked":["Meteor Strike","Biased Cognition"],"picked":"Nova","floor":16},{"not_picked":["Coolheaded","Go for the Eyes"],"picked":"Buffer","floor":18},{"not_picked":["Barrage","Skim"],"picked":"Hello World","floor":22},{"not_picked":["Go for the Eyes","Heatsinks"],"picked":"Coolheaded","floor":30},{"not_picked":["Reboot","Amplify"],"picked":"Thunder Strike","floor":33},{"not_picked":["Impulse","Hello World"],"picked":"Chill","floor":35},{"not_picked":["Sweeping Beam","Turbo"],"picked":"Reinforced Body","floor":37},{"not_picked":["Capacitor","Turbo"],"picked":"Auto Shields","floor":38}],"player_experience":1260977,"potions_floor_usage":[16,18,33,33,33,41],"damage_taken":[{"damage":3,"enemies":"Cultist","floor":1,"turns":4},{"damage":0,"enemies":"Jaw Worm","floor":2,"turns":4},{"damage":9,"enemies":"Small Slimes","floor":3,"turns":3},{"damage":17,"enemies":"Lagavulin","floor":6,"turns":5},{"damage":13,"enemies":"3 Sentries","floor":8,"turns":5},{"damage":7,"enemies":"2 Fungi Beasts","floor":10,"turns":3},{"damage":19,"enemies":"Slime Boss","floor":16,"turns":8},{"damage":14,"enemies":"3 Byrds","floor":18,"turns":3},{"damage":0,"enemies":"Chosen","floor":20,"turns":5},{"damage":28,"enemies":"3 Cultists","floor":22,"turns":6},{"damage":11,"enemies":"Centurion and Healer","floor":25,"turns":7},{"damage":32,"enemies":"Slaver and Parasite","floor":30,"turns":6},{"damage":37,"enemies":"Collector","floor":33,"turns":10},{"damage":30,"enemies":"3 Darklings","floor":35,"turns":7},{"damage":8,"enemies":"Orb Walker","floor":36,"turns":5},{"damage":2,"enemies":"Spire Growth","floor":37,"turns":6},{"damage":1,"enemies":"3 Darklings","floor":38,"turns":10},{"damage":50,"enemies":"2 Orb Walkers","floor":41,"turns":6},{"damage":16,"enemies":"Maw","floor":42,"turns":2}],"event_choices":[{"event_name":"Scrap Ooze","player_choice":"success","floor":4,"damage_taken":7},{"event_name":"Upgrade Shrine","player_choice":"Upgraded","floor":5,"damage_taken":0},{"event_name":"Golden Idol","player_choice":"Take Damage","floor":11,"damage_taken":0},{"event_name":"Golden Wing","player_choice":"Card Removal","floor":14,"damage_taken":0},{"event_name":"Vampires","player_choice":"Ignored","floor":19,"damage_taken":0},{"event_name":"Cursed Tome","player_choice":"Obtained Book","floor":24,"damage_taken":0},{"event_name":"Mysterious Sphere","player_choice":"Ignore","floor":39,"damage_taken":0}],"boss_relics":[{"not_picked":["Black Star","Tiny House"],"picked":"Velvet Choker"},{"not_picked":["White Beast Statue","Nuclear Battery"],"picked":"Inserter"}],"potions_floor_spawned":[8,10,16,20,30,38],"seed_played":"3025843460013668747","killed_by":"Maw","ascension_level":5,"is_trial":false}