{"gold_per_floor":[213,224,242,242,256,256,287,287,336,336,363,363,393,412,412,412],"floor_reached":16,"playtime":681,"items_purged":[],"score":168,"play_id":"c9a0219d-8058-4ffb-9a08-d2a73e1bb155","local_time":"20190224004240","is_ascension_mode":true,"campfire_choices":[{"floor":6,"key":"REST"},{"floor":8,"key":"REST"},{"floor":10,"key":"REST"},{"floor":12,"key":"REST"},{"data":"Neutralize","floor":15,"key":"SMITH"}],"neow_cost":"NONE","seed_source_timestamp":3473841543136589,"circlet_count":0,"master_deck":["Defend_G","Defend_G","Defend_G","Defend_G","Defend_G","Strike_G","Strike_G","Strike_G","Strike_G","Strike_G","Survivor","Neutralize+1","Slice","All Out Attack","Dagger Spray","Slice","Sucker Punch"],"relics":["Ring of the Snake","Pear","Smiling Mask","Omamori","Juzu Bracelet"],"potions_floor_usage":[5,11,13],"damage_taken":[{"damage":2,"enemies":"Jaw Worm","floor":1,"turns":6},{"damage":10,"enemies":"Cultist","floor":2,"turns":4},{"damage":0,"enemies":"2 Louse","floor":3,"turns":2},{"damage":21,"enemies":"Large Slime","floor":5,"turns":8},{"damage":35,"enemies":"Gremlin Nob","floor":7,"turns":5},{"damage":33,"enemies":"Lagavulin","floor":11,"turns":6},{"damage":7,"enemies":"3 Sentries","floor":13,"turns":5},{"damage":0,"enemies":"Blue Slaver","floor":14,"turns":3},{"damage":67,"enemies":"The Guardian","floor":16,"turns":21}],"seed_played":"3904176049829912605","potions_obtained":[{"floor":2,"key":"Fire Potion"},{"floor":7,"key":"Strength Potion"},{"floor":11,"key":"Strength Potion"},{"floor":14,"key":"Ancient Potion"}],"is_trial":false,"path_per_floor":["M","M","M","?","M","R","E","R","T","R","E","R","E","M","R","B"],"character_chosen":"THE_SILENT","items_purchased":[],"campfire_rested":4,"item_purchase_floors":[],"current_hp_per_floor":[61,51,51,56,35,56,31,55,55,79,46,70,63,63,63,0],"gold":412,"neow_bonus":"HUNDRED_GOLD","is_prod":false,"is_daily":false,"chose_seed":false,"campfire_upgraded":1,"win_rate":0,"timestamp":1550986960,"path_taken":["M","M","M","?","M","R","E","R","T","R","E","R","E","M","R","BOSS"],"build_version":"2019-02-06","purchased_purges":0,"victory":false,"max_hp_per_floor":[70,70,70,70,70,70,80,80,80,80,80,80,80,80,80,80],"card_choices":[{"not_picked":["Well Laid Plans","Outmaneuver"],"picked":"Slice","floor":1},{"not_picked":["Bane","Acrobatics"],"picked":"All Out Attack","floor":2},{"not_picked":["Dagger Spray","Expertise"],"picked":"Dagger Throw","floor":3},{"not_picked":["Finisher","Quick Slash"],"picked":"Dagger Spray","floor":5},{"not_picked":["Reflex","Dagger Throw"],"picked":"Slice","floor":7},{"not_picked":["Outmaneuver","Tactician","Blur"],"picked":"SKIP","floor":11},{"not_picked":["Envenom","Setup","Accuracy"],"picked":"SKIP","floor":13},{"not_picked":["Blade Dance","Slice"],"picked":"Sucker Punch","floor":14}],"player_experience":225002,"relics_obtained":[{"floor":7,"key":"Pear"},{"floor":9,"key":"Smiling Mask"},{"floor":11,"key":"Omamori"},{"floor":13,"key":"Juzu Bracelet"}],"event_choices":[{"cards_removed":["Dagger Throw"],"damage_healed":5,"gold_gain":0,"player_choice":"Offered Common","damage_taken":0,"max_hp_gain":0,"max_hp_loss":0,"event_name":"Bonfire Elementals","floor":4,"gold_loss":0},{"cards_removed":["Dagger Throw"],"damage_healed":5,"gold_gain":0,"player_choice":"Offered Special","damage_taken":0,"max_hp_gain":0,"max_hp_loss":0,"event_name":"Bonfire Elementals","floor":4,"gold_loss":0}],"is_beta":true,"boss_relics":[],"items_purged_floors":[],"is_endless":false,"potions_floor_spawned":[2,7,11,14],"killed_by":"The Guardian","ascension_level":8}