{"path_per_floor":["M","M","$","M","M","R","T","E","T","E","M","E","M","E","R","B",null,"M","?","?","M","?","E","M","R","T","$","E","?","R","E","R","B",null,"M","?","M","M","$","R","?","$","T","R","M","M","M","M","R","B"],"character_chosen":"DEFECT","items_purchased":["Fire Potion","Force Field","Capacitor","Shuriken","Centennial Puzzle","Hologram"],"gold_per_floor":[117,132,8,19,34,34,34,62,115,146,157,187,201,229,229,331,331,342,342,342,354,354,379,392,392,465,51,113,113,113,139,139,239,239,255,255,272,282,34,34,34,8,34,34,44,56,73,91,91,91],"floor_reached":51,"campfire_rested":1,"playtime":4778,"current_hp_per_floor":[68,65,65,61,54,54,54,49,56,56,56,52,52,52,52,43,72,72,72,72,59,59,52,40,79,79,79,79,79,79,62,62,43,72,72,72,66,65,65,65,82,82,82,82,82,82,82,82,82,82],"items_purged":["Writhe","Gash"],"gold":91,"score":1113,"play_id":"9ec61cbc-11a8-44e7-8293-337dc291c417","local_time":"20180428110247","is_prod":false,"is_daily":false,"chose_seed":false,"is_ascension_mode":true,"campfire_upgraded":7,"timestamp":1524938567,"path_taken":["M","M","$","M","M","R","?","E","T","E","M","E","M","E","R","BOSS","M","?","?","?","?","E","?","R","T","$","E","?","R","E","R","BOSS","M","?","M","M","$","R","?","?","T","R","M","M","M","?","R","BOSS"],"build_version":"2018-04-27v3","seed_source_timestamp":595665947626161,"purchased_purges":2,"victory":true,"master_deck":["Strike_B+1","Strike_B+1","Strike_B+1","Defend_B+1","Defend_B+1","Defend_B+1","Defend_B+1","Zap","Dualcast","Streamline+1","Tempest","White Noise","Ball Lightning","Reboot","Glacier","Auto Shields","Biased Cognition","Force Field+1","Glacier","Rainbow","Force Field","Capacitor+1","Glacier","Hologram+1","Blizzard+1","Fission","Force Field+1","Impulse+1","Impulse+1","Hologram+1","Force Field+1","Recycle+1","Barrage+1"],"max_hp_per_floor":[75,75,75,75,75,75,75,75,82,82,82,82,82,82,82,82,82,82,82,82,82,82,82,82,82,82,82,82,82,82,82,82,82,82,82,82,82,82,82,82,82,82,82,82,82,82,82,82,82,82],"relics":["Cracked Core","Emotion Chip","Matryoshka","Symbiotic Virus","Strawberry","Pen Nib","Bottled Lightning","Anchor","DataDisk","Snecko Eye","Regal Pillow","Omamori","Smiling Mask","Shuriken","Tiny Chest","Lantern","Cursed Key","Centennial Puzzle","Oddly Smooth Stone"],"card_choices":[{"not_picked":["Sweeping Beam","Hologram"],"picked":"Streamline","floor":1},{"not_picked":["Axe Kick","Streamline"],"picked":"Tempest","floor":2},{"not_picked":["Force Field","Rebound"],"picked":"White Noise","floor":4},{"not_picked":["Streamline","Static Discharge"],"picked":"Ball Lightning","floor":5},{"not_picked":["Streamline","Recycle"],"picked":"Reboot","floor":8},{"not_picked":["Flux Capacitor","Fission"],"picked":"Glacier","floor":10},{"not_picked":["Axe Kick","Stack"],"picked":"Auto Shields","floor":12},{"not_picked":["Cold Snap","Self Repair"],"picked":"Gash","floor":14},{"not_picked":["Fission","Meteor Strike"],"picked":"Biased Cognition","floor":16},{"not_picked":["Steam Power","Stack"],"picked":"Force Field","floor":18},{"not_picked":["Double Energy","Stack"],"picked":"Glacier","floor":21},{"not_picked":["Beam Cell","Ball Lightning"],"picked":"Rainbow","floor":24},{"not_picked":["Coolheaded","Force Field"],"picked":"Glacier","floor":28},{"not_picked":["Hello World","Ball Lightning"],"picked":"Blizzard","floor":31},{"not_picked":["Thunder Strike","Reboot"],"picked":"Fission","floor":33},{"not_picked":["Go for the Eyes","Heatsinks"],"picked":"Force Field","floor":35},{"not_picked":["Chill","Stack"],"picked":"Impulse","floor":37},{"not_picked":["Ball Lightning","Reinforced Body"],"picked":"Force Field","floor":45},{"not_picked":["Go for the Eyes","Streamline"],"picked":"Recycle","floor":46},{"not_picked":["Reinforced Body","Coolheaded"],"picked":"Barrage","floor":48}],"player_experience":1269330,"potions_floor_usage":[10,10,12,16,21,33,46,50,50],"damage_taken":[{"damage":0,"enemies":"Cultist","floor":1,"turns":4},{"damage":3,"enemies":"2 Louse","floor":2,"turns":3},{"damage":4,"enemies":"Jaw Worm","floor":4,"turns":3},{"damage":7,"enemies":"Exordium Thugs","floor":5,"turns":3},{"damage":5,"enemies":"Gremlin Nob","floor":8,"turns":3},{"damage":0,"enemies":"Lagavulin","floor":10,"turns":4},{"damage":0,"enemies":"Blue Slaver","floor":11,"turns":4},{"damage":4,"enemies":"Gremlin Nob","floor":12,"turns":3},{"damage":0,"enemies":"Looter","floor":13,"turns":2},{"damage":0,"enemies":"3 Sentries","floor":14,"turns":8},{"damage":9,"enemies":"The Guardian","floor":16,"turns":9},{"damage":0,"enemies":"Chosen","floor":18,"turns":4},{"damage":13,"enemies":"3 Byrds","floor":21,"turns":3},{"damage":7,"enemies":"Book of Stabbing","floor":23,"turns":6},{"damage":12,"enemies":"3 Cultists","floor":24,"turns":4},{"damage":0,"enemies":"Slavers","floor":28,"turns":8},{"damage":17,"enemies":"Book of Stabbing","floor":31,"turns":6},{"damage":19,"enemies":"Champ","floor":33,"turns":24},{"damage":0,"enemies":"3 Shapes","floor":35,"turns":3},{"damage":6,"enemies":"3 Darklings","floor":37,"turns":5},{"damage":1,"enemies":"Sphere and 2 Shapes","floor":38,"turns":10},{"damage":0,"enemies":"Flame Bruiser 2 Orb","floor":45,"turns":5},{"damage":0,"enemies":"3 Darklings","floor":46,"turns":4},{"damage":0,"enemies":"4 Shapes","floor":47,"turns":6},{"damage":0,"enemies":"Maw","floor":48,"turns":10},{"damage":0,"enemies":"Donu and Deca","floor":50,"turns":7}],"event_choices":[{"event_name":"The Mausoleum","player_choice":"No","floor":19,"damage_taken":0},{"event_name":"Vampires","player_choice":"Ignored","floor":20,"damage_taken":0},{"event_name":"Back to Basics","player_choice":"Simplicity","floor":22,"damage_taken":0},{"event_name":"Transmorgrifier","player_choice":"Transform","floor":29,"damage_taken":0},{"event_name":"Match and Keep!","player_choice":"1 cards matched","floor":36,"damage_taken":0},{"event_name":"Winding Halls","player_choice":"Writhe","floor":41,"damage_taken":0}],"boss_relics":[{"not_picked":["Calling Bell","Lizard Tail"],"picked":"Snecko Eye"},{"not_picked":["Runic Pyramid","White Beast Statue"],"picked":"Cursed Key"}],"potions_floor_spawned":[1,8,10,12,14,21,24,28,35,37,48],"seed_played":"-3084393321275791483","ascension_level":6,"is_trial":false}