{"gold_per_floor":[116,136,136,9,23,23,43,53,79,97,131,131,145,165,165,261,261,271,288,306,320,340,340,340,351,351,351,364,382,461,68,68,165,165,179,195,246,72,90,106,106,106,177,177,25,25,25,42,42,42],"floor_reached":50,"playtime":13778,"items_purged":["Strike_B","Defend_B","Defend_B","Doubt"],"score":454,"play_id":"eb7f1c11-d6cb-4017-91d4-d186f9df473e","local_time":"20190227180738","is_ascension_mode":false,"campfire_choices":[{"data":"Self Repair","floor":6,"key":"SMITH"},{"data":"Beam Cell","floor":12,"key":"SMITH"},{"data":"Dualcast","floor":15,"key":"SMITH"},{"data":"Echo Form","floor":23,"key":"SMITH"},{"data":"FTL","floor":27,"key":"SMITH"},{"floor":32,"key":"REST"},{"data":"Seek","floor":42,"key":"SMITH"},{"data":"Glacier","floor":46,"key":"SMITH"},{"data":"Steam","floor":49,"key":"SMITH"}],"neow_cost":"NONE","seed_source_timestamp":1070000939879429,"circlet_count":0,"master_deck":["Defend_B","Zap+1","Dualcast+1","Self Repair+1","Beam Cell+1","Steam+1","Rebound","Auto Shields","Gash","Glacier+1","All For One","Echo Form+1","Gash+1","FTL+1","Redo+1","Gash","Conserve Battery","Biased Cognition+1","Go for the Eyes+1","Steam+1","Seek+1","All For One","Recycle","FTL+1"],"relics":["Cracked Core","Dream Catcher","Bag of Marbles","Empty Cage","Ornamental Fan","Frozen Egg 2","Membership Card","Inserter","Mango","Orichalcum","Meat on the Bone"],"potions_floor_usage":[7,11,11,33,33,37,40,41,50,50],"damage_taken":[{"damage":2,"enemies":"2 Louse","floor":1,"turns":3},{"damage":1,"enemies":"Cultist","floor":2,"turns":3},{"damage":1,"enemies":"Jaw Worm","floor":5,"turns":3},{"damage":7,"enemies":"Lots of Slimes","floor":7,"turns":4},{"damage":8,"enemies":"3 Louse","floor":8,"turns":4},{"damage":0,"enemies":"2 Fungi Beasts","floor":10,"turns":4},{"damage":45,"enemies":"Gremlin Nob","floor":11,"turns":5},{"damage":0,"enemies":"Large Slime","floor":13,"turns":6},{"damage":2,"enemies":"Red Slaver","floor":14,"turns":4},{"damage":27,"enemies":"The Guardian","floor":16,"turns":10},{"damage":14,"enemies":"Chosen","floor":18,"turns":5},{"damage":25,"enemies":"2 Thieves","floor":19,"turns":4},{"damage":7,"enemies":"Cultist and Chosen","floor":20,"turns":6},{"damage":7,"enemies":"Snake Plant","floor":21,"turns":3},{"damage":16,"enemies":"3 Cultists","floor":22,"turns":6},{"damage":9,"enemies":"Centurion and Healer","floor":25,"turns":7},{"damage":17,"enemies":"Snake Plant","floor":28,"turns":6},{"damage":5,"enemies":"Snecko","floor":29,"turns":4},{"damage":11,"enemies":"Champ","floor":33,"turns":8},{"damage":17,"enemies":"Orb Walker","floor":35,"turns":5},{"damage":13,"enemies":"3 Shapes","floor":36,"turns":6},{"damage":30,"enemies":"2 Orb Walkers","floor":37,"turns":6},{"damage":0,"enemies":"Spire Growth","floor":39,"turns":6},{"damage":6,"enemies":"Jaw Worm Horde","floor":40,"turns":4},{"damage":5,"enemies":"3 Darklings","floor":41,"turns":5},{"damage":17,"enemies":"Sphere and 2 Shapes","floor":48,"turns":4},{"damage":91,"enemies":"Time Eater","floor":50,"turns":13}],"seed_played":"-7589706038696324256","potions_obtained":[{"floor":1,"key":"Swift Potion"},{"floor":2,"key":"Block Potion"},{"floor":8,"key":"Block Potion"},{"floor":13,"key":"Weak Potion"},{"floor":18,"key":"SteroidPotion"},{"floor":22,"key":"Ancient Potion"},{"floor":28,"key":"Dexterity Potion"},{"floor":33,"key":"Explosive Potion"},{"floor":35,"key":"Swift Potion"},{"floor":40,"key":"SmokeBomb"},{"floor":48,"key":"AttackPotion"}],"is_trial":false,"path_per_floor":["M","M","?","$","M","R","M","M","T","M","E","R","M","M","R","B",null,"M","M","M","M","M","R","?","M","T","R","M","M","T","$","R","B",null,"M","M","?","$","M","M","M","R","T","?","$","R","?","M","R","B"],"character_chosen":"DEFECT","items_purchased":["Beam Cell","Gash","Conserve Battery","Membership Card","Seek","Orichalcum","All For One"],"campfire_rested":1,"item_purchase_floors":[4,31,31,31,38,38,45],"current_hp_per_floor":[73,72,72,72,75,75,75,75,75,75,40,40,50,58,58,41,75,75,50,53,56,50,50,50,51,51,51,44,39,39,39,61,60,75,68,65,59,59,59,53,48,48,48,89,89,89,89,82,82,0],"gold":42,"neow_bonus":"UPGRADE_CARD","is_prod":false,"is_daily":false,"chose_seed":false,"campfire_upgraded":8,"win_rate":0,"timestamp":1551287258,"path_taken":["M","M","?","$","M","R","M","M","T","M","E","R","M","M","R","BOSS","M","M","?","M","M","R","?","M","T","R","M","M","?","$","R","BOSS","M","?","?","$","M","M","M","R","T","?","$","R","?","M","R","BOSS"],"build_version":"2019-01-23","purchased_purges":4,"victory":false,"max_hp_per_floor":[75,75,75,75,75,75,75,75,75,75,75,75,75,75,75,75,75,75,75,75,75,75,75,75,75,75,75,75,75,75,75,75,75,75,75,75,89,89,89,89,89,89,89,89,89,89,89,89,89,89],"card_choices":[{"not_picked":["Steam Power","Barrage","Reinforced Body"],"picked":"SKIP","floor":1},{"not_picked":["Hologram","Leap"],"picked":"Self Repair","floor":2},{"not_picked":["Darkness","Redo"],"picked":"Steam","floor":5},{"not_picked":["Beam Cell","Sweeping Beam"],"picked":"Rebound","floor":7},{"not_picked":["Rebound","Stack"],"picked":"Auto Shields","floor":8},{"not_picked":["Amplify","Barrage"],"picked":"Gash","floor":10},{"not_picked":["Ball Lightning","Auto Shields"],"picked":"Glacier","floor":11},{"not_picked":["Undo","Stack","Melter"],"picked":"SKIP","floor":13},{"not_picked":["Cold Snap","Blizzard"],"picked":"All For One","floor":14},{"not_picked":["Machine Learning","Multi-Cast"],"picked":"Echo Form","floor":16},{"not_picked":["White Noise+1","Rebound"],"picked":"Gash+1","floor":18},{"not_picked":["Conserve Battery","Cold Snap"],"picked":"FTL","floor":19},{"not_picked":["Barrage+1","Static Discharge","Rip and Tear"],"picked":"SKIP","floor":20},{"not_picked":["Leap","Lockon+1","Barrage"],"picked":"SKIP","floor":21},{"not_picked":["Loop","Redo","Conserve Battery+1"],"picked":"SKIP","floor":22},{"not_picked":["Cold Snap+1","Compile Driver","Undo"],"picked":"SKIP","floor":25},{"not_picked":["Steam Power+1","Undo"],"picked":"Redo+1","floor":28},{"not_picked":["Rebound+1","Streamline","Barrage+1"],"picked":"SKIP","floor":29},{"not_picked":["Amplify","Fission"],"picked":"Biased Cognition+1","floor":33},{"not_picked":["Barrage","Melter+1"],"picked":"Go for the Eyes+1","floor":35},{"not_picked":["Lockon+1","Fusion+1"],"picked":"Steam+1","floor":36},{"not_picked":["Meteor Strike","Fusion","Cold Snap"],"picked":"SKIP","floor":39},{"not_picked":["Rebound+1","Ball Lightning","Cold Snap+1"],"picked":"SKIP","floor":40},{"not_picked":["Tempest+1","BootSequence+1"],"picked":"FTL+1","floor":48}],"player_experience":598481,"relics_obtained":[{"floor":9,"key":"Dream Catcher"},{"floor":11,"key":"Bag of Marbles"},{"floor":26,"key":"Ornamental Fan"},{"floor":30,"key":"Frozen Egg 2"},{"floor":37,"key":"Mango"},{"floor":43,"key":"Meat on the Bone"}],"event_choices":[{"cards_removed":["Strike_B"],"damage_healed":0,"gold_gain":0,"player_choice":"Card Removal","damage_taken":0,"max_hp_gain":0,"max_hp_loss":0,"event_name":"Wheel of Change","floor":3,"gold_loss":0},{"damage_healed":0,"gold_gain":0,"player_choice":"Ignored","damage_taken":0,"max_hp_gain":0,"max_hp_loss":0,"event_name":"Vampires","floor":24,"gold_loss":0},{"damage_healed":0,"gold_gain":0,"player_choice":"Fight","damage_taken":0,"max_hp_gain":0,"max_hp_loss":0,"event_name":"Mysterious Sphere","floor":37,"gold_loss":0},{"damage_healed":41,"gold_gain":0,"player_choice":"Heal","damage_taken":0,"max_hp_gain":0,"max_hp_loss":0,"event_name":"MindBloom","floor":44,"gold_loss":0,"cards_obtained":["Doubt"]},{"damage_healed":0,"gold_gain":0,"cards_transformed":["Defend_B"],"player_choice":"Transformed","damage_taken":0,"max_hp_gain":0,"max_hp_loss":0,"event_name":"Transmorgrifier","floor":47,"gold_loss":0,"cards_obtained":["Recycle"]}],"is_beta":false,"boss_relics":[{"not_picked":["Pandora\u0027s Box","Philosopher\u0027s Stone"],"picked":"Empty Cage"},{"not_picked":["Runic Dome","Coffee Dripper"],"picked":"Inserter"}],"items_purged_floors":[4,31,38,45],"is_endless":false,"potions_floor_spawned":[1,2,8,13,18,22,28,33,35,40,41,48],"killed_by":"Time Eater","ascension_level":0}