{"gold_per_floor":[113,45,63,63,76,111,111,126,126,126,142,162,162,201,201,326,326,349,349,349,374,72,72,106,106,129,152,152,172,210,235,235,355,355,380,401,46,71,92,92,126,54,54,69,82,95,110,124,124,124],"floor_reached":51,"playtime":2659,"items_purged":["Strike_G","Strike_G"],"score":1105,"play_id":"8e9f66f9-5df6-4b61-9bb1-bac97cd52742","local_time":"20190225190842","is_ascension_mode":true,"campfire_choices":[{"data":"Noxious Fumes","floor":7,"key":"SMITH"},{"data":"A Thousand Cuts","floor":10,"key":"SMITH"},{"data":"Neutralize","floor":15,"key":"SMITH"},{"floor":23,"key":"REST"},{"floor":25,"key":"REST"},{"floor":28,"key":"RECALL"},{"floor":32,"key":"REST"},{"floor":40,"key":"REST"},{"floor":49,"key":"REST"}],"neow_cost":"NONE","seed_source_timestamp":911987592846881,"circlet_count":0,"master_deck":["Defend_G","Defend_G","Defend_G","Defend_G","Defend_G","Strike_G","Strike_G","Strike_G","Survivor","Neutralize+1","PiercingWail","Noxious Fumes+1","Dash","A Thousand Cuts+1","Backstab","Blade Dance","Escape Plan","Backflip","A Thousand Cuts","Prepared+1","Accuracy","Infinite Blades","Blur","Blade Dance+1","Accuracy+1","After Image","Cloak And Dagger+1","Apotheosis","Accuracy","Accuracy","Corpse Explosion","Cloak And Dagger","Blade Dance+1","Accuracy+1"],"relics":["Ring of the Snake","Ninja Scroll","Tough Bandages","Bird Faced Urn","Golden Idol","Ice Cream","Fusion Hammer","MutagenicStrength","Anchor","Lantern","Strawberry","Regal Pillow","Philosopher\u0027s Stone","Letter Opener","Ornamental Fan"],"potions_floor_usage":[6,6,14,16,33,33,50,50,50],"damage_taken":[{"damage":3,"enemies":"Cultist","floor":1,"turns":6},{"damage":0,"enemies":"2 Louse","floor":3,"turns":4},{"damage":0,"enemies":"Small Slimes","floor":5,"turns":3},{"damage":21,"enemies":"Lagavulin","floor":6,"turns":8},{"damage":3,"enemies":"Blue Slaver","floor":8,"turns":3},{"damage":1,"enemies":"Lots of Slimes","floor":11,"turns":4},{"damage":0,"enemies":"2 Fungi Beasts","floor":12,"turns":3},{"damage":4,"enemies":"Gremlin Nob","floor":14,"turns":3},{"damage":8,"enemies":"Slime Boss","floor":16,"turns":9},{"damage":12,"enemies":"2 Thieves","floor":18,"turns":5},{"damage":0,"enemies":"3 Byrds","floor":21,"turns":2},{"damage":9,"enemies":"Slavers","floor":24,"turns":5},{"damage":0,"enemies":"Centurion and Healer","floor":27,"turns":4},{"damage":3,"enemies":"Snake Plant","floor":29,"turns":6},{"damage":0,"enemies":"Gremlin Leader","floor":30,"turns":4},{"damage":22,"enemies":"Shelled Parasite and Fungi","floor":31,"turns":5},{"damage":43,"enemies":"Collector","floor":33,"turns":7},{"damage":0,"enemies":"3 Shapes","floor":35,"turns":4},{"damage":29,"enemies":"3 Darklings","floor":36,"turns":5},{"damage":20,"enemies":"Maw","floor":38,"turns":5},{"damage":7,"enemies":"Writhing Mass","floor":39,"turns":5},{"damage":2,"enemies":"Nemesis","floor":41,"turns":5},{"damage":1,"enemies":"Spire Growth","floor":44,"turns":4},{"damage":2,"enemies":"4 Shapes","floor":45,"turns":3},{"damage":0,"enemies":"Sphere and 2 Shapes","floor":46,"turns":3},{"damage":0,"enemies":"Maw","floor":47,"turns":5},{"damage":5,"enemies":"Transient","floor":48,"turns":5},{"damage":22,"enemies":"Donu and Deca","floor":50,"turns":6}],"seed_played":"8449788695443668091","potions_obtained":[{"floor":3,"key":"AttackPotion"},{"floor":5,"key":"Ancient Potion"},{"floor":6,"key":"SteroidPotion"},{"floor":12,"key":"Strength Potion"},{"floor":24,"key":"Regen Potion"},{"floor":27,"key":"FearPotion"},{"floor":29,"key":"GamblersBrew"},{"floor":35,"key":"Fire Potion"},{"floor":44,"key":"Explosive Potion"}],"is_trial":false,"path_per_floor":["M","$","M","?","M","E","R","M","T","R","M","M","?","E","R","B",null,"M","?","?","M","$","R","E","R","T","M","R","M","E","M","R","B",null,"M","M","$","M","M","R","E","$","T","M","M","M","M","M","R","B",null],"character_chosen":"THE_SILENT","items_purchased":["Noxious Fumes","Anchor","Infinite Blades","Apotheosis","Accuracy","Accuracy"],"campfire_rested":5,"item_purchase_floors":[2,22,22,37,37,42],"current_hp_per_floor":[67,67,67,55,55,34,34,31,31,31,34,34,34,34,34,30,61,55,55,55,57,57,71,64,71,78,78,78,75,78,62,78,55,72,78,55,55,51,60,78,78,78,78,78,78,78,78,78,78,64],"gold":124,"neow_bonus":"TEN_PERCENT_HP_BONUS","is_prod":false,"is_daily":false,"chose_seed":false,"campfire_upgraded":3,"win_rate":0,"timestamp":1551118122,"path_taken":["M","$","M","?","M","E","R","M","T","R","M","M","?","E","R","BOSS","M","?","?","M","$","R","E","R","T","?","R","M","E","M","R","BOSS","M","M","$","?","M","R","E","$","T","M","M","M","M","M","R","BOSS"],"build_version":"2019-01-23","purchased_purges":2,"victory":true,"max_hp_per_floor":[77,77,77,77,77,77,77,77,77,77,77,77,71,71,71,71,71,71,71,71,71,71,71,71,71,78,78,78,78,78,78,78,78,78,78,78,78,78,78,78,78,78,78,78,78,78,78,78,78,78],"card_choices":[{"not_picked":["Dagger Throw","Eviscerate"],"picked":"PiercingWail","floor":1},{"not_picked":["Bane","Deflect"],"picked":"Dash","floor":3},{"not_picked":["Sucker Punch","Dagger Throw"],"picked":"A Thousand Cuts","floor":5},{"not_picked":["Prepared","Dodge and Roll"],"picked":"Backstab","floor":6},{"not_picked":["Poisoned Stab","Outmaneuver"],"picked":"Blade Dance","floor":8},{"not_picked":["Prepared","Bane"],"picked":"Escape Plan","floor":11},{"not_picked":["Setup","Poisoned Stab","Sucker Punch"],"picked":"SKIP","floor":12},{"not_picked":["Deflect","Riddle With Holes"],"picked":"Backflip","floor":14},{"not_picked":["Night Terror","Wraith Form v2"],"picked":"A Thousand Cuts","floor":16},{"not_picked":["Deflect","Deadly Poison"],"picked":"Prepared+1","floor":18},{"not_picked":["Well Laid Plans+1","Deadly Poison"],"picked":"Accuracy","floor":21},{"not_picked":["Dodge and Roll","Distraction"],"picked":"Blur","floor":24},{"not_picked":["Dodge and Roll","Die Die Die","Backflip+1"],"picked":"SKIP","floor":27},{"not_picked":["Concentrate+1","Acrobatics","Dodge and Roll"],"picked":"SKIP","floor":29},{"not_picked":["Slice","Setup"],"picked":"Blade Dance+1","floor":30},{"not_picked":["Poisoned Stab","Backflip"],"picked":"Accuracy+1","floor":31},{"not_picked":["Storm of Steel","Glass Knife"],"picked":"After Image","floor":33},{"not_picked":["Dodge and Roll+1","All Out Attack+1"],"picked":"Cloak And Dagger+1","floor":35},{"not_picked":["Well Laid Plans","Poisoned Stab+1","Concentrate"],"picked":"SKIP","floor":36},{"not_picked":["Quick Slash+1","Distraction+1","Tactician"],"picked":"SKIP","floor":38},{"not_picked":["Acrobatics+1","Flechettes+1","Backstab+1"],"picked":"SKIP","floor":39},{"not_picked":["Underhanded Strike","Flechettes","Dagger Throw+1"],"picked":"SKIP","floor":41},{"not_picked":["Backflip","PiercingWail"],"picked":"Corpse Explosion","floor":44},{"not_picked":["Setup+1","Slice"],"picked":"Cloak And Dagger","floor":45},{"not_picked":["Dagger Spray+1","Poisoned Stab+1","Dodge and Roll"],"picked":"SKIP","floor":46},{"not_picked":["Quick Slash+1","Underhanded Strike+1"],"picked":"Blade Dance+1","floor":47},{"not_picked":["Blade Dance","Prepared"],"picked":"Accuracy+1","floor":48}],"player_experience":511409,"relics_obtained":[{"floor":6,"key":"Tough Bandages"},{"floor":9,"key":"Bird Faced Urn"},{"floor":14,"key":"Ice Cream"},{"floor":24,"key":"Lantern"},{"floor":26,"key":"Strawberry"},{"floor":30,"key":"Regal Pillow"},{"floor":41,"key":"Letter Opener"},{"floor":43,"key":"Ornamental Fan"}],"event_choices":[{"damage_healed":0,"gold_gain":0,"player_choice":"Success","damage_taken":12,"relics_obtained":["Ninja Scroll"],"max_hp_gain":0,"max_hp_loss":0,"event_name":"Scrap Ooze","floor":4,"gold_loss":0},{"damage_healed":0,"gold_gain":0,"player_choice":"Lose Max HP","damage_taken":0,"relics_obtained":["Golden Idol"],"max_hp_gain":0,"max_hp_loss":6,"event_name":"Golden Idol","floor":13,"gold_loss":0},{"damage_healed":0,"gold_gain":0,"player_choice":"Inject Mutagens","damage_taken":0,"relics_obtained":["MutagenicStrength"],"max_hp_gain":0,"max_hp_loss":0,"event_name":"Drug Dealer","floor":19,"gold_loss":0},{"damage_healed":0,"gold_gain":0,"player_choice":"0 cards matched","damage_taken":0,"max_hp_gain":0,"max_hp_loss":0,"event_name":"Match and Keep!","floor":20,"gold_loss":0,"cards_obtained":[]}],"is_beta":false,"boss_relics":[{"not_picked":["Coffee Dripper","Lizard Tail"],"picked":"Fusion Hammer"},{"not_picked":["Runic Dome","Runic Pyramid"],"picked":"Philosopher\u0027s Stone"}],"items_purged_floors":[22,37],"is_endless":false,"potions_floor_spawned":[3,5,6,12,24,27,29,35,44,46,47,48],"ascension_level":9}