{"gold_per_floor":[118,136,146,40,5,39,39,68,144,172,172,3,3,22,22,22],"floor_reached":16,"playtime":507,"items_purged":["Strike_B"],"score":165,"play_id":"2d4baaa3-0ba6-4a06-8d59-c45f672517e2","local_time":"20190225115948","is_ascension_mode":true,"campfire_choices":[{"data":"Zap","floor":7,"key":"SMITH"},{"floor":11,"key":"REST"},{"floor":15,"key":"REST"}],"neow_cost":"NONE","seed_source_timestamp":888411132901918,"circlet_count":0,"master_deck":["Strike_B","Strike_B","Defend_B","Defend_B","Defend_B","Defend_B","Zap+1","Dualcast","Machine Learning","Ball Lightning","Capacitor","Conserve Battery","Cold Snap","Chill","Echo Form","White Noise","Barrage"],"relics":["Cracked Core","Peace Pipe","Potion Belt","Darkstone Periapt","Smiling Mask"],"potions_floor_usage":[6,8,10,16],"damage_taken":[{"damage":0,"enemies":"Jaw Worm","floor":1,"turns":3},{"damage":5,"enemies":"Small Slimes","floor":2,"turns":4},{"damage":1,"enemies":"Cultist","floor":3,"turns":3},{"damage":38,"enemies":"Gremlin Nob","floor":6,"turns":4},{"damage":21,"enemies":"3 Sentries","floor":8,"turns":7},{"damage":15,"enemies":"Gremlin Nob","floor":10,"turns":4},{"damage":9,"enemies":"Looter","floor":14,"turns":4},{"damage":29,"enemies":"Slime Boss","floor":16,"turns":3}],"seed_played":"1296793048665552259","potions_obtained":[{"floor":3,"key":"SkillPotion"},{"floor":6,"key":"Strength Potion"},{"floor":8,"key":"FocusPotion"}],"is_trial":false,"path_per_floor":["M","M","M","$","?","E","R","E","T","E","R","$","?","M","R","B"],"character_chosen":"DEFECT","items_purchased":["Capacitor","Conserve Battery","White Noise","Dexterity Potion"],"campfire_rested":2,"item_purchase_floors":[4,4,12,12],"current_hp_per_floor":[68,63,62,62,75,37,37,16,16,1,23,23,16,7,29,0],"gold":22,"neow_bonus":"ONE_RANDOM_RARE_CARD","is_prod":false,"is_daily":false,"chose_seed":false,"campfire_upgraded":1,"win_rate":0,"timestamp":1551092388,"path_taken":["M","M","M","$","?","E","R","E","T","E","R","$","?","M","R","BOSS"],"build_version":"2019-01-23","purchased_purges":1,"victory":false,"max_hp_per_floor":[75,75,75,75,75,75,75,75,75,75,75,75,75,75,75,75],"card_choices":[{"not_picked":["Leap","Hologram","Redo"],"picked":"SKIP","floor":1},{"not_picked":["Turbo","Stack"],"picked":"Ball Lightning","floor":2},{"not_picked":["Gash","Leap","Rainbow"],"picked":"SKIP","floor":3},{"not_picked":["Sunder","Steam"],"picked":"Cold Snap","floor":6},{"not_picked":["Sweeping Beam","Tempest"],"picked":"Chill","floor":8},{"not_picked":["Leap","Loop"],"picked":"Echo Form","floor":10},{"not_picked":["Sunder","Cold Snap"],"picked":"Barrage","floor":14}],"player_experience":488365,"relics_obtained":[{"floor":6,"key":"Peace Pipe"},{"floor":8,"key":"Potion Belt"},{"floor":9,"key":"Darkstone Periapt"},{"floor":10,"key":"Smiling Mask"}],"event_choices":[{"damage_healed":18,"gold_gain":0,"player_choice":"Healed","damage_taken":0,"max_hp_gain":0,"max_hp_loss":0,"event_name":"The Cleric","floor":5,"gold_loss":35},{"cards_removed":["Strike_B"],"damage_healed":0,"gold_gain":0,"player_choice":"Card Removal","damage_taken":7,"max_hp_gain":0,"max_hp_loss":0,"event_name":"Golden Wing","floor":13,"gold_loss":0}],"is_beta":false,"boss_relics":[],"items_purged_floors":[12],"is_endless":false,"potions_floor_spawned":[3,6,8],"killed_by":"Slime Boss","ascension_level":8}