{"gold_per_floor":[216,216,73,73,73,73,102,116,141,141,153,167,197,213,213,213],"floor_reached":16,"playtime":589,"items_purged":["Strike_R"],"score":160,"play_id":"f14d19c0-0818-4753-9865-b1e8c47935b3","local_time":"20190226005107","is_ascension_mode":true,"campfire_choices":[{"data":"1","floor":6,"key":"LIFT"},{"data":"2","floor":15,"key":"LIFT"}],"neow_cost":"NONE","seed_source_timestamp":934610800414219,"circlet_count":0,"master_deck":["Strike_R","Strike_R","Strike_R","Defend_R+1","Defend_R+1","Defend_R","Defend_R","Bash","Whirlwind","Evolve","True Grit","Inflame"],"relics":["Burning Blood","Girya","Omamori","Boot","Bronze Scales"],"potions_floor_usage":[7,13,16,16],"damage_taken":[{"damage":9,"enemies":"Jaw Worm","floor":1,"turns":6},{"damage":25,"enemies":"Gremlin Nob","floor":7,"turns":5},{"damage":0,"enemies":"2 Louse","floor":8,"turns":1},{"damage":4,"enemies":"Small Slimes","floor":11,"turns":3},{"damage":0,"enemies":"Blue Slaver","floor":12,"turns":7},{"damage":7,"enemies":"3 Sentries","floor":13,"turns":10},{"damage":0,"enemies":"3 Louse","floor":14,"turns":1},{"damage":39,"enemies":"Hexaghost","floor":16,"turns":11}],"seed_played":"7826986528489526592","potions_obtained":[{"floor":1,"key":"EssenceOfSteel"},{"floor":12,"key":"Dexterity Potion"},{"floor":13,"key":"BloodPotion"},{"floor":14,"key":"Fire Potion"}],"is_trial":false,"path_per_floor":["M","?","$","?","?","R","E","M","T","?","M","M","E","M","R","B"],"character_chosen":"IRONCLAD","items_purchased":["Evolve"],"campfire_rested":0,"item_purchase_floors":[3],"current_hp_per_floor":[69,62,62,46,28,28,9,15,15,15,17,23,22,28,28,0],"gold":213,"neow_bonus":"HUNDRED_GOLD","is_prod":false,"is_daily":false,"chose_seed":false,"campfire_upgraded":0,"win_rate":0,"timestamp":1551138667,"path_taken":["M","?","$","?","?","R","E","M","T","?","M","?","E","M","R","BOSS"],"build_version":"2019-01-23","purchased_purges":1,"victory":false,"max_hp_per_floor":[80,80,80,80,80,80,80,80,80,80,80,80,80,80,80,80],"card_choices":[{"not_picked":["Havoc","Twin Strike"],"picked":"Whirlwind","floor":1},{"not_picked":["Body Slam","Havoc"],"picked":"True Grit","floor":7},{"not_picked":["True Grit","Body Slam","Sever Soul"],"picked":"SKIP","floor":8},{"not_picked":["Clothesline","Wild Strike","True Grit"],"picked":"SKIP","floor":11},{"not_picked":["Body Slam","Sentinel","Fire Breathing"],"picked":"SKIP","floor":12},{"not_picked":["Whirlwind","Dual Wield","Rage"],"picked":"SKIP","floor":13},{"not_picked":["Pommel Strike","Blood for Blood"],"picked":"Inflame","floor":14}],"player_experience":533812,"relics_obtained":[{"floor":7,"key":"Omamori"},{"floor":9,"key":"Boot"},{"floor":13,"key":"Bronze Scales"}],"event_choices":[{"cards_removed":["Strike_R"],"damage_healed":0,"gold_gain":0,"player_choice":"Card Removal","damage_taken":7,"max_hp_gain":0,"max_hp_loss":0,"event_name":"Golden Wing","floor":2,"gold_loss":0},{"damage_healed":0,"gold_gain":0,"player_choice":"Entered Light","damage_taken":16,"max_hp_gain":0,"max_hp_loss":0,"event_name":"Shining Light","floor":4,"gold_loss":0,"cards_upgraded":["Defend_R","Defend_R"]},{"damage_healed":0,"gold_gain":0,"player_choice":"Success","damage_taken":18,"relics_obtained":["Girya"],"max_hp_gain":0,"max_hp_loss":0,"event_name":"Scrap Ooze","floor":5,"gold_loss":0},{"damage_healed":0,"gold_gain":0,"player_choice":"Ignored","damage_taken":0,"max_hp_gain":0,"max_hp_loss":0,"event_name":"Upgrade Shrine","floor":10,"gold_loss":0}],"is_beta":false,"boss_relics":[],"items_purged_floors":[3],"is_endless":false,"potions_floor_spawned":[1,12,13,14],"killed_by":"Hexaghost","ascension_level":9}