{"gold_per_floor":[109,119,137,155,167,167,38,38,38,58,73,83,96,128,128,230,280,268,284,300,3,20,20,20,20,43,59,73,73,73,92,92,92],"floor_reached":33,"playtime":2238,"items_purged":["Strike_R"],"score":436,"play_id":"c9b50e52-a793-4ffd-a4ba-1de01bb538de","local_time":"20190228120319","is_ascension_mode":true,"campfire_choices":[{"data":"Body Slam","floor":6,"key":"SMITH"},{"data":"Disarm","floor":8,"key":"SMITH"},{"data":"Whirlwind","floor":15,"key":"SMITH"},{"floor":23,"key":"REST"},{"data":"Bash","floor":25,"key":"SMITH"},{"data":"Pommel Strike","floor":29,"key":"SMITH"},{"floor":32,"key":"REST"}],"neow_cost":"NONE","seed_source_timestamp":1146095469585709,"circlet_count":0,"master_deck":["AscendersBane","Defend_R","Defend_R","Defend_R","Defend_R","Bash+1","Headbutt","Flame Barrier+1","Body Slam+1","Disarm+1","Shrug It Off","Whirlwind+1","Iron Wave","Pommel Strike+1","Offering","Shrug It Off","Battle Trance","Bite","Bite","Bite","Bite","Bite"],"relics":["Burning Blood","Orichalcum","Regal Pillow","Centennial Puzzle","Tiny House","Letter Opener","Juzu Bracelet"],"potions_floor_usage":[11,14,16,33,33],"damage_taken":[{"damage":0,"enemies":"Cultist","floor":1,"turns":3},{"damage":7,"enemies":"Jaw Worm","floor":2,"turns":4},{"damage":8,"enemies":"Small Slimes","floor":3,"turns":4},{"damage":9,"enemies":"Red Slaver","floor":4,"turns":7},{"damage":16,"enemies":"Lots of Slimes","floor":5,"turns":7},{"damage":19,"enemies":"Large Slime","floor":10,"turns":7},{"damage":2,"enemies":"2 Fungi Beasts","floor":11,"turns":4},{"damage":6,"enemies":"Blue Slaver","floor":12,"turns":4},{"damage":6,"enemies":"Looter","floor":13,"turns":4},{"damage":20,"enemies":"3 Sentries","floor":14,"turns":8},{"damage":31,"enemies":"The Guardian","floor":16,"turns":15},{"damage":13,"enemies":"2 Thieves","floor":18,"turns":4},{"damage":23,"enemies":"Shell Parasite","floor":19,"turns":10},{"damage":23,"enemies":"Snecko","floor":20,"turns":6},{"damage":15,"enemies":"Shelled Parasite and Fungi","floor":22,"turns":11},{"damage":30,"enemies":"Chosen and Byrds","floor":27,"turns":7},{"damage":6,"enemies":"Centurion and Healer","floor":28,"turns":8},{"damage":30,"enemies":"Snake Plant","floor":31,"turns":7},{"damage":98,"enemies":"Champ","floor":33,"turns":18}],"seed_played":"2744105413360018937","potions_obtained":[{"floor":1,"key":"FearPotion"},{"floor":4,"key":"Regen Potion"},{"floor":5,"key":"Fruit Juice"},{"floor":12,"key":"BloodPotion"},{"floor":16,"key":"FearPotion"},{"floor":17,"key":"SmokeBomb"},{"floor":19,"key":"Strength Potion"}],"is_trial":false,"path_per_floor":["M","M","M","M","M","R","$","R","T","M","M","M","M","E","R","B",null,"M","M","M","$","M","R","?","R","T","M","M","R","?","M","R","B"],"character_chosen":"IRONCLAD","items_purchased":["Shrug It Off","Letter Opener","Dexterity Potion"],"campfire_rested":2,"item_purchase_floors":[7,21,21],"current_hp_per_floor":[78,77,75,72,62,62,62,62,62,49,58,58,58,59,59,42,79,72,55,38,38,29,71,71,71,71,47,47,47,47,35,63,0],"gold":92,"neow_bonus":"RANDOM_COMMON_RELIC","is_prod":false,"is_daily":false,"chose_seed":false,"campfire_upgraded":5,"win_rate":0,"timestamp":1551351799,"path_taken":["M","M","M","M","M","R","?","R","T","M","M","M","M","E","R","BOSS","M","M","M","$","M","R","?","R","T","M","M","R","?","M","R","BOSS"],"build_version":"2019-01-23","purchased_purges":1,"victory":false,"max_hp_per_floor":[80,80,80,80,80,80,80,80,80,80,85,85,85,85,85,85,90,90,90,90,90,90,90,90,90,90,90,90,90,63,63,63,63],"card_choices":[{"not_picked":["Entrench","Armaments"],"picked":"Headbutt","floor":1},{"not_picked":["Clothesline","Intimidate","Flex"],"picked":"SKIP","floor":2},{"not_picked":["Thunderclap","Cleave"],"picked":"Flame Barrier","floor":3},{"not_picked":["Clothesline","Clash"],"picked":"Body Slam","floor":4},{"not_picked":["Fire Breathing","Rupture"],"picked":"Disarm","floor":5},{"not_picked":["Rupture","Thunderclap","Wild Strike"],"picked":"SKIP","floor":10},{"not_picked":["Sword Boomerang","Anger"],"picked":"Whirlwind","floor":11},{"not_picked":["Immolate","Heavy Blade","Thunderclap"],"picked":"SKIP","floor":12},{"not_picked":["Searing Blow","Clash"],"picked":"Iron Wave","floor":13},{"not_picked":["Heavy Blade","True Grit"],"picked":"Pommel Strike","floor":14},{"not_picked":["Feed","Limit Break"],"picked":"Offering","floor":16},{"not_picked":["Evolve","Wild Strike"],"picked":"Shrug It Off","floor":17},{"not_picked":["Disarm","Twin Strike","Reckless Charge+1"],"picked":"SKIP","floor":18},{"not_picked":["Reckless Charge","Shrug It Off","Combust"],"picked":"SKIP","floor":19},{"not_picked":["Cleave","Iron Wave"],"picked":"Battle Trance","floor":20},{"not_picked":["Anger","Blood for Blood","Clash"],"picked":"SKIP","floor":22},{"not_picked":["Bloodletting","Whirlwind","Perfected Strike"],"picked":"SKIP","floor":27},{"not_picked":["Body Slam","Twin Strike","Fire Breathing"],"picked":"SKIP","floor":28},{"not_picked":["Clothesline","Heavy Blade","Fire Breathing"],"picked":"SKIP","floor":31}],"player_experience":636177,"relics_obtained":[{"floor":9,"key":"Regal Pillow"},{"floor":14,"key":"Centennial Puzzle"},{"floor":26,"key":"Juzu Bracelet"}],"event_choices":[{"damage_healed":0,"gold_gain":0,"player_choice":"Ignored","damage_taken":0,"max_hp_gain":0,"max_hp_loss":0,"event_name":"Ghosts","floor":24,"gold_loss":0},{"damage_healed":0,"gold_gain":0,"player_choice":"Became a vampire","damage_taken":0,"max_hp_gain":0,"max_hp_loss":27,"event_name":"Vampires","floor":30,"gold_loss":0,"cards_obtained":["Bite","Bite","Bite","Bite","Bite"]}],"is_beta":false,"boss_relics":[{"not_picked":["Calling Bell","Fusion Hammer"],"picked":"Tiny House"}],"items_purged_floors":[7],"is_endless":false,"potions_floor_spawned":[1,4,5,12,13,16,19,20,22,31],"killed_by":"Champ","ascension_level":12}