{"gold_per_floor":[119,129,129,3,3,38,38,49,123,156,156,86,9,25,25,125,125,136,155,8,22,22,55,55,75,75,104,132,132,132,142,142,237,237,251,263,138,138,138,172,95,120,189,201,217,217,233,268,268,268],"floor_reached":51,"playtime":4286,"items_purged":["Strike_G","Strike_G","Strike_G"],"score":935,"play_id":"0e67ed4d-f02d-474b-a5ad-4c896af1d60f","local_time":"20190221154721","is_ascension_mode":true,"campfire_choices":[{"floor":7,"key":"REST"},{"floor":15,"key":"REST"},{"floor":24,"key":"REST"},{"floor":29,"key":"REST"},{"data":"Footwork","floor":32,"key":"SMITH"},{"floor":46,"key":"REST"},{"floor":49,"key":"REST"}],"neow_cost":"NONE","seed_source_timestamp":3265254061898318,"circlet_count":0,"master_deck":["Defend_G","Defend_G","Defend_G","Defend_G","Defend_G","Survivor","Neutralize","Poisoned Stab","All Out Attack","Blur","Dash","Footwork+1","Leg Sweep","Dodge and Roll","Dagger Spray","Caltrops+1","Prepared+1","Well Laid Plans","Noxious Fumes+1","Burst","Flash of Steel","Dodge and Roll","Caltrops","Dash"],"relics":["Ring of the Snake","Bronze Scales","Gremlin Horn","Peace Pipe","Sozu","Mummified Hand","Meat on the Bone","Red Mask","Paper Crane","Lantern","Empty Cage","Orichalcum","Vajra","Singing Bowl","Anchor"],"potions_floor_usage":[6,16,16,19],"damage_taken":[{"damage":3,"enemies":"Jaw Worm","floor":1,"turns":6},{"damage":1,"enemies":"Small Slimes","floor":2,"turns":5},{"damage":32,"enemies":"Gremlin Nob","floor":6,"turns":4},{"damage":0,"enemies":"2 Louse","floor":8,"turns":2},{"damage":35,"enemies":"Lagavulin","floor":10,"turns":8},{"damage":0,"enemies":"Looter","floor":14,"turns":4},{"damage":27,"enemies":"Slime Boss","floor":16,"turns":15},{"damage":0,"enemies":"3 Byrds","floor":18,"turns":5},{"damage":1,"enemies":"Chosen","floor":19,"turns":6},{"damage":15,"enemies":"Snake Plant","floor":21,"turns":5},{"damage":49,"enemies":"Slavers","floor":23,"turns":8},{"damage":0,"enemies":"Centurion and Healer","floor":25,"turns":13},{"damage":25,"enemies":"Masked Bandits","floor":27,"turns":4},{"damage":0,"enemies":"Book of Stabbing","floor":28,"turns":6},{"damage":0,"enemies":"Snecko","floor":31,"turns":8},{"damage":11,"enemies":"Collector","floor":33,"turns":13},{"damage":9,"enemies":"3 Darklings","floor":35,"turns":4},{"damage":0,"enemies":"Orb Walker","floor":36,"turns":5},{"damage":25,"enemies":"Reptomancer","floor":40,"turns":8},{"damage":1,"enemies":"Nemesis","floor":42,"turns":15},{"damage":22,"enemies":"3 Darklings","floor":44,"turns":5},{"damage":11,"enemies":"Jaw Worm Horde","floor":45,"turns":7},{"damage":17,"enemies":"Transient","floor":47,"turns":5},{"damage":10,"enemies":"Reptomancer","floor":48,"turns":9},{"damage":56,"enemies":"Awakened One","floor":50,"turns":28}],"seed_played":"8889819122695002552","potions_obtained":[{"floor":10,"key":"EssenceOfSteel"},{"floor":14,"key":"SpeedPotion"},{"floor":16,"key":"AttackPotion"}],"is_trial":false,"path_per_floor":["M","M","?","$","?","E","R","M","T","E","?","$","$","M","R","B",null,"M","M","$","M","?","E","R","M","T","?","E","R","T","M","R","B",null,"M","M","$","?","?","E","$","E","T","M","M","R","M","E","R","B",null],"character_chosen":"THE_SILENT","items_purchased":["Strength Potion","Dash","Footwork","Dodge and Roll","Caltrops"],"campfire_rested":6,"item_purchase_floors":[4,12,13,20,41],"current_hp_per_floor":[74,73,78,78,78,46,70,70,70,35,35,35,35,35,59,32,82,82,81,81,66,66,17,41,41,41,28,40,64,64,64,64,53,82,73,73,73,73,73,48,48,47,47,39,42,67,50,54,80,36],"gold":268,"neow_bonus":"TEN_PERCENT_HP_BONUS","is_prod":false,"is_daily":false,"chose_seed":false,"campfire_upgraded":1,"win_rate":0,"timestamp":1550782041,"path_taken":["M","M","?","$","?","E","R","M","T","E","?","?","$","M","R","BOSS","M","M","$","M","?","E","R","M","T","?","E","R","?","M","R","BOSS","M","M","$","?","?","E","$","E","T","M","M","R","M","E","R","BOSS"],"build_version":"2019-02-06","purchased_purges":3,"victory":true,"max_hp_per_floor":[77,77,82,82,82,82,82,82,82,82,82,82,82,82,82,82,82,82,82,82,82,82,82,82,82,82,82,82,82,82,82,82,82,82,82,82,82,82,82,82,82,82,82,84,86,86,86,88,88,88],"card_choices":[{"not_picked":["Acrobatics","Quick Slash"],"picked":"Poisoned Stab","floor":1},{"not_picked":["Setup","Bane"],"picked":"All Out Attack","floor":2},{"not_picked":["Masterful Stab","Blade Dance","Bouncing Flask"],"picked":"SKIP","floor":6},{"not_picked":["Blade Dance","Deadly Poison"],"picked":"Slice","floor":8},{"not_picked":["Deadly Poison","Tools of the Trade"],"picked":"Blur","floor":10},{"not_picked":["Flechettes","Acrobatics"],"picked":"Leg Sweep","floor":14},{"not_picked":["Sucker Punch","Acrobatics","Crippling Poison"],"picked":"SKIP","floor":18},{"not_picked":["Underhanded Strike","Distraction","Deadly Poison"],"picked":"SKIP","floor":19},{"not_picked":["Sucker Punch","Leg Sweep"],"picked":"Dagger Spray","floor":21},{"not_picked":["Deadly Poison","Flying Knee","Prepared"],"picked":"SKIP","floor":23},{"not_picked":["Leg Sweep","Outmaneuver"],"picked":"Caltrops+1","floor":25},{"not_picked":["Blade Dance","Bane"],"picked":"Prepared+1","floor":27},{"not_picked":["Deadly Poison","Eviscerate"],"picked":"Well Laid Plans","floor":28},{"not_picked":["Setup","Grand Finale"],"picked":"Noxious Fumes+1","floor":31},{"not_picked":["Night Terror","Unload"],"picked":"Burst","floor":33},{"not_picked":["Sucker Punch+1","Prepared","Blade Dance+1"],"picked":"SKIP","floor":35},{"not_picked":["Deadly Poison","Blade Dance+1","PiercingWail"],"picked":"SKIP","floor":36},{"not_picked":["Swift Strike","Secret Weapon"],"picked":"Flash of Steel","floor":38},{"not_picked":["Blur","Skewer+1"],"picked":"Dodge and Roll","floor":40},{"not_picked":["Prepared","Accuracy+1","Blade Dance"],"picked":"SKIP","floor":42},{"not_picked":["Cloak And Dagger+1","Prepared","Blade Dance"],"picked":"Singing Bowl","floor":44},{"not_picked":["Underhanded Strike","Concentrate","Reflex+1"],"picked":"Singing Bowl","floor":45},{"not_picked":["Quick Slash","Endless Agony+1"],"picked":"Dash","floor":47},{"not_picked":["Concentrate+1","Slice+1","Underhanded Strike+1"],"picked":"Singing Bowl","floor":48}],"player_experience":176520,"relics_obtained":[{"floor":6,"key":"Bronze Scales"},{"floor":9,"key":"Gremlin Horn"},{"floor":10,"key":"Peace Pipe"},{"floor":23,"key":"Mummified Hand"},{"floor":26,"key":"Meat on the Bone"},{"floor":27,"key":"Red Mask"},{"floor":28,"key":"Paper Crane"},{"floor":30,"key":"Lantern"},{"floor":40,"key":"Orichalcum"},{"floor":42,"key":"Vajra"},{"floor":43,"key":"Singing Bowl"},{"floor":48,"key":"Anchor"}],"event_choices":[{"damage_healed":0,"gold_gain":0,"player_choice":"Donut","damage_taken":0,"max_hp_gain":5,"max_hp_loss":0,"event_name":"Big Fish","floor":3,"gold_loss":0},{"damage_healed":0,"gold_gain":0,"player_choice":"Ignored","damage_taken":0,"max_hp_gain":0,"max_hp_loss":0,"event_name":"Liars Game","floor":5,"gold_loss":0},{"damage_healed":0,"gold_gain":0,"player_choice":"Searched \u00270\u0027 times","damage_taken":0,"max_hp_gain":0,"max_hp_loss":0,"event_name":"Dead Adventurer","floor":11,"gold_loss":0},{"damage_healed":0,"gold_gain":0,"player_choice":"Ignored","damage_taken":0,"max_hp_gain":0,"max_hp_loss":0,"event_name":"Beggar","floor":22,"gold_loss":0},{"damage_healed":0,"gold_gain":0,"player_choice":"Fought Bandits","damage_taken":0,"max_hp_gain":0,"max_hp_loss":0,"event_name":"Masked Bandits","floor":27,"gold_loss":0},{"damage_healed":0,"gold_gain":0,"player_choice":"Memory 1","damage_taken":0,"max_hp_gain":0,"max_hp_loss":0,"event_name":"SensoryStone","floor":38,"gold_loss":0},{"cards_removed":["Slice"],"damage_healed":0,"gold_gain":0,"player_choice":"Purged","damage_taken":0,"max_hp_gain":0,"max_hp_loss":0,"event_name":"Purifier","floor":39,"gold_loss":0}],"is_beta":true,"boss_relics":[{"not_picked":["Velvet Choker","Black Star"],"picked":"Sozu"},{"not_picked":["Coffee Dripper","Lizard Tail"],"picked":"Empty Cage"}],"items_purged_floors":[4,20,37],"is_endless":false,"potions_floor_spawned":[10,14,16,19,21,33,40,42,45,48],"ascension_level":4}