{"path_per_floor":["M","M","M","M","M","R","M","$","T","R","M","R","M","E","R","B",null,"M","?","M","M","?","R","?","E","T","R","M","R","$","M","R","B",null,"M","M","$","?","M","E","R","M","T","R","?","E","$","M","R","B"],"character_chosen":"IRONCLAD","items_purchased":["Feel No Pain","Lantern","Corruption","Limit Break"],"gold_per_floor":[111,126,142,153,163,163,183,28,28,28,46,46,60,94,94,195,195,210,210,225,239,239,239,164,191,217,217,227,227,34,47,47,150,150,165,179,56,56,73,105,105,120,120,120,173,200,14,25,25,25],"floor_reached":51,"campfire_rested":1,"playtime":8974,"current_hp_per_floor":[74,70,76,73,72,72,73,73,73,73,65,65,71,72,72,57,74,64,64,66,66,50,50,50,25,25,25,27,27,27,29,53,36,69,61,71,71,61,70,78,78,84,84,84,86,91,91,93,93,93],"items_purged":["Strike_R","Defend_R","Strike_R","Strike_R"],"gold":25,"score":1172,"play_id":"464ba736-ba32-4eb4-b2a6-b9403e31c0aa","local_time":"20180418183245","is_prod":false,"is_daily":false,"chose_seed":false,"is_ascension_mode":true,"campfire_upgraded":10,"timestamp":1524101565,"path_taken":["M","M","M","M","M","R","M","$","T","R","M","R","M","E","R","BOSS","M","?","M","M","?","R","?","E","T","R","M","R","$","M","R","BOSS","M","M","$","?","?","E","R","M","T","R","?","E","$","M","R","BOSS"],"build_version":"2018-04-12","seed_source_timestamp":251549230767489,"purchased_purges":4,"victory":true,"master_deck":["Defend_R","Defend_R","Defend_R","Bash","AscendersBane","Reckless Charge+1","Pommel Strike","Inflame+1","Shrug It Off","Feel No Pain+1","True Grit+1","Shockwave+1","Evolve+1","Offering","Disarm+1","True Grit+1","Whirlwind+1","Seeing Red","True Grit+1","Barricade","Havoc+1","Feel No Pain+1","Corruption","Thinking Ahead","Dark Shackles","Limit Break+1"],"max_hp_per_floor":[80,80,80,80,80,80,80,80,80,80,80,80,80,80,80,80,80,80,80,80,80,80,80,80,80,80,80,80,80,80,80,80,80,80,80,80,80,80,80,82,82,84,84,84,86,91,91,93,93,93],"relics":["Black Blood","Dream Catcher","Gambling Chip","Sozu","Paper Frog","Nilry\u0027s Codex","Smiling Mask","Bag of Preparation","Lantern","Singing Bowl","Dead Branch","Magic Flower","Calipers"],"card_choices":[{"not_picked":["Havoc","Perfected Strike"],"picked":"Reckless Charge","floor":2},{"not_picked":["Anger","Sever Soul"],"picked":"Pommel Strike","floor":3},{"not_picked":["Sword Boomerang","Thunderclap"],"picked":"Inflame","floor":4},{"not_picked":["Cleave","Corruption"],"picked":"Shrug It Off","floor":5},{"not_picked":["Headbutt","Perfected Strike"],"picked":"True Grit","floor":11},{"not_picked":["Clothesline","Reaper"],"picked":"Shockwave","floor":13},{"not_picked":["True Grit","Body Slam"],"picked":"Evolve","floor":14},{"not_picked":["Double Tap","Brutality"],"picked":"Offering","floor":16},{"not_picked":["Cleave","Entrench"],"picked":"Disarm","floor":18},{"not_picked":["Rage","Armaments"],"picked":"True Grit","floor":21},{"not_picked":["Twin Strike","Uppercut"],"picked":"Whirlwind","floor":28},{"not_picked":["Dropkick","Iron Wave"],"picked":"Seeing Red","floor":31},{"not_picked":["Armaments","Carnage"],"picked":"True Grit","floor":32},{"not_picked":["Reaper","Brutality"],"picked":"Barricade","floor":33},{"not_picked":["Spot Weakness","Shrug It Off"],"picked":"Havoc","floor":35},{"not_picked":["Whirlwind","Body Slam"],"picked":"Feel No Pain","floor":36},{"not_picked":["Blind","Dramatic Entrance"],"picked":"Thinking Ahead","floor":38},{"not_picked":["Purity","Good Instincts"],"picked":"Dark Shackles","floor":38}],"player_experience":426906,"potions_floor_usage":[5,7,25],"damage_taken":[{"damage":4,"enemies":"2 Louse","floor":1,"turns":3},{"damage":10,"enemies":"Small Slimes","floor":2,"turns":4},{"damage":0,"enemies":"Cultist","floor":3,"turns":2},{"damage":9,"enemies":"Blue Slaver","floor":4,"turns":5},{"damage":7,"enemies":"Looter","floor":5,"turns":3},{"damage":5,"enemies":"Gremlin Gang","floor":7,"turns":3},{"damage":14,"enemies":"Large Slime","floor":11,"turns":8},{"damage":0,"enemies":"3 Louse","floor":13,"turns":4},{"damage":5,"enemies":"3 Sentries","floor":14,"turns":11},{"damage":21,"enemies":"Slime Boss","floor":16,"turns":11},{"damage":16,"enemies":"Spheric Guardian","floor":18,"turns":4},{"damage":4,"enemies":"Chosen","floor":20,"turns":6},{"damage":6,"enemies":"Snecko","floor":21,"turns":4},{"damage":31,"enemies":"Gremlin Leader","floor":25,"turns":10},{"damage":4,"enemies":"Snake Plant","floor":28,"turns":5},{"damage":4,"enemies":"Centurion and Healer","floor":31,"turns":5},{"damage":51,"enemies":"Automaton","floor":33,"turns":11},{"damage":18,"enemies":"3 Shapes","floor":35,"turns":2},{"damage":0,"enemies":"3 Darklings","floor":36,"turns":6},{"damage":1,"enemies":"4 Shapes","floor":39,"turns":5},{"damage":4,"enemies":"Giant Head","floor":40,"turns":7},{"damage":4,"enemies":"Maw","floor":42,"turns":7},{"damage":8,"enemies":"Mysterious Sphere","floor":45,"turns":3},{"damage":4,"enemies":"2 Orb Walkers","floor":46,"turns":5},{"damage":4,"enemies":"3 Darklings","floor":48,"turns":3},{"damage":13,"enemies":"Time Eater","floor":50,"turns":4}],"event_choices":[{"event_name":"The Mausoleum","player_choice":"Yes","floor":19,"damage_taken":0},{"event_name":"Cursed Tome","player_choice":"Obtained Book","floor":22,"damage_taken":0},{"event_name":"Beggar","player_choice":"Gave Gold","floor":24,"damage_taken":0},{"event_name":"SensoryStone","player_choice":"Memory 3","floor":38,"damage_taken":0},{"event_name":"Mysterious Sphere","player_choice":"Fight","floor":45,"damage_taken":0}],"boss_relics":[{"not_picked":["Tiny House","Runic Pyramid"],"picked":"Sozu"},{"not_picked":["Eternal Feather","Calling Bell"],"picked":"Black Blood"}],"potions_floor_spawned":[1,2,13,14,18,31,35,36,42,46],"seed_played":"-8877722775411837141","ascension_level":10,"is_trial":false}