{"gold_per_floor":[114,125,144,144,69,102,122,122],"floor_reached":8,"playtime":296,"items_purged":["Decay"],"score":81,"play_id":"3d9622d8-305d-41ca-90cb-ada94f77378b","local_time":"20190225133104","is_ascension_mode":true,"campfire_choices":[],"neow_cost":"NONE","seed_source_timestamp":894098277263852,"circlet_count":0,"master_deck":["Defend_G","Defend_G","Defend_G","Defend_G","Defend_G","Strike_G","Strike_G","Strike_G","Strike_G","Strike_G","Survivor","Neutralize","PiercingWail","Infinite Blades","Backstab","Blade Dance","Crippling Poison"],"relics":["Ring of the Snake","NeowsBlessing","Matryoshka"],"potions_floor_usage":[6],"damage_taken":[{"damage":0,"enemies":"Cultist","floor":1,"turns":1},{"damage":0,"enemies":"2 Louse","floor":2,"turns":1},{"damage":0,"enemies":"Jaw Worm","floor":3,"turns":1},{"damage":62,"enemies":"Lagavulin","floor":6,"turns":9},{"damage":0,"enemies":"2 Fungi Beasts","floor":7,"turns":4},{"damage":10,"enemies":"3 Sentries","floor":8,"turns":6}],"seed_played":"1972445909810850240","potions_obtained":[{"floor":3,"key":"Regen Potion"}],"is_trial":false,"path_per_floor":["M","M","M","?","$","E","M","E"],"character_chosen":"THE_SILENT","items_purchased":[],"campfire_rested":0,"item_purchase_floors":[],"current_hp_per_floor":[63,63,63,63,63,14,14,4],"gold":122,"neow_bonus":"THREE_ENEMY_KILL","is_prod":false,"is_daily":false,"chose_seed":false,"campfire_upgraded":0,"win_rate":0,"timestamp":1551097864,"path_taken":["M","?","M","?","$","E","M","E"],"build_version":"2019-01-23","purchased_purges":1,"victory":false,"max_hp_per_floor":[70,70,70,70,70,70,70,70],"card_choices":[{"not_picked":["Deflect","Bane"],"picked":"PiercingWail","floor":1},{"not_picked":["Blade Dance","Flying Knee","Infinite Blades"],"picked":"SKIP","floor":2},{"not_picked":["Blade Dance","Flying Knee"],"picked":"Infinite Blades","floor":2},{"not_picked":["Wraith Form v2","Prepared"],"picked":"Backstab","floor":3},{"not_picked":["Flying Knee","Dagger Spray"],"picked":"Blade Dance","floor":6},{"not_picked":["Slice","Dodge and Roll"],"picked":"Crippling Poison","floor":7}],"player_experience":494005,"relics_obtained":[{"floor":6,"key":"Matryoshka"}],"event_choices":[{"damage_healed":0,"gold_gain":0,"player_choice":"Cursed","damage_taken":0,"max_hp_gain":0,"max_hp_loss":0,"event_name":"Wheel of Change","floor":4,"gold_loss":0,"cards_obtained":["Decay"]}],"is_beta":false,"boss_relics":[],"items_purged_floors":[5],"is_endless":false,"potions_floor_spawned":[3],"killed_by":"3 Sentries","ascension_level":8}