{"path_per_floor":["M","$","M","M","M","E","M","R","T","R","E","R","M","E","R","B",null,"M","$","M","?","M","M","E","R","T","M","?","R","?","E","R","B",null,"M","$","M","$","?","R","E","M","T","R","M","?","$","E","R","B"],"character_chosen":"THE_SILENT","items_purchased":["Noxious Fumes","Orichalcum","Acrobatics","Bird Faced Urn","Cloak And Dagger"],"gold_per_floor":[365,61,74,90,108,136,149,149,172,172,201,201,221,247,247,346,346,357,4,16,16,29,46,77,77,104,122,122,122,122,153,153,256,256,271,148,168,43,95,95,128,148,148,148,158,158,8,35,35,35],"floor_reached":51,"campfire_rested":0,"playtime":7195,"current_hp_per_floor":[63,60,59,59,56,42,39,39,46,46,44,44,44,28,28,10,53,41,41,47,47,42,45,34,34,34,32,54,54,54,60,60,52,63,67,67,57,57,53,53,58,66,66,66,67,67,67,58,58,67],"items_purged":["Parasite","Strike_G","Strike_G","Strike_G"],"gold":35,"score":1064,"play_id":"a4ce5e7c-62cf-4f13-a446-4e99eb3ff985","is_prod":false,"is_daily":false,"is_ascension_mode":true,"campfire_upgraded":10,"path_taken":["M","$","M","M","M","E","M","R","T","R","E","R","M","E","R","BOSS","M","$","M","?","M","M","E","R","T","M","?","R","?","E","R","BOSS","M","$","M","$","?","R","E","M","T","R","M","?","$","E","R","BOSS"],"build_version":"2018-02-13-BETA1","purchased_purges":5,"victory":true,"master_deck":["Defend_G","Defend_G","Defend_G","Defend_G","Defend_G","Strike_G+1","Strike_G+1","Survivor","Neutralize+1","Concentrate","Noxious Fumes+1","Blur+1","Acrobatics+1","Noxious Fumes+1","Well Laid Plans","Reflex+1","Underhanded Strike","Adrenaline","Backflip","Acrobatics+1","Prepared+1","Escape Plan","Cloak And Dagger+1","Calculated Gamble+1","Burst+1","Footwork","Cloak And Dagger+1","Noxious Fumes"],"max_hp_per_floor":[63,60,60,60,60,60,60,60,67,67,67,67,67,67,67,67,67,67,67,67,67,67,67,67,67,67,67,67,67,67,67,67,67,67,67,67,67,67,67,67,67,67,67,67,67,67,67,67,67,67],"relics":["Ring of the Snake","Orichalcum","Shuriken","Strawberry","Ornamental Fan","Bottled Flame","Cursed Key","Bird Faced Urn","Pantograph","Whetstone","Happy Flower","The Specimen","Sundial","Darkstone Periapt","Juzu Bracelet"],"card_choices":[{"not_picked":["Riddle With Holes","Bane"],"picked":"Concentrate"},{"not_picked":["PiercingWail","Quick Slash"],"picked":"Blur"},{"not_picked":["Catalyst","Poisoned Stab"],"picked":"Acrobatics"},{"not_picked":["Dagger Spray","Backstab"],"picked":"Noxious Fumes"},{"not_picked":["Doppelganger","Accuracy"],"picked":"Well Laid Plans"},{"not_picked":["Deflect","Flechettes"],"picked":"Reflex"},{"not_picked":["Prepared","Deflect"],"picked":"Underhanded Strike"},{"not_picked":["After Image","Doppelganger"],"picked":"Adrenaline"},{"not_picked":["Concentrate","Slice"],"picked":"Backflip"},{"not_picked":["Poisoned Stab","Deadly Poison"],"picked":"Prepared"},{"not_picked":["Deflect","PiercingWail"],"picked":"Escape Plan"},{"not_picked":["Venomology","Sucker Punch"],"picked":"Cloak And Dagger"},{"not_picked":["Cloak And Dagger","Heel Hook"],"picked":"Calculated Gamble"},{"not_picked":["Die Die Die","Phantasmal Killer"],"picked":"Burst"},{"not_picked":["Leg Sweep","Acrobatics"],"picked":"Footwork"},{"not_picked":["PiercingWail","Outmaneuver"],"picked":"Noxious Fumes"}],"player_experience":197800,"potions_floor_usage":[6,13,14,18,24,24,50,50,50],"damage_taken":[{"damage":0,"enemies":"2 Louse","floor":1,"turns":3},{"damage":1,"enemies":"Cultist","floor":3,"turns":5},{"damage":0,"enemies":"Jaw Worm","floor":4,"turns":5},{"damage":3,"enemies":"Blue Slaver","floor":5,"turns":6},{"damage":14,"enemies":"Gremlin Nob","floor":6,"turns":5},{"damage":3,"enemies":"3 Louse","floor":7,"turns":4},{"damage":2,"enemies":"Lagavulin","floor":11,"turns":9},{"damage":0,"enemies":"Gremlin Gang","floor":13,"turns":3},{"damage":16,"enemies":"3 Sentries","floor":14,"turns":7},{"damage":18,"enemies":"The Guardian","floor":16,"turns":11},{"damage":12,"enemies":"Chosen","floor":18,"turns":5},{"damage":0,"enemies":"Shell Parasite","floor":20,"turns":6},{"damage":11,"enemies":"Cultist and Chosen","floor":22,"turns":7},{"damage":3,"enemies":"Centurion and Healer","floor":23,"turns":6},{"damage":17,"enemies":"Slavers","floor":24,"turns":6},{"damage":8,"enemies":"Chosen and Byrds","floor":27,"turns":6},{"damage":0,"enemies":"Book of Stabbing","floor":31,"turns":6},{"damage":15,"enemies":"Automaton","floor":33,"turns":10},{"damage":0,"enemies":"Flame Bruiser 1 Orb","floor":35,"turns":5},{"damage":14,"enemies":"3 Darklings","floor":37,"turns":5},{"damage":12,"enemies":"Mysterious Sphere","floor":39,"turns":5},{"damage":3,"enemies":"Giant Head","floor":41,"turns":6},{"damage":0,"enemies":"Maw","floor":42,"turns":7},{"damage":0,"enemies":"Spire Growth","floor":45,"turns":5},{"damage":13,"enemies":"2 Orb Walkers","floor":48,"turns":4},{"damage":0,"enemies":"Awakened One","floor":50,"turns":7}],"event_choices":[{"event_name":"Match and Keep!","player_choice":"0 cards matched","floor":21,"damage_taken":0},{"event_name":"The Library","player_choice":"Heal","floor":28,"damage_taken":0},{"event_name":"Fountain of Cleansing","player_choice":"Removed Curse","floor":30,"damage_taken":0},{"event_name":"Mysterious Sphere","player_choice":"Fight","floor":39,"damage_taken":0},{"event_name":"Tomb of Lord Red Mask","player_choice":"Ignored","floor":46,"damage_taken":0}],"boss_relics":[{"not_picked":["Philosopher\u0027s Stone","Pandora\u0027s Box"],"picked":"Cursed Key"},{"not_picked":["Runic Pyramid","Velvet Choker"],"picked":"The Specimen"}],"potions_floor_spawned":[1,7,11,13,16,22,31,33,37,41,48],"seed_played":"-6634032443456994895","ascension_level":12,"is_trial":false}