{"path_per_floor":["M","?","?","?","M","E","R","E","T","?","E","M","$","M","R","B",null,"M","?","M","?","M","E","?","$","T","E"],"character_chosen":"THE_SILENT","items_purchased":["Apotheosis","Paper Crane"],"gold_per_floor":[16,0,0,0,13,57,57,97,124,160,201,214,13,28,28,159,159,180,180,204,204,217,258,258,16,16,56],"floor_reached":28,"campfire_rested":0,"playtime":2843,"current_hp_per_floor":[60,60,60,60,52,52,52,42,42,41,27,27,27,27,27,16,51,48,43,43,43,43,38,38,38,38,20],"items_purged":[],"gold":56,"score":475,"play_id":"981f6a44-1bda-4b9a-875d-bf9b64afc27f","is_prod":false,"is_daily":false,"is_ascension_mode":true,"campfire_upgraded":1,"path_taken":["M","?","?","?","M","E","R","E","T","?","E","M","$","M","R","BOSS","M","?","M","?","M","E","?","$","T","E","M"],"build_version":"2018-02-12-BETA1","purchased_purges":0,"victory":false,"master_deck":["Defend_G","Defend_G","Defend_G","Survivor","Neutralize+1","Predator+1","Backstab","Bullet Time","Backstab","Backflip","Apotheosis","Backflip","Bite+1","Bite","Bite","Bite","Bite+1","Outmaneuver+1","Bullet Time"],"max_hp_per_floor":[67,67,67,62,62,62,62,62,62,62,62,62,62,62,62,62,62,62,43,43,43,43,43,43,43,43,45],"relics":["Ring of the Snake","Golden Idol","Regal Pillow","Juzu Bracelet","Dream Catcher","Odd Mushroom","Shovel","Vajra","Black Star","Nloth\u0027s Gift","Art of War","Whetstone","Paper Crane","Sundial","Singing Bowl","Pen Nib"],"card_choices":[{"not_picked":["Crippling Poison","Deflect"],"picked":"Predator"},{"not_picked":["Dagger Throw","Eviscerate"],"picked":"Backstab"},{"not_picked":["Flying Knee","Well Laid Plans"],"picked":"Bullet Time"},{"not_picked":["Underhanded Strike","Outmaneuver"],"picked":"Backstab"},{"not_picked":["Bane","Well Laid Plans"],"picked":"Backflip"},{"not_picked":["Underhanded Strike","Flying Knee"],"picked":"Backflip"},{"not_picked":["Deflect","Cloak And Dagger"],"picked":"Outmaneuver"},{"not_picked":["Sucker Punch","Die Die Die"],"picked":"Bullet Time"}],"player_experience":158702,"potions_floor_usage":[6,16,23,23,23,27],"damage_taken":[{"damage":3,"enemies":"2 Louse","floor":1,"turns":5},{"damage":8,"enemies":"Jaw Worm","floor":5,"turns":5},{"damage":0,"enemies":"Gremlin Nob","floor":6,"turns":4},{"damage":10,"enemies":"Lagavulin","floor":8,"turns":5},{"damage":1,"enemies":"The Mushroom Lair","floor":10,"turns":3},{"damage":14,"enemies":"3 Sentries","floor":11,"turns":5},{"damage":0,"enemies":"Small Slimes","floor":12,"turns":2},{"damage":0,"enemies":"Exordium Wildlife","floor":14,"turns":2},{"damage":11,"enemies":"The Guardian","floor":16,"turns":10},{"damage":3,"enemies":"Spheric Guardian","floor":18,"turns":3},{"damage":19,"enemies":"Shell Parasite","floor":20,"turns":6},{"damage":3,"enemies":"Snecko","floor":22,"turns":7},{"damage":32,"enemies":"Slavers","floor":23,"turns":10},{"damage":37,"enemies":"Gremlin Leader","floor":27,"turns":11},{"damage":33,"enemies":"Snake Plant","floor":28,"turns":2}],"event_choices":[{"event_name":"World of Goop","player_choice":"Left","floor":2,"damage_taken":0},{"event_name":"Living Wall","player_choice":"Grow","floor":3,"damage_taken":0},{"event_name":"Golden Idol","player_choice":"Lose Max HP","floor":4,"damage_taken":0},{"event_name":"Mushrooms","player_choice":"Fought Mushrooms","floor":10,"damage_taken":0},{"event_name":"Vampires","player_choice":"Became a vampire","floor":19,"damage_taken":0},{"event_name":"N\u0027loth","player_choice":"Traded a Matryoshka","floor":21,"damage_taken":0},{"event_name":"Back to Basics","player_choice":"Elegance","floor":24,"damage_taken":0}],"boss_relics":[{"not_picked":["Question Card","Orrery"],"picked":"Black Star"}],"potions_floor_spawned":[1,8,12,14,16,18,22,23],"seed_played":"-2589796838677197263","killed_by":"Snake Plant","ascension_level":10,"is_trial":false}