{"gold_per_floor":[112,128,138,138,13,13,47,47,70,85,95,95,95,124,136,253,265,295,307,244,256,43,43,61,61],"floor_reached":25,"playtime":1928,"items_purged":["Strike_R","Strike_R"],"score":232,"play_id":"a26b4dcd-3f73-439f-b732-a86f82a36d80","local_time":"20190218141201","is_ascension_mode":true,"campfire_choices":[{"data":"Shockwave","floor":6,"key":"SMITH"},{"data":"Flame Barrier","floor":12,"key":"SMITH"},{"floor":15,"key":"REST"},{"floor":23,"key":"REST"}],"neow_cost":"NONE","seed_source_timestamp":3002744611750362,"circlet_count":0,"master_deck":["Strike_R","Strike_R","Strike_R","Defend_R","Defend_R","Defend_R","Defend_R","Bash","Shockwave+1","Shrug It Off","Disarm","Cleave","Flame Barrier+1","Shrug It Off","True Grit","Iron Wave","Warcry+1"],"relics":["Black Blood","Ancient Tea Set","Calipers","Bag of Preparation","MawBank"],"potions_floor_usage":[7,7,10,14,16,16,18,21,25,25],"damage_taken":[{"damage":1,"enemies":"Small Slimes","floor":1,"turns":4},{"damage":7,"enemies":"Jaw Worm","floor":2,"turns":5},{"damage":3,"enemies":"Cultist","floor":3,"turns":6},{"damage":26,"enemies":"Gremlin Nob","floor":7,"turns":5},{"damage":8,"enemies":"3 Louse","floor":10,"turns":5},{"damage":0,"enemies":"Red Slaver","floor":11,"turns":6},{"damage":17,"enemies":"3 Sentries","floor":14,"turns":10},{"damage":63,"enemies":"The Guardian","floor":16,"turns":24},{"damage":76,"enemies":"Spheric Guardian","floor":18,"turns":26},{"damage":12,"enemies":"2 Thieves","floor":20,"turns":5},{"damage":38,"enemies":"Cultist and Chosen","floor":21,"turns":9},{"damage":0,"enemies":"Snake Plant","floor":24,"turns":6},{"damage":92,"enemies":"Centurion and Healer","floor":25,"turns":19}],"seed_played":"2954111637935535846","potions_obtained":[{"floor":3,"key":"Block Potion"},{"floor":7,"key":"FearPotion"},{"floor":8,"key":"Regen Potion"},{"floor":8,"key":"Ancient Potion"},{"floor":8,"key":"Regen Potion"},{"floor":11,"key":"Regen Potion"},{"floor":14,"key":"Block Potion"},{"floor":18,"key":"SmokeBomb"},{"floor":24,"key":"Swift Potion"}],"is_trial":false,"path_per_floor":["M","M","M","?","$","R","E","?","T","M","M","R","?","E","R","B",null,"M","?","M","M","$","R","M","M"],"character_chosen":"IRONCLAD","items_purchased":["Strength Potion","Regen Potion","Block Potion"],"campfire_rested":2,"item_purchase_floors":[5,22,22],"current_hp_per_floor":[80,79,80,62,62,62,42,42,42,54,60,60,60,64,80,38,80,14,80,78,50,50,74,80,3],"gold":61,"neow_bonus":"RANDOM_COLORLESS","is_prod":false,"is_daily":false,"chose_seed":false,"campfire_upgraded":2,"win_rate":0,"timestamp":1550517121,"path_taken":["M","M","M","?","$","R","E","?","T","?","M","R","?","E","R","BOSS","M","?","M","M","$","R","M","M"],"build_version":"2019-02-06","purchased_purges":2,"victory":false,"max_hp_per_floor":[80,80,80,80,80,80,80,80,80,80,80,80,80,80,80,80,80,80,80,80,80,80,80,80,80],"card_choices":[{"not_picked":["Sword Boomerang","Clothesline"],"picked":"Shockwave","floor":1},{"not_picked":["Perfected Strike","Warcry"],"picked":"Shrug It Off","floor":2},{"not_picked":["Heavy Blade","Dark Embrace","Wild Strike"],"picked":"SKIP","floor":3},{"not_picked":["Clothesline","Headbutt"],"picked":"Disarm","floor":7},{"not_picked":["Bloodletting","Inflame"],"picked":"Cleave","floor":10},{"not_picked":["Pummel","Searing Blow"],"picked":"Flame Barrier","floor":11},{"not_picked":["Sword Boomerang","Combust"],"picked":"Shrug It Off","floor":14},{"not_picked":["Warcry","Flex+1"],"picked":"True Grit","floor":18},{"not_picked":["Dropkick","Sword Boomerang"],"picked":"Iron Wave","floor":20},{"not_picked":["True Grit","Ghostly Armor"],"picked":"Warcry+1","floor":24}],"player_experience":141355,"relics_obtained":[{"floor":7,"key":"Calipers"},{"floor":9,"key":"Bag of Preparation"},{"floor":14,"key":"MawBank"}],"event_choices":[{"damage_healed":0,"gold_gain":0,"player_choice":"Success","damage_taken":18,"relics_obtained":["Ancient Tea Set"],"max_hp_gain":0,"max_hp_loss":0,"event_name":"Scrap Ooze","floor":4,"gold_loss":0},{"damage_healed":0,"gold_gain":0,"player_choice":"Got Potions","damage_taken":0,"max_hp_gain":0,"max_hp_loss":0,"event_name":"Lab","floor":8,"gold_loss":0},{"damage_healed":0,"gold_gain":0,"player_choice":"Searched \u00270\u0027 times","damage_taken":0,"max_hp_gain":0,"max_hp_loss":0,"event_name":"Dead Adventurer","floor":13,"gold_loss":0},{"cards_removed":["Impatience"],"damage_healed":66,"gold_gain":0,"player_choice":"Offered Uncommon","damage_taken":0,"max_hp_gain":0,"max_hp_loss":0,"event_name":"Bonfire Elementals","floor":19,"gold_loss":0}],"is_beta":true,"boss_relics":[{"not_picked":["Lizard Tail","Philosopher\u0027s Stone"],"picked":"Black Blood"}],"items_purged_floors":[5,22],"is_endless":false,"potions_floor_spawned":[3,7,11,14,18,21,24],"killed_by":"Centurion and Healer","ascension_level":2}