{"gold_per_floor":[17,32,32,45,45,45,75,94,117,117,132,132,84,119,119,119],"floor_reached":16,"playtime":801,"items_purged":[],"score":209,"play_id":"c347ef74-e6ad-490a-951e-854649566d55","local_time":"20190218014138","is_ascension_mode":true,"campfire_choices":[{"floor":6,"key":"REST"},{"floor":10,"key":"REST"},{"floor":15,"key":"REST"}],"neow_cost":"NO_GOLD","seed_source_timestamp":630763890964,"circlet_count":0,"master_deck":["AscendersBane","Strike_R","Strike_R","Strike_R","Strike_R","Defend_R","Defend_R","Defend_R","Defend_R","Bash","Limit Break","Feel No Pain","Thunderclap","Anger","Pummel","Shockwave"],"relics":["Burning Blood","Bronze Scales","Regal Pillow","Centennial Puzzle"],"potions_floor_usage":[14,14],"damage_taken":[{"damage":17,"enemies":"Small Slimes","floor":1,"turns":4},{"damage":7,"enemies":"Cultist","floor":2,"turns":4},{"damage":6,"enemies":"2 Louse","floor":4,"turns":3},{"damage":50,"enemies":"Lagavulin","floor":7,"turns":8},{"damage":17,"enemies":"2 Fungi Beasts","floor":8,"turns":4},{"damage":14,"enemies":"Blue Slaver","floor":11,"turns":5},{"damage":25,"enemies":"Gremlin Nob","floor":14,"turns":4},{"damage":64,"enemies":"The Guardian","floor":16,"turns":14}],"seed_played":"-406949107449279671","potions_obtained":[{"floor":1,"key":"Explosive Potion"},{"floor":7,"key":"GamblersBrew"}],"is_trial":false,"path_per_floor":["M","M","?","M","$","R","E","M","T","R","M","?","?","E","R","B"],"character_chosen":"IRONCLAD","items_purchased":[],"campfire_rested":3,"item_purchase_floors":[],"current_hp_per_floor":[57,56,56,56,56,75,31,20,20,57,49,44,44,25,62,0],"gold":119,"neow_bonus":"THREE_RARE_CARDS","is_prod":false,"is_daily":false,"chose_seed":false,"campfire_upgraded":0,"win_rate":0,"timestamp":1550482898,"path_taken":["M","M","?","M","?","R","E","M","T","R","M","?","?","E","R","BOSS"],"build_version":"2019-01-23","purchased_purges":0,"victory":false,"max_hp_per_floor":[75,75,75,75,75,75,75,75,75,75,75,75,75,75,75,75],"card_choices":[{"not_picked":["Barricade","Berserk"],"picked":"Limit Break","floor":0},{"not_picked":["Rupture","Body Slam"],"picked":"Feel No Pain","floor":1},{"not_picked":["Dual Wield","Cleave"],"picked":"Thunderclap","floor":2},{"not_picked":["Clothesline","Cleave"],"picked":"Anger","floor":4},{"not_picked":["Rupture","Clothesline"],"picked":"Pummel","floor":7},{"not_picked":["Second Wind","Warcry","Bloodletting"],"picked":"SKIP","floor":8},{"not_picked":["Anger","Carnage","Dual Wield"],"picked":"SKIP","floor":11},{"not_picked":["Cleave","Clash"],"picked":"Shockwave","floor":14}],"player_experience":834708,"relics_obtained":[{"floor":7,"key":"Bronze Scales"},{"floor":9,"key":"Regal Pillow"},{"floor":14,"key":"Centennial Puzzle"}],"event_choices":[{"cards_removed":["Strike_R"],"damage_healed":0,"gold_gain":0,"player_choice":"Purged","damage_taken":0,"max_hp_gain":0,"max_hp_loss":0,"event_name":"Purifier","floor":3,"gold_loss":0},{"damage_healed":0,"gold_gain":0,"player_choice":"Fled","damage_taken":5,"max_hp_gain":0,"max_hp_loss":0,"event_name":"Scrap Ooze","floor":12,"gold_loss":0},{"damage_healed":0,"gold_gain":0,"player_choice":"Left Gold","damage_taken":0,"max_hp_gain":0,"max_hp_loss":0,"event_name":"World of Goop","floor":13,"gold_loss":48}],"is_beta":false,"boss_relics":[],"items_purged_floors":[],"is_endless":false,"potions_floor_spawned":[1,7,11],"killed_by":"The Guardian","ascension_level":18}