{"gold_per_floor":[116,116,116,2,16,16,55,55,55,55,94,94,114,133,133,253,253,271,292,217,217,235,279,279,303,326,326,347,347,47,71,71,196,196,209,227,6,6,29,29,29,29],"floor_reached":42,"playtime":2256,"items_purged":["Strike_G","Defend_G"],"score":789,"play_id":"adbe002b-cafb-4de6-86fd-fbb8326df9c7","local_time":"20190226133034","is_ascension_mode":true,"campfire_choices":[{"data":"Infinite Blades","floor":6,"key":"SMITH"},{"data":"Leg Sweep","floor":10,"key":"SMITH"},{"data":"Neutralize","floor":12,"key":"SMITH"},{"floor":15,"key":"REST"},{"data":"Caltrops","floor":24,"key":"SMITH"},{"data":"Adrenaline","floor":27,"key":"SMITH"},{"floor":32,"key":"REST"},{"data":"Footwork","floor":40,"key":"SMITH"}],"neow_cost":"NONE","seed_source_timestamp":978510361266539,"circlet_count":0,"master_deck":["AscendersBane","Defend_G","Defend_G","Defend_G","Survivor","Neutralize+1","Leg Sweep+1","Infinite Blades+1","Blade Dance","Caltrops+1","Adrenaline","Blade Dance","Cloak And Dagger","Adrenaline+1","Distraction+1","Burst+1","Dagger Throw+1","Crippling Poison+1","Caltrops+1","Crippling Poison+1","Blur+1","Noxious Fumes","Cloak And Dagger","Malaise","Prepared+1","Backstab+1","Accuracy","Madness","Madness","Footwork+1"],"relics":["Ring of the Snake","NeowsBlessing","Golden Idol","Letter Opener","Sundial","Dream Catcher","Astrolabe","FossilizedHelix","Juzu Bracelet","MutagenicStrength","WristBlade","Snake Skull"],"potions_floor_usage":[11,16,16,23,33,33,42,42],"damage_taken":[{"damage":0,"enemies":"Small Slimes","floor":1,"turns":1},{"damage":0,"enemies":"Jaw Worm","floor":5,"turns":2},{"damage":0,"enemies":"Gremlin Nob","floor":7,"turns":1},{"damage":37,"enemies":"3 Sentries","floor":11,"turns":10},{"damage":0,"enemies":"Cultist","floor":13,"turns":4},{"damage":0,"enemies":"Looter","floor":14,"turns":4},{"damage":0,"enemies":"Hexaghost","floor":16,"turns":11},{"damage":16,"enemies":"Spheric Guardian","floor":18,"turns":4},{"damage":0,"enemies":"3 Byrds","floor":19,"turns":1},{"damage":8,"enemies":"Snake Plant","floor":22,"turns":4},{"damage":0,"enemies":"Gremlin Leader","floor":23,"turns":5},{"damage":5,"enemies":"3 Cultists","floor":25,"turns":4},{"damage":0,"enemies":"Snecko","floor":28,"turns":4},{"damage":0,"enemies":"Cultist and Chosen","floor":31,"turns":5},{"damage":13,"enemies":"Collector","floor":33,"turns":10},{"damage":0,"enemies":"3 Shapes","floor":35,"turns":2},{"damage":0,"enemies":"Orb Walker","floor":36,"turns":3},{"damage":3,"enemies":"Sphere and 2 Shapes","floor":39,"turns":5},{"damage":70,"enemies":"Time Eater","floor":42,"turns":9}],"seed_played":"-6117309453633823255","potions_obtained":[{"floor":1,"key":"EssenceOfSteel"},{"floor":5,"key":"LiquidBronze"},{"floor":13,"key":"SpeedPotion"},{"floor":14,"key":"AttackPotion"},{"floor":19,"key":"Weak Potion"},{"floor":22,"key":"Fire Potion"},{"floor":28,"key":"LiquidBronze"},{"floor":39,"key":"Regen Potion"}],"is_trial":false,"path_per_floor":["M","?","?","$","M","R","E","?","T","R","E","R","M","M","R","B",null,"M","M","?","?","M","E","R","M","T","R","M","?","$","M","R","B",null,"M","M","$","?","M","R","?","B"],"character_chosen":"THE_SILENT","items_purchased":["Infinite Blades","Noxious Fumes","Cloak And Dagger","GhostInAJar","Accuracy","Snake Skull"],"campfire_rested":2,"item_purchase_floors":[4,30,30,30,37,37],"current_hp_per_floor":[63,63,63,63,63,63,63,63,63,63,26,26,26,26,45,45,60,44,44,44,44,36,36,36,31,31,31,31,31,31,31,50,37,58,58,58,58,50,47,47,47,0],"gold":29,"neow_bonus":"THREE_ENEMY_KILL","is_prod":false,"is_daily":false,"chose_seed":false,"campfire_upgraded":6,"win_rate":0,"timestamp":1551184234,"path_taken":["M","?","?","$","?","R","E","?","T","R","E","R","M","M","R","BOSS","M","M","?","?","M","E","R","M","T","R","M","?","$","M","R","BOSS","M","M","$","?","M","R","?","BOSS"],"build_version":"2019-01-23","purchased_purges":2,"victory":false,"max_hp_per_floor":[70,65,65,65,65,65,65,65,65,65,65,65,65,65,65,65,65,65,65,65,65,65,65,65,65,65,65,65,65,65,65,65,65,65,65,65,65,65,65,65,65,65],"card_choices":[{"not_picked":["Slice","Blade Dance"],"picked":"Leg Sweep","floor":1},{"not_picked":["Escape Plan","Poisoned Stab"],"picked":"Blade Dance","floor":5},{"not_picked":["Distraction","Predator"],"picked":"Caltrops","floor":7},{"not_picked":["Poisoned Stab","Riddle With Holes","Quick Slash"],"picked":"SKIP","floor":11},{"not_picked":["Outmaneuver","PiercingWail"],"picked":"Adrenaline","floor":13},{"not_picked":["Deflect","Quick Slash"],"picked":"Blade Dance","floor":14},{"not_picked":["Dodge and Roll","Underhanded Strike"],"picked":"Cloak And Dagger","floor":15},{"not_picked":["Burst","Doppelganger"],"picked":"Adrenaline","floor":16},{"not_picked":["Acrobatics+1","Expertise"],"picked":"Crippling Poison+1","floor":18},{"not_picked":["Deflect+1","Prepared","Dagger Throw"],"picked":"SKIP","floor":19},{"not_picked":["Poisoned Stab","Flying Knee+1","Bane"],"picked":"SKIP","floor":22},{"not_picked":["Outmaneuver+1","Glass Knife"],"picked":"Caltrops","floor":23},{"not_picked":["Dagger Spray","Deflect"],"picked":"Crippling Poison+1","floor":25},{"not_picked":["Quick Slash+1","Calculated Gamble"],"picked":"Blur+1","floor":28},{"not_picked":["Poisoned Stab","Dagger Throw","Underhanded Strike+1"],"picked":"SKIP","floor":31},{"not_picked":["Doppelganger","Night Terror"],"picked":"Malaise","floor":33},{"not_picked":["Quick Slash","Tactician+1"],"picked":"Prepared+1","floor":35},{"not_picked":["Deflect","Sucker Punch+1"],"picked":"Backstab+1","floor":36},{"not_picked":["Bane+1","Blade Dance+1"],"picked":"Footwork","floor":39}],"player_experience":544559,"relics_obtained":[{"floor":7,"key":"Letter Opener"},{"floor":9,"key":"Sundial"},{"floor":11,"key":"Dream Catcher"},{"floor":23,"key":"FossilizedHelix"},{"floor":26,"key":"Juzu Bracelet"}],"event_choices":[{"damage_healed":0,"gold_gain":0,"player_choice":"Lose Max HP","damage_taken":0,"relics_obtained":["Golden Idol"],"max_hp_gain":0,"max_hp_loss":5,"event_name":"Golden Idol","floor":2,"gold_loss":0},{"cards_removed":["Strike_G"],"damage_healed":0,"gold_gain":0,"player_choice":"Offered Basic","damage_taken":0,"max_hp_gain":0,"max_hp_loss":0,"event_name":"Bonfire Elementals","floor":3,"gold_loss":0},{"damage_healed":0,"gold_gain":0,"player_choice":"Grow","damage_taken":0,"max_hp_gain":0,"max_hp_loss":0,"event_name":"Living Wall","floor":8,"gold_loss":0,"cards_upgraded":["Caltrops"]},{"cards_removed":["Defend_G"],"damage_healed":0,"gold_gain":0,"player_choice":"Gave Gold","damage_taken":0,"max_hp_gain":0,"max_hp_loss":0,"event_name":"Beggar","floor":20,"gold_loss":75},{"damage_healed":0,"gold_gain":0,"player_choice":"Ignored","damage_taken":0,"max_hp_gain":0,"max_hp_loss":0,"event_name":"Ghosts","floor":21,"gold_loss":0},{"damage_healed":0,"gold_gain":0,"player_choice":"Inject Mutagens","damage_taken":0,"relics_obtained":["MutagenicStrength"],"max_hp_gain":0,"max_hp_loss":0,"event_name":"Drug Dealer","floor":29,"gold_loss":0},{"damage_healed":0,"gold_gain":0,"player_choice":"Embrace Madness","damage_taken":8,"max_hp_gain":0,"max_hp_loss":0,"event_name":"Winding Halls","floor":38,"gold_loss":0,"cards_obtained":["Madness","Madness"]},{"damage_healed":0,"gold_gain":0,"player_choice":"Took Portal","damage_taken":0,"max_hp_gain":0,"max_hp_loss":0,"event_name":"SecretPortal","floor":41,"gold_loss":0}],"is_beta":false,"boss_relics":[{"not_picked":["Black Star","HoveringKite"],"picked":"Astrolabe"},{"not_picked":["Velvet Choker","Runic Pyramid"],"picked":"WristBlade"}],"items_purged_floors":[4,30],"is_endless":false,"potions_floor_spawned":[1,5,13,14,19,22,28,39],"killed_by":"Time Eater","ascension_level":10}