{"gold_per_floor":[112,129,129,49,59,88,88,105,158,189,206,219,219,254,254,325,325,344,444,80,96,108,108,142,142,195,214,214,214,241,241,241,318,318,338,393,393,393,493,527,527,538,538,538,279,292,69,87,87,87],"floor_reached":51,"playtime":3050,"items_purged":["Strike_R"],"score":1323,"play_id":"176cc2d7-2b0f-4b37-920b-36994435178a","local_time":"20190226010310","is_ascension_mode":true,"campfire_choices":[{"data":"Shockwave","floor":7,"key":"SMITH"},{"data":"Inflame","floor":13,"key":"SMITH"},{"data":"Metallicize","floor":15,"key":"SMITH"},{"data":"True Grit","floor":23,"key":"SMITH"},{"data":"Feel No Pain","floor":25,"key":"SMITH"},{"data":"Feel No Pain","floor":28,"key":"SMITH"},{"data":"Demon Form","floor":32,"key":"SMITH"},{"data":"Battle Trance","floor":41,"key":"SMITH"},{"floor":44,"key":"REST"},{"data":"Feel No Pain","floor":49,"key":"SMITH"}],"neow_cost":"NONE","seed_source_timestamp":264379437252851,"circlet_count":0,"master_deck":["AscendersBane","Strike_R","Defend_R","Defend_R","Defend_R+1","Defend_R","Bash","Shockwave+1","Pommel Strike","Inflame+1","Thunderclap","Anger","Metallicize+1","Battle Trance+1","Feel No Pain+1","Metallicize","Reaper","Havoc","Feel No Pain+1","Burning Pact","True Grit+1","True Grit","Corruption+1","Necronomicurse","Demon Form+1","Exhume","Shockwave","Madness","Madness+1","Whirlwind","Ghostly Armor+1","Feel No Pain+1","Battle Trance"],"relics":["Burning Blood","Bottled Lightning","Dream Catcher","Anchor","Red Skull","Philosopher\u0027s Stone","Charon\u0027s Ashes","Gremlin Horn","Vajra","Pantograph","Tiny Chest","Necronomicon","Champion Belt","Empty Cage","Torii","Gambling Chip","Ornamental Fan","Ice Cream","War Paint","Frozen Eye"],"potions_floor_usage":[10,24,33,50],"damage_taken":[{"damage":5,"enemies":"Small Slimes","floor":1,"turns":4},{"damage":12,"enemies":"Jaw Worm","floor":2,"turns":5},{"damage":5,"enemies":"2 Louse","floor":5,"turns":3},{"damage":35,"enemies":"3 Sentries","floor":6,"turns":7},{"damage":12,"enemies":"Large Slime","floor":8,"turns":5},{"damage":19,"enemies":"Lagavulin","floor":10,"turns":5},{"damage":0,"enemies":"3 Louse","floor":11,"turns":3},{"damage":1,"enemies":"Blue Slaver","floor":12,"turns":4},{"damage":19,"enemies":"3 Sentries","floor":14,"turns":7},{"damage":3,"enemies":"Hexaghost","floor":16,"turns":9},{"damage":0,"enemies":"Chosen","floor":18,"turns":5},{"damage":7,"enemies":"Colosseum Slavers","floor":19,"turns":5},{"damage":34,"enemies":"Colosseum Nobs","floor":19,"turns":5},{"damage":12,"enemies":"Shell Parasite","floor":21,"turns":4},{"damage":2,"enemies":"Cultist and Chosen","floor":22,"turns":6},{"damage":15,"enemies":"Book of Stabbing","floor":24,"turns":5},{"damage":16,"enemies":"Snake Plant","floor":27,"turns":5},{"damage":17,"enemies":"Slavers","floor":30,"turns":5},{"damage":21,"enemies":"Automaton","floor":33,"turns":7},{"damage":1,"enemies":"Orb Walker","floor":35,"turns":5},{"damage":30,"enemies":"2 Orb Walkers","floor":36,"turns":5},{"damage":29,"enemies":"Mind Bloom Boss Battle","floor":39,"turns":8},{"damage":49,"enemies":"Nemesis","floor":40,"turns":5},{"damage":0,"enemies":"3 Shapes","floor":42,"turns":1},{"damage":36,"enemies":"3 Darklings","floor":46,"turns":4},{"damage":17,"enemies":"Maw","floor":48,"turns":8},{"damage":14,"enemies":"Donu and Deca","floor":50,"turns":4}],"seed_played":"4315201107409481262","potions_obtained":[{"floor":6,"key":"Regen Potion"},{"floor":8,"key":"Weak Potion"},{"floor":11,"key":"FearPotion"},{"floor":22,"key":"LiquidBronze"},{"floor":24,"key":"GamblersBrew"},{"floor":33,"key":"FearPotion"},{"floor":46,"key":"Swift Potion"},{"floor":48,"key":"GamblersBrew"}],"is_trial":false,"path_per_floor":["M","M","?","$","M","E","R","M","T","E","M","M","R","E","R","B",null,"M","?","$","M","M","R","E","R","T","M","R","?","E","?","R","B",null,"M","?","?","?","?","E","R","M","T","R","$","M","$","M","R","B",null],"character_chosen":"IRONCLAD","items_purchased":["Inflame","Feel No Pain","Vajra","Burning Pact","Feel No Pain","War Paint","Frozen Eye"],"campfire_rested":1,"item_purchase_floors":[4,20,20,20,45,45,47],"current_hp_per_floor":[76,70,63,63,64,35,35,29,29,30,36,41,41,28,28,31,69,82,74,74,68,82,82,82,82,82,81,81,60,82,82,82,82,82,82,82,82,67,82,39,39,45,45,69,69,82,82,82,82,74],"gold":87,"neow_bonus":"TEN_PERCENT_HP_BONUS","is_prod":false,"is_daily":false,"chose_seed":false,"campfire_upgraded":9,"win_rate":0,"timestamp":1551171790,"path_taken":["M","M","?","$","M","E","R","M","T","E","M","M","R","E","R","BOSS","M","?","$","M","M","R","E","R","T","M","R","?","E","?","R","BOSS","M","?","?","?","?","E","R","M","T","R","$","?","$","M","R","BOSS"],"build_version":"2019-01-23","purchased_purges":1,"victory":true,"max_hp_per_floor":[82,82,82,82,82,82,82,82,82,82,82,82,82,82,82,82,82,82,82,82,82,82,82,82,82,82,82,82,82,82,82,82,82,82,82,82,82,82,82,82,82,82,82,82,82,82,82,82,82,82],"card_choices":[{"not_picked":["Warcry","Fire Breathing"],"picked":"Shockwave","floor":1},{"not_picked":["Havoc","Clash"],"picked":"Pommel Strike","floor":2},{"not_picked":["Entrench","Seeing Red"],"picked":"Thunderclap","floor":5},{"not_picked":["Clash","Body Slam"],"picked":"Anger","floor":6},{"not_picked":["Power Through","Cleave"],"picked":"Metallicize","floor":8},{"not_picked":["Body Slam","Heavy Blade"],"picked":"Battle Trance","floor":10},{"not_picked":["Clothesline","Seeing Red","Rupture"],"picked":"SKIP","floor":11},{"not_picked":["Body Slam","Blood for Blood"],"picked":"Feel No Pain","floor":12},{"not_picked":["Burning Pact","Clothesline"],"picked":"Metallicize","floor":14},{"not_picked":["Bludgeon","Fiend Fire"],"picked":"Reaper","floor":16},{"not_picked":["Shockwave","Sentinel"],"picked":"Havoc","floor":18},{"not_picked":["Clash","Iron Wave"],"picked":"True Grit","floor":21},{"not_picked":["Pommel Strike","Evolve"],"picked":"True Grit","floor":22},{"not_picked":["Wild Strike","Disarm"],"picked":"Corruption+1","floor":24},{"not_picked":["Sever Soul","Thunderclap","Flex"],"picked":"SKIP","floor":27},{"not_picked":["Headbutt+1","Sword Boomerang"],"picked":"Demon Form","floor":30},{"not_picked":["Immolate","Bludgeon"],"picked":"Exhume","floor":33},{"not_picked":["Sever Soul","Clash"],"picked":"Shockwave","floor":35},{"not_picked":["Wild Strike","Dropkick"],"picked":"Whirlwind","floor":39},{"not_picked":["Corruption","Sever Soul+1","Clash"],"picked":"SKIP","floor":40},{"not_picked":["Perfected Strike","Clothesline","Metallicize"],"picked":"SKIP","floor":42},{"not_picked":["Immolate","Second Wind+1"],"picked":"Ghostly Armor+1","floor":44},{"not_picked":["True Grit","Spot Weakness"],"picked":"Battle Trance","floor":46},{"not_picked":["Iron Wave+1","Hemokinesis+1","Perfected Strike"],"picked":"SKIP","floor":48}],"player_experience":863161,"relics_obtained":[{"floor":6,"key":"Bottled Lightning"},{"floor":9,"key":"Dream Catcher"},{"floor":10,"key":"Anchor"},{"floor":14,"key":"Red Skull"},{"floor":19,"key":"Charon\u0027s Ashes"},{"floor":19,"key":"Gremlin Horn"},{"floor":24,"key":"Pantograph"},{"floor":26,"key":"Tiny Chest"},{"floor":29,"key":"Necronomicon"},{"floor":30,"key":"Champion Belt"},{"floor":36,"key":"Torii"},{"floor":39,"key":"Gambling Chip"},{"floor":40,"key":"Ornamental Fan"},{"floor":43,"key":"Ice Cream"}],"event_choices":[{"cards_removed":["Strike_R"],"damage_healed":0,"gold_gain":0,"player_choice":"Card Removal","damage_taken":7,"max_hp_gain":0,"max_hp_loss":0,"event_name":"Golden Wing","floor":3,"gold_loss":0},{"damage_healed":0,"gold_gain":0,"player_choice":"Fight","damage_taken":0,"max_hp_gain":0,"max_hp_loss":0,"event_name":"Colosseum","floor":19,"gold_loss":0},{"damage_healed":0,"gold_gain":0,"player_choice":"Fought Nobs","damage_taken":0,"max_hp_gain":0,"max_hp_loss":0,"event_name":"Colosseum","floor":19,"gold_loss":0},{"damage_healed":0,"gold_gain":0,"player_choice":"Obtained Book","damage_taken":21,"max_hp_gain":0,"max_hp_loss":0,"event_name":"Cursed Tome","floor":29,"gold_loss":0},{"damage_healed":0,"gold_gain":0,"player_choice":"Ignored","damage_taken":0,"max_hp_gain":0,"max_hp_loss":0,"event_name":"The Mausoleum","floor":31,"gold_loss":0},{"damage_healed":0,"gold_gain":0,"player_choice":"Fight","damage_taken":0,"max_hp_gain":0,"max_hp_loss":0,"event_name":"Mysterious Sphere","floor":36,"gold_loss":0},{"damage_healed":0,"gold_gain":0,"player_choice":"Ignored","damage_taken":0,"max_hp_gain":0,"max_hp_loss":0,"event_name":"Tomb of Lord Red Mask","floor":37,"gold_loss":0},{"damage_healed":0,"gold_gain":0,"player_choice":"Embrace Madness","damage_taken":15,"max_hp_gain":0,"max_hp_loss":0,"event_name":"Winding Halls","floor":38,"gold_loss":0,"cards_obtained":["Madness","Madness"]},{"damage_healed":0,"gold_gain":0,"player_choice":"Fight","damage_taken":0,"max_hp_gain":0,"max_hp_loss":0,"event_name":"MindBloom","floor":39,"gold_loss":0}],"is_beta":false,"boss_relics":[{"not_picked":["Astrolabe","Pandora\u0027s Box"],"picked":"Philosopher\u0027s Stone"},{"not_picked":["Eternal Feather","Busted Crown"],"picked":"Empty Cage"}],"items_purged_floors":[20],"is_endless":false,"potions_floor_spawned":[6,8,11,19,22,24,33,36,46,48],"ascension_level":18}