{"gold_per_floor":[18,32,32,32,51,51,83,96,96,116,136,136,170,245,245,342,342,353,370,389,113,124,124,138,138,138,138,148,148,174,193,193,297,347,361,375,386,292,307,307,319,336,409,409,421,421,421,441,441,441],"floor_reached":51,"playtime":2867,"items_purged":["Strike_B"],"score":942,"play_id":"8b331bb2-70e8-4a86-9d68-87bce7a930e6","local_time":"20190225124753","is_ascension_mode":true,"campfire_choices":[{"data":"Hyperbeam","floor":6,"key":"SMITH"},{"data":"Zap","floor":12,"key":"SMITH"},{"floor":15,"key":"REST"},{"data":"Chill","floor":23,"key":"SMITH"},{"data":"Consume","floor":25,"key":"SMITH"},{"data":"Capacitor","floor":29,"key":"SMITH"},{"data":"Go for the Eyes","floor":32,"key":"SMITH"},{"data":"Echo Form","floor":40,"key":"SMITH"},{"data":"Loop","floor":44,"key":"SMITH"},{"data":"Gash","floor":46,"key":"SMITH"},{"floor":49,"key":"REST"}],"neow_cost":"NO_GOLD","seed_source_timestamp":888927572378100,"circlet_count":0,"master_deck":["Strike_B","Strike_B","Strike_B","Defend_B","Defend_B","Defend_B","Defend_B","Zap+1","Dualcast","Hyperbeam+1","Gash+1","Go for the Eyes+1","All For One","Go for the Eyes","Seek","Chill+1","Seek","Conserve Battery","Consume+1","Capacitor+1","Turbo+1","Gash+1","Echo Form+1","Gash+1","Defragment+1","Loop+1","Go for the Eyes+1","Go for the Eyes+1","Beam Cell+1"],"relics":["FrozenCore","Bronze Scales","Bottled Lightning","Runic Capacitor","Meat on the Bone","Nloth\u0027s Gift","Blood Vial","Tiny House","The Courier","Frozen Egg 2"],"potions_floor_usage":[7,16,16,16,30,33,45,45,50,50,50,50],"damage_taken":[{"damage":1,"enemies":"Cultist","floor":1,"turns":3},{"damage":6,"enemies":"2 Louse","floor":2,"turns":3},{"damage":0,"enemies":"Small Slimes","floor":5,"turns":1},{"damage":20,"enemies":"Lagavulin","floor":7,"turns":6},{"damage":0,"enemies":"Exordium Thugs","floor":8,"turns":1},{"damage":7,"enemies":"3 Louse","floor":10,"turns":2},{"damage":0,"enemies":"Exordium Wildlife","floor":11,"turns":1},{"damage":4,"enemies":"Gremlin Nob","floor":13,"turns":3},{"damage":36,"enemies":"The Guardian","floor":16,"turns":13},{"damage":23,"enemies":"Shell Parasite","floor":18,"turns":6},{"damage":3,"enemies":"Chosen","floor":19,"turns":6},{"damage":2,"enemies":"Centurion and Healer","floor":20,"turns":5},{"damage":14,"enemies":"Snake Plant","floor":22,"turns":5},{"damage":0,"enemies":"Chosen and Byrds","floor":24,"turns":6},{"damage":0,"enemies":"3 Cultists","floor":28,"turns":5},{"damage":9,"enemies":"Gremlin Leader","floor":30,"turns":9},{"damage":0,"enemies":"Snake Plant","floor":31,"turns":5},{"damage":16,"enemies":"Automaton","floor":33,"turns":12},{"damage":0,"enemies":"3 Darklings","floor":35,"turns":4},{"damage":0,"enemies":"Orb Walker","floor":36,"turns":4},{"damage":9,"enemies":"Maw","floor":37,"turns":8},{"damage":4,"enemies":"Spire Growth","floor":39,"turns":6},{"damage":0,"enemies":"Sphere and 2 Shapes","floor":41,"turns":8},{"damage":15,"enemies":"4 Shapes","floor":42,"turns":8},{"damage":20,"enemies":"Transient","floor":45,"turns":5},{"damage":0,"enemies":"Maw","floor":48,"turns":9},{"damage":67,"enemies":"Time Eater","floor":50,"turns":14}],"seed_played":"8006765003211303393","potions_obtained":[{"floor":1,"key":"LiquidBronze"},{"floor":5,"key":"Weak Potion"},{"floor":8,"key":"Swift Potion"},{"floor":13,"key":"Block Potion"},{"floor":19,"key":"Dexterity Potion"},{"floor":28,"key":"GamblersBrew"},{"floor":30,"key":"PowerPotion"},{"floor":33,"key":"Dexterity Potion"},{"floor":34,"key":"Fire Potion"},{"floor":35,"key":"AttackPotion"},{"floor":36,"key":"Swift Potion"},{"floor":42,"key":"Fire Potion"},{"floor":45,"key":"Poison Potion"}],"is_trial":false,"path_per_floor":["M","M","$","?","M","R","E","M","T","M","M","R","E","?","R","B",null,"M","M","M","$","M","R","M","R","T","?","M","R","E","M","R","B",null,"M","M","M","?","M","R","M","M","T","R","M","R","?","M","R","B",null],"character_chosen":"DEFECT","items_purchased":["Runic Capacitor"],"campfire_rested":2,"item_purchase_floors":[21],"current_hp_per_floor":[67,61,61,61,61,61,41,41,41,34,34,34,30,19,41,5,58,35,32,30,30,16,16,16,16,16,16,28,28,31,45,45,43,72,74,76,69,69,67,67,69,56,56,56,50,50,50,52,76,23],"gold":441,"neow_bonus":"THREE_RARE_CARDS","is_prod":false,"is_daily":false,"chose_seed":false,"campfire_upgraded":9,"win_rate":0,"timestamp":1551095273,"path_taken":["M","M","$","?","M","R","E","M","T","M","M","R","E","?","R","BOSS","M","M","M","$","M","R","M","R","T","?","?","R","E","M","R","BOSS","M","M","M","?","M","R","M","?","T","R","M","R","?","M","R","BOSS"],"build_version":"2019-01-23","purchased_purges":1,"victory":true,"max_hp_per_floor":[75,75,75,75,75,75,75,75,75,75,75,75,75,75,75,75,75,75,75,75,75,75,75,75,75,75,75,75,75,75,75,75,75,80,80,80,80,80,80,80,80,80,80,80,80,80,80,80,80,80],"card_choices":[{"not_picked":["Buffer","Thunder Strike"],"picked":"Hyperbeam","floor":0},{"not_picked":["Rip and Tear","Streamline","Hologram"],"picked":"SKIP","floor":1},{"not_picked":["Beam Cell","Redo","Hologram"],"picked":"SKIP","floor":2},{"not_picked":["Recycle","Streamline"],"picked":"Gash","floor":5},{"not_picked":["Glacier","Compile Driver"],"picked":"Go for the Eyes","floor":7},{"not_picked":["Heatsinks","Redo"],"picked":"All For One","floor":8},{"not_picked":["Reprogram","Stack"],"picked":"Go for the Eyes","floor":10},{"not_picked":["Cold Snap","Compile Driver"],"picked":"Seek","floor":11},{"not_picked":["Conserve Battery","Hello World"],"picked":"Chill","floor":13},{"not_picked":["Rainbow","Fission"],"picked":"Seek","floor":16},{"not_picked":["Hologram","Streamline"],"picked":"Conserve Battery","floor":18},{"not_picked":["Fusion+1","Defragment"],"picked":"Consume","floor":19},{"not_picked":["Stack","Consume+1"],"picked":"Capacitor","floor":20},{"not_picked":["Coolheaded","Melter+1"],"picked":"Turbo+1","floor":22},{"not_picked":["Cold Snap+1","Coolheaded","Aggregate"],"picked":"SKIP","floor":24},{"not_picked":["Cold Snap","Thunder Strike","Steam"],"picked":"SKIP","floor":28},{"not_picked":["Ball Lightning","Creative AI","Redo"],"picked":"SKIP","floor":30},{"not_picked":["Leap","Reprogram"],"picked":"Gash+1","floor":31},{"not_picked":["Buffer","Biased Cognition"],"picked":"Echo Form","floor":33},{"not_picked":["Steam+1","Heatsinks"],"picked":"Gash","floor":34},{"not_picked":["Barrage+1","Rebound+1"],"picked":"Defragment+1","floor":35},{"not_picked":["Redo","Undo"],"picked":"Loop","floor":36},{"not_picked":["Leap+1","Compile Driver+1","Loop"],"picked":"SKIP","floor":37},{"not_picked":["Recycle+1","Reprogram","Electrodynamics"],"picked":"SKIP","floor":39},{"not_picked":["Hologram","Stack+1"],"picked":"Go for the Eyes+1","floor":41},{"not_picked":["Force Field+1","Stack+1"],"picked":"Go for the Eyes+1","floor":42},{"not_picked":["Sweeping Beam+1","Glacier"],"picked":"Beam Cell+1","floor":45},{"not_picked":["Streamline","Hologram","Coolheaded+1"],"picked":"SKIP","floor":48}],"player_experience":488872,"relics_obtained":[{"floor":7,"key":"Potion Belt"},{"floor":9,"key":"Bronze Scales"},{"floor":13,"key":"Bottled Lightning"},{"floor":26,"key":"Meat on the Bone"},{"floor":30,"key":"Blood Vial"},{"floor":43,"key":"Frozen Egg 2"}],"event_choices":[{"damage_healed":0,"gold_gain":0,"player_choice":"Leave","damage_taken":0,"max_hp_gain":0,"max_hp_loss":0,"event_name":"The Cleric","floor":4,"gold_loss":0},{"damage_healed":0,"gold_gain":75,"player_choice":"Gather Gold","damage_taken":11,"max_hp_gain":0,"max_hp_loss":0,"event_name":"World of Goop","floor":14,"gold_loss":0},{"damage_healed":0,"gold_gain":0,"player_choice":"Traded Relic","damage_taken":0,"relics_obtained":["Nloth\u0027s Gift"],"max_hp_gain":0,"max_hp_loss":0,"event_name":"N\u0027loth","floor":27,"relics_lost":["Potion Belt"],"gold_loss":0},{"damage_healed":0,"gold_gain":0,"player_choice":"Paid Gold","damage_taken":0,"relics_obtained":["The Courier"],"max_hp_gain":0,"max_hp_loss":0,"event_name":"WeMeetAgain","floor":38,"gold_loss":94},{"damage_healed":0,"gold_gain":0,"player_choice":"Memory 1","damage_taken":0,"max_hp_gain":0,"max_hp_loss":0,"event_name":"SensoryStone","floor":47,"gold_loss":0}],"is_beta":false,"boss_relics":[{"not_picked":["Sozu","Calling Bell"],"picked":"FrozenCore"},{"not_picked":["Black Star","Coffee Dripper"],"picked":"Tiny House"}],"items_purged_floors":[21],"is_endless":false,"potions_floor_spawned":[1,5,8,13,19,28,30,33,35,36,42,45],"ascension_level":8}