{"gold_per_floor":[112,125,143,158,14,45,45,79,79,93,93,103,117,146,146,244,244,257,271,271,291,99,99],"floor_reached":23,"playtime":1281,"items_purged":["Defend_R","Defend_R"],"score":328,"play_id":"56950ca8-cbbc-4f16-87eb-35a061aeeb66","local_time":"20190228001510","is_ascension_mode":true,"campfire_choices":[{"data":"Juggernaut","floor":7,"key":"SMITH"},{"data":"Metallicize","floor":11,"key":"SMITH"},{"data":"Perfected Strike","floor":15,"key":"SMITH"}],"neow_cost":"NONE","seed_source_timestamp":1104559686141282,"circlet_count":0,"master_deck":["AscendersBane","Strike_R","Strike_R","Strike_R","Strike_R","Strike_R","Defend_R","Defend_R","Bash","Flame Barrier","Iron Wave","Shrug It Off","Metallicize+1","Juggernaut+1","Headbutt","Iron Wave","Perfected Strike+1","Pommel Strike","Fiend Fire","Whirlwind","True Grit+1","Shockwave","Body Slam"],"relics":["Burning Blood","Blood Vial","Question Card","Singing Bowl","Bottled Flame","Odd Mushroom","Mark of Pain"],"potions_floor_usage":[6,8,16,20,23],"damage_taken":[{"damage":1,"enemies":"2 Louse","floor":1,"turns":2},{"damage":13,"enemies":"Jaw Worm","floor":2,"turns":4},{"damage":3,"enemies":"Cultist","floor":3,"turns":5},{"damage":4,"enemies":"3 Louse","floor":4,"turns":5},{"damage":23,"enemies":"3 Sentries","floor":6,"turns":17},{"damage":12,"enemies":"Lagavulin","floor":8,"turns":6},{"damage":10,"enemies":"Blue Slaver","floor":10,"turns":3},{"damage":9,"enemies":"Red Slaver","floor":12,"turns":3},{"damage":1,"enemies":"2 Fungi Beasts","floor":13,"turns":5},{"damage":7,"enemies":"The Mushroom Lair","floor":14,"turns":5},{"damage":34,"enemies":"Slime Boss","floor":16,"turns":11},{"damage":16,"enemies":"Spheric Guardian","floor":18,"turns":5},{"damage":37,"enemies":"2 Thieves","floor":19,"turns":4},{"damage":22,"enemies":"Colosseum Slavers","floor":20,"turns":4},{"damage":19,"enemies":"Shelled Parasite and Fungi","floor":21,"turns":5},{"damage":34,"enemies":"Slavers","floor":23,"turns":4}],"seed_played":"-6475782491698477925","potions_obtained":[{"floor":2,"key":"Swift Potion"},{"floor":6,"key":"PowerPotion"},{"floor":10,"key":"Block Potion"},{"floor":13,"key":"FairyPotion"},{"floor":18,"key":"Fire Potion"},{"floor":21,"key":"Block Potion"}],"is_trial":false,"path_per_floor":["M","M","M","M","$","E","R","E","T","M","R","M","M","?","R","B",null,"M","M","?","M","$","E"],"character_chosen":"IRONCLAD","items_purchased":["Metallicize","Shockwave","Body Slam"],"campfire_rested":0,"item_purchase_floors":[5,22,22],"current_hp_per_floor":[79,73,78,80,80,63,63,59,59,57,57,56,63,66,66,40,72,64,37,23,12,12,0],"gold":99,"neow_bonus":"RANDOM_COMMON_RELIC","is_prod":false,"is_daily":false,"chose_seed":false,"campfire_upgraded":3,"win_rate":0,"timestamp":1551309310,"path_taken":["M","M","M","M","$","E","R","E","T","M","R","M","M","?","R","BOSS","M","M","?","M","$","E"],"build_version":"2019-01-23","purchased_purges":2,"victory":false,"max_hp_per_floor":[80,80,80,80,80,80,80,80,80,80,80,80,80,82,82,82,82,82,84,84,84,84,84],"card_choices":[{"not_picked":["Wild Strike","Clothesline","Sword Boomerang"],"picked":"SKIP","floor":1},{"not_picked":["True Grit","Sword Boomerang"],"picked":"Flame Barrier","floor":2},{"not_picked":["Flex","Bloodletting"],"picked":"Iron Wave","floor":3},{"not_picked":["Thunderclap","Iron Wave"],"picked":"Shrug It Off","floor":4},{"not_picked":["Pommel Strike","Demon Form"],"picked":"Juggernaut","floor":6},{"not_picked":["Intimidate","Rage","Evolve"],"picked":"Headbutt","floor":8},{"not_picked":["Second Wind","Intimidate","Wild Strike"],"picked":"Iron Wave","floor":10},{"not_picked":["Cleave","Armaments","Entrench"],"picked":"Perfected Strike","floor":12},{"not_picked":["Twin Strike","Clash","Havoc"],"picked":"Pommel Strike","floor":13},{"not_picked":["Bloodletting","Juggernaut","Flame Barrier","Searing Blow"],"picked":"Singing Bowl","floor":14},{"not_picked":["Berserk","Bludgeon","Demon Form"],"picked":"Fiend Fire","floor":16},{"not_picked":["Burning Pact","Rampage","Cleave+1"],"picked":"Whirlwind","floor":18},{"not_picked":["Burning Pact","Uppercut","Inflame","Warcry"],"picked":"Singing Bowl","floor":19},{"not_picked":["Body Slam","Shrug It Off","Seeing Red"],"picked":"True Grit+1","floor":21}],"player_experience":624222,"relics_obtained":[{"floor":6,"key":"Question Card"},{"floor":8,"key":"Singing Bowl"},{"floor":9,"key":"Bottled Flame"},{"floor":14,"key":"Odd Mushroom"}],"event_choices":[{"damage_healed":0,"gold_gain":0,"player_choice":"Fought Mushrooms","damage_taken":0,"max_hp_gain":0,"max_hp_loss":0,"event_name":"Mushrooms","floor":14,"gold_loss":0},{"damage_healed":0,"gold_gain":0,"player_choice":"Fight","damage_taken":0,"max_hp_gain":0,"max_hp_loss":0,"event_name":"Colosseum","floor":20,"gold_loss":0},{"damage_healed":0,"gold_gain":0,"player_choice":"Fled From Nobs","damage_taken":0,"max_hp_gain":0,"max_hp_loss":0,"event_name":"Colosseum","floor":20,"gold_loss":0}],"is_beta":false,"boss_relics":[{"not_picked":["Eternal Feather","Fusion Hammer"],"picked":"Mark of Pain"}],"items_purged_floors":[5,22],"is_endless":false,"potions_floor_spawned":[2,6,10,13,14,18,21],"killed_by":"Slavers","ascension_level":12}