{"path_per_floor":["M","M","M","$","?","R","E","R","T","M","E","M","E","M","R","B",null,"M","?","$","?","$","R"],"character_chosen":"DEFECT","items_purchased":["Cold Snap","Turbo","Leap","Mind Blast"],"gold_per_floor":[118,138,151,22,22,22,56,56,56,68,102,114,148,162,162,236,236,254,254,201,201,51,51,51],"floor_reached":24,"campfire_rested":1,"playtime":1948,"item_purchase_floors":[4,20,22,22],"current_hp_per_floor":[64,61,61,61,61,61,41,62,62,54,44,44,32,32,32,25,60,55,55,55,35,35,35,0],"items_purged":["Strike_B"],"gold":51,"score":400,"play_id":"2be63d76-c0c8-4cb9-bf33-4c3ce2809a5a","local_time":"20180520162506","is_prod":false,"is_daily":false,"chose_seed":false,"is_ascension_mode":true,"campfire_upgraded":3,"timestamp":1526858706,"campfire_choices":[{"data":"Go for the Eyes","floor":6,"key":"SMITH"},{"floor":8,"key":"REST"},{"data":"Barrage","floor":15,"key":"SMITH"},{"data":"Mind Blast","floor":23,"key":"SMITH"}],"path_taken":["M","M","M","$","?","R","E","R","T","?","E","M","E","?","R","BOSS","M","?","$","?","$","R","E"],"build_version":"2018-05-18","seed_source_timestamp":209005671560426,"purchased_purges":1,"victory":false,"master_deck":["Defend_B","Defend_B","Defend_B","Defend_B","Zap+1","Dualcast","AscendersBane","Beam Cell+1","Rebound","Go for the Eyes+1","Cold Snap","Streamline","Rainbow","Chill","Barrage+1","Skim","Leap","Beam Cell+1","Cold Snap+1","FTL+1","Skim","Turbo","Ghostly","Ghostly","Ghostly","Ghostly","Ghostly","Leap","Mind Blast+1"],"max_hp_per_floor":[71,71,71,71,71,71,71,71,71,71,71,71,71,71,71,71,71,71,71,71,35,35,35,35],"relics":["Cracked Core","Lantern","Smiling Mask","Art of War","Bottled Flame","Astrolabe"],"card_choices":[{"not_picked":["Turbo","Skim"],"picked":"Beam Cell","floor":1},{"not_picked":["Hello World","Beam Cell"],"picked":"Rebound","floor":2},{"not_picked":["Coolheaded","Axe Kick"],"picked":"Go for the Eyes","floor":3},{"not_picked":["Loop","Blizzard"],"picked":"Streamline","floor":7},{"not_picked":["Capacitor","Coolheaded"],"picked":"Rainbow","floor":10},{"not_picked":["Hologram","Thunder Strike"],"picked":"Chill","floor":11},{"not_picked":["Sunder","Streamline"],"picked":"Barrage","floor":12},{"not_picked":["Streamline","Sweeping Beam"],"picked":"Skim","floor":13},{"not_picked":["Thunder Strike","Turbo"],"picked":"Leap","floor":14},{"not_picked":["Axe Kick","Chaos","Melter"],"picked":"SKIP","floor":18}],"player_experience":1534837,"potions_floor_usage":[7,11,24,24,24],"damage_taken":[{"damage":0,"enemies":"2 Louse","floor":1,"turns":2},{"damage":3,"enemies":"Small Slimes","floor":2,"turns":3},{"damage":0,"enemies":"Cultist","floor":3,"turns":3},{"damage":20,"enemies":"Gremlin Nob","floor":7,"turns":5},{"damage":8,"enemies":"Gremlin Gang","floor":10,"turns":4},{"damage":10,"enemies":"3 Sentries","floor":11,"turns":7},{"damage":0,"enemies":"Exordium Wildlife","floor":12,"turns":3},{"damage":12,"enemies":"Lagavulin","floor":13,"turns":5},{"damage":0,"enemies":"3 Louse","floor":14,"turns":3},{"damage":7,"enemies":"The Guardian","floor":16,"turns":9},{"damage":5,"enemies":"Spheric Guardian","floor":18,"turns":3},{"damage":36,"enemies":"Gremlin Leader","floor":24,"turns":7}],"relics_obtained":[{"floor":7,"key":"Lantern"},{"floor":9,"key":"Smiling Mask"},{"floor":11,"key":"Art of War"},{"floor":13,"key":"Bottled Flame"}],"event_choices":[{"event_name":"Living Wall","player_choice":"Grow","floor":5,"damage_taken":0},{"event_name":"The Library","player_choice":"Read","floor":19,"damage_taken":0},{"event_name":"Ghosts","player_choice":"Became a Ghost","floor":21,"damage_taken":0}],"boss_relics":[{"not_picked":["Lizard Tail","Tiny House"],"picked":"Astrolabe"}],"items_purged_floors":[4],"potions_floor_spawned":[3,7,10,12,16],"seed_played":"-7821997357344790088","killed_by":"Gremlin Leader","ascension_level":15,"potions_obtained":[{"floor":3,"key":"SkillPotion"},{"floor":7,"key":"Swift Potion"},{"floor":10,"key":"Explosive Potion"},{"floor":12,"key":"Explosive Potion"},{"floor":16,"key":"Strength Potion"}],"is_trial":false}