{"path_per_floor":["M","M","M","M","?","R","E","M","T","R","?","R","M","$","R","B",null,"M","?","?","?","$","R","E","R","T","$","M","R","E","M","R","B",null,"M","M","M","?","?","R","?","R","T","E","$","M","R","M","R","B"],"character_chosen":"THE_SILENT","items_purchased":["Regen Potion","Footwork","Catalyst","Poison Potion","Master of Strategy","Energy Potion"],"gold_per_floor":[109,124,137,153,153,153,187,201,225,225,225,225,242,119,119,215,215,204,204,204,174,99,99,127,127,127,6,22,22,55,65,65,160,160,176,193,203,255,255,255,255,255,255,284,45,61,61,81,81,81],"floor_reached":51,"campfire_rested":1,"playtime":6138,"current_hp_per_floor":[56,56,56,48,53,53,26,8,8,8,8,8,23,23,23,7,51,49,49,40,40,40,40,41,41,41,41,41,41,22,21,42,34,61,46,44,39,31,31,31,60,60,60,56,56,60,60,49,49,36],"items_purged":["Strike_G"],"gold":81,"play_id":"64060686-12ca-4411-b325-2db7afb64d88","is_prod":false,"is_daily":false,"is_ascension_mode":true,"campfire_upgraded":5,"path_taken":["M","M","M","M","?","R","E","M","T","R","?","R","?","$","R","BOSS","M","?","?","?","?","R","E","R","T","$","?","R","E","M","R","BOSS","M","M","M","?","?","R","?","R","T","E","$","M","R","M","R","BOSS"],"build_version":"2018-02-01-PROD3","purchased_purges":1,"victory":true,"master_deck":["Defend_G+1","Defend_G+1","Defend_G+1","Defend_G+1","Defend_G+1","Survivor","Neutralize+1","Deadly Poison+1","PiercingWail","Dagger Throw","Footwork+1","Deadly Poison+1","After Image","Noxious Fumes+1","Footwork+1","Catalyst","Acrobatics","Leg Sweep+1","Dodge and Roll+1","PiercingWail+1","Catalyst+1","Deflect+1","Master of Strategy+1","Noxious Fumes"],"max_hp_per_floor":[60,60,60,60,65,65,65,65,65,65,65,65,65,65,65,65,65,65,65,70,70,70,70,70,70,70,70,70,70,70,70,70,70,70,70,70,70,70,70,70,60,60,60,60,60,60,60,60,60,60],"relics":["Ring of the Snake","Shovel","Snake Skull","Gremlin Horn","Runic Dome","Peace Pipe","Mercury Hourglass","Toxic Egg 2","Lizard Tail","Sundial","Bird Faced Urn","Prayer Wheel","Ginger","Meat on the Bone"],"card_choices":[{"not_picked":["Acrobatics","Flying Knee"],"picked":"Deadly Poison"},{"not_picked":["Quick Slash","Deflect"],"picked":"PiercingWail"},{"not_picked":["Masterful Stab","Choke"],"picked":"Dagger Throw"},{"not_picked":["Backflip","Eviscerate"],"picked":"Footwork"},{"not_picked":["Choke","Outmaneuver"],"picked":"Deadly Poison"},{"not_picked":["Phantasmal Killer","Die Die Die"],"picked":"After Image"},{"not_picked":["Masterful Stab","Footwork"],"picked":"Noxious Fumes"},{"not_picked":["Deadly Poison","Dagger Throw"],"picked":"Acrobatics"},{"not_picked":["Choke","Unload"],"picked":"Leg Sweep"},{"not_picked":["Infinite Blades","Sucker Punch"],"picked":"Dodge and Roll"},{"not_picked":["Dagger Throw","Riddle With Holes"],"picked":"PiercingWail"},{"not_picked":["Slice","Heel Hook"],"picked":"Catalyst"},{"not_picked":["Underhanded Strike","Bullet Time"],"picked":"Deflect"},{"not_picked":["Flying Knee","PiercingWail"],"picked":"Noxious Fumes"}],"player_experience":550239,"potions_floor_usage":[7,13,16,16,18,24,24,33,35,38,50,50,50],"damage_taken":[{"damage":4,"enemies":"Cultist","floor":1,"turns":5},{"damage":0,"enemies":"Small Slimes","floor":2,"turns":6},{"damage":0,"enemies":"2 Louse","floor":3,"turns":4},{"damage":8,"enemies":"Gremlin Gang","floor":4,"turns":7},{"damage":27,"enemies":"Lagavulin","floor":7,"turns":8},{"damage":18,"enemies":"Exordium Wildlife","floor":8,"turns":9},{"damage":0,"enemies":"Lots of Slimes","floor":13,"turns":6},{"damage":31,"enemies":"Slime Boss","floor":16,"turns":13},{"damage":2,"enemies":"2 Thieves","floor":18,"turns":4},{"damage":14,"enemies":"Slavers","floor":24,"turns":6},{"damage":0,"enemies":"Shell Parasite","floor":28,"turns":4},{"damage":19,"enemies":"Gremlin Leader","floor":30,"turns":7},{"damage":1,"enemies":"Snecko","floor":31,"turns":4},{"damage":8,"enemies":"Collector","floor":33,"turns":8},{"damage":15,"enemies":"3 Darklings","floor":35,"turns":7},{"damage":2,"enemies":"3 Shapes","floor":36,"turns":6},{"damage":5,"enemies":"3 Darklings","floor":37,"turns":7},{"damage":8,"enemies":"Mysterious Sphere","floor":38,"turns":4},{"damage":4,"enemies":"Nemesis","floor":44,"turns":7},{"damage":0,"enemies":"Maw","floor":46,"turns":7},{"damage":15,"enemies":"4 Shapes","floor":48,"turns":5},{"damage":70,"enemies":"Awakened One","floor":50,"turns":16}],"event_choices":[{"event_name":"Big Fish","player_choice":"Donut","floor":5,"damage_taken":0},{"event_name":"The Lab","player_choice":"Got Potions","floor":11,"damage_taken":0},{"event_name":"Back to Basics","player_choice":"Simplicity","floor":19,"damage_taken":0},{"event_name":"Forgotten Altar","player_choice":"Shed Blood","floor":20,"damage_taken":0},{"event_name":"The Woman in Blue","player_choice":"Bought 2 Potions","floor":21,"damage_taken":0},{"event_name":"Mysterious Sphere","player_choice":"Fight","floor":38,"damage_taken":0},{"event_name":"The Moai Head","player_choice":"Heal","floor":41,"damage_taken":0}],"boss_relics":[{"not_picked":["Black Star","Sozu"],"picked":"Runic Dome"},{"not_picked":["Calling Bell","Eternal Feather"],"picked":"Lizard Tail"}],"potions_floor_spawned":[2,8,16,24,30,33,35,48],"seed_played":"-5812676549116221584","ascension_level":10,"is_trial":false}