{"path_per_floor":["M","M","M","M","$","R","E","?","T","M","E","?","M"],"character_chosen":"IRONCLAD","items_purchased":["Bag of Preparation"],"gold_per_floor":[112,128,139,152,6,6,32,32,32,2,27,50,70],"floor_reached":14,"campfire_rested":0,"playtime":1903,"current_hp_per_floor":[79,80,73,66,66,66,37,37,37,40,45,25,7],"items_purged":[],"gold":70,"score":100,"play_id":"84c3bc16-aa9d-49dc-93ca-3e20a828e260","is_prod":false,"is_daily":false,"is_ascension_mode":false,"campfire_upgraded":1,"path_taken":["M","M","M","M","$","R","E","?","T","?","E","?","M","M"],"build_version":"2018-02-15-PROD1","purchased_purges":2,"victory":false,"master_deck":["Strike_R","Strike_R","Strike_R","Strike_R","Strike_R","Defend_R","Defend_R","Defend_R","Defend_R","Evolve+1","Seeing Red","Thunderclap","Dark Embrace","Demon Form","Corruption","Armaments","Metallicize","Shrug It Off"],"max_hp_per_floor":[80,80,80,80,80,80,80,80,80,80,80,80,80],"relics":["Burning Blood","Bag of Preparation","Kunai","Blood Vial","Torii","Odd Mushroom"],"card_choices":[{"not_picked":["Twin Strike","Armaments"],"picked":"Evolve"},{"not_picked":["Sword Boomerang","Clash"],"picked":"Seeing Red"},{"not_picked":["Armaments","Perfected Strike"],"picked":"Thunderclap"},{"not_picked":["Thunderclap","Fire Breathing"],"picked":"Dark Embrace"},{"not_picked":["Shrug It Off","Evolve"],"picked":"Demon Form"},{"not_picked":["Wild Strike","Sword Boomerang"],"picked":"Armaments"},{"not_picked":["Perfected Strike","True Grit"],"picked":"Metallicize"},{"not_picked":["Rage","Clash"],"picked":"Shrug It Off"}],"player_experience":56522,"potions_floor_usage":[7,13,13],"damage_taken":[{"damage":7,"enemies":"Small Slimes","floor":1,"turns":4},{"damage":1,"enemies":"Cultist","floor":2,"turns":3},{"damage":13,"enemies":"2 Louse","floor":3,"turns":4},{"damage":13,"enemies":"Blue Slaver","floor":4,"turns":5},{"damage":35,"enemies":"Gremlin Nob","floor":7,"turns":5},{"damage":5,"enemies":"Looter","floor":10,"turns":4},{"damage":3,"enemies":"Lagavulin","floor":11,"turns":7},{"damage":28,"enemies":"The Mushroom Lair","floor":12,"turns":5},{"damage":26,"enemies":"Exordium Thugs","floor":13,"turns":6},{"damage":9,"enemies":"Exordium Wildlife","floor":14,"turns":8}],"event_choices":[{"event_name":"Transmorgrifier","player_choice":"Transform","floor":8,"damage_taken":0},{"event_name":"Mushrooms","player_choice":"Fought Mushrooms","floor":12,"damage_taken":0}],"boss_relics":[],"potions_floor_spawned":[1,4,7],"seed_played":"-6958558697217593068","killed_by":"Exordium Wildlife","ascension_level":0,"is_trial":false}