{"gold_per_floor":[117,127,127,146,146,146,173,193,193,193,204,204,204,221,221,221],"floor_reached":16,"playtime":652,"items_purged":[],"score":102,"play_id":"ebd70295-52fb-4ed6-92a5-5cc48f2febe2","local_time":"20190227113643","is_ascension_mode":false,"campfire_choices":[{"data":"Bash","floor":6,"key":"SMITH"},{"data":"Body Slam","floor":12,"key":"SMITH"},{"data":"True Grit","floor":15,"key":"SMITH"}],"neow_cost":"NONE","seed_source_timestamp":3772301788212490,"circlet_count":0,"master_deck":["Strike_R","Strike_R","Strike_R","Strike_R","Strike_R","Defend_R","Defend_R","Defend_R","Defend_R","Bash+1","Rampage","Cleave","True Grit+1","Body Slam+1","Entrench","Shrug It Off","Fire Breathing"],"relics":["Burning Blood"],"potions_floor_usage":[7,16],"damage_taken":[{"damage":0,"enemies":"2 Louse","floor":1,"turns":2},{"damage":6,"enemies":"Jaw Worm","floor":2,"turns":4},{"damage":1,"enemies":"Cultist","floor":4,"turns":3},{"damage":40,"enemies":"Lagavulin","floor":7,"turns":8},{"damage":8,"enemies":"Large Slime","floor":8,"turns":5},{"damage":10,"enemies":"Looter","floor":11,"turns":3},{"damage":5,"enemies":"Lots of Slimes","floor":14,"turns":4},{"damage":56,"enemies":"The Guardian","floor":16,"turns":16}],"seed_played":"-8858951112249396428","potions_obtained":[{"floor":4,"key":"Weak Potion"},{"floor":8,"key":"SpeedPotion"},{"floor":11,"key":"Fire Potion"}],"is_trial":false,"path_per_floor":["M","M","?","M","?","R","E","M","T","?","M","R","T","M","R","B"],"character_chosen":"IRONCLAD","items_purchased":[],"campfire_rested":0,"item_purchase_floors":[],"current_hp_per_floor":[88,88,88,88,88,88,54,52,52,57,53,53,53,54,54,0],"gold":221,"neow_bonus":"TEN_PERCENT_HP_BONUS","is_prod":false,"is_daily":false,"chose_seed":false,"campfire_upgraded":3,"win_rate":0,"timestamp":1551285403,"path_taken":["M","M","?","M","?","R","E","M","T","?","?","R","?","M","R","BOSS"],"build_version":"2019-02-06","purchased_purges":0,"victory":false,"max_hp_per_floor":[88,88,88,88,88,88,88,88,88,93,93,93,93,93,93,93],"card_choices":[{"not_picked":["Armaments","Sword Boomerang"],"picked":"Rampage","floor":1},{"not_picked":["Twin Strike","Second Wind"],"picked":"Cleave","floor":2},{"not_picked":["Thunderclap","Anger"],"picked":"True Grit","floor":4},{"not_picked":["Carnage","Rampage"],"picked":"Body Slam","floor":7},{"not_picked":["Wild Strike","Clash"],"picked":"Entrench","floor":8},{"not_picked":["Reaper","Perfected Strike"],"picked":"Shrug It Off","floor":11},{"not_picked":["Ghostly Armor","Flex"],"picked":"Fire Breathing","floor":14}],"player_experience":282097,"relics_obtained":[],"event_choices":[{"damage_healed":0,"gold_gain":0,"player_choice":"Ignored","damage_taken":0,"max_hp_gain":0,"max_hp_loss":0,"event_name":"Liars Game","floor":3,"gold_loss":0},{"damage_healed":0,"gold_gain":0,"player_choice":"Fled","damage_taken":0,"max_hp_gain":0,"max_hp_loss":0,"event_name":"Scrap Ooze","floor":5,"gold_loss":0},{"damage_healed":0,"gold_gain":0,"player_choice":"Donut","damage_taken":0,"max_hp_gain":5,"max_hp_loss":0,"event_name":"Big Fish","floor":10,"gold_loss":0}],"is_beta":true,"boss_relics":[],"items_purged_floors":[],"is_endless":false,"potions_floor_spawned":[4,8,11],"killed_by":"The Guardian","ascension_level":0}