{"path_per_floor":["M","?","M","?","M","R","E","R","T","R","M","M","M","$","R","B",null,"M","M","?","?","M","R","M","M","T","R","?","$","M","?","R","B",null,"M","M","M","M"],"character_chosen":"IRONCLAD","items_purchased":["Shrug It Off","Apotheosis","Inflame"],"gold_per_floor":[112,187,207,157,176,176,202,202,228,228,242,257,267,63,63,163,163,180,191,291,291,302,302,314,334,359,359,359,216,235,160,160,258,258,268,282,301,317],"floor_reached":39,"campfire_rested":1,"playtime":2826,"current_hp_per_floor":[78,67,71,71,77,77,69,69,69,69,67,73,63,63,63,53,80,75,73,73,73,62,62,65,49,49,49,49,49,53,53,77,34,80,80,47,42,22],"items_purged":["Strike_R"],"gold":317,"score":387,"play_id":"aa57b27b-bee4-492c-b265-97dacf2844da","local_time":"20180316162829","is_prod":false,"is_daily":false,"is_ascension_mode":false,"campfire_upgraded":6,"timestamp":1521242909,"path_taken":["M","?","M","?","M","R","E","R","T","R","?","M","M","?","R","BOSS","M","M","?","?","M","R","M","?","T","R","?","$","M","?","R","BOSS","M","M","?","M","M"],"build_version":"2018-03-15v2","purchased_purges":1,"victory":false,"master_deck":["Defend_R","Defend_R","Defend_R","Defend_R","Bash+1","Iron Wave+1","Clash","Thunderclap","Rampage+1","Headbutt","Shrug It Off+1","Apotheosis+1","Havoc+1","Metallicize+1","Headbutt","Inflame","Disarm","True Grit+1","Shrug It Off"],"max_hp_per_floor":[80,80,80,80,80,80,80,80,80,80,80,80,80,80,80,80,80,80,80,80,80,80,80,80,80,80,80,80,80,80,80,80,80,80,80,80,80,80],"relics":["Burning Blood"],"card_choices":[{"not_picked":["Anger","Sword Boomerang"],"picked":"Iron Wave"},{"not_picked":["Anger","Warcry"],"picked":"Clash"},{"not_picked":["True Grit","Sentinel"],"picked":"Thunderclap"},{"not_picked":["True Grit","Reckless Charge"],"picked":"Rampage"},{"not_picked":["Infernal Blade","Power Through"],"picked":"Headbutt"},{"not_picked":["Body Slam","Clash"],"picked":"Havoc"},{"not_picked":["Anger","Shrug It Off"],"picked":"Metallicize"},{"not_picked":["Clothesline","Infernal Blade"],"picked":"Headbutt"},{"not_picked":["Uppercut","Havoc"],"picked":"Disarm"},{"not_picked":["Dropkick","Whirlwind"],"picked":"True Grit"},{"not_picked":["Iron Wave","Ghostly Armor"],"picked":"Shrug It Off"}],"player_experience":260374,"potions_floor_usage":[7,24,24,30,35],"damage_taken":[{"damage":8,"enemies":"Jaw Worm","floor":1,"turns":4},{"damage":2,"enemies":"2 Louse","floor":3,"turns":3},{"damage":0,"enemies":"Cultist","floor":5,"turns":3},{"damage":14,"enemies":"3 Sentries","floor":7,"turns":6},{"damage":8,"enemies":"Red Slaver","floor":11,"turns":2},{"damage":0,"enemies":"Exordium Wildlife","floor":12,"turns":3},{"damage":16,"enemies":"Lots of Slimes","floor":13,"turns":4},{"damage":16,"enemies":"The Guardian","floor":16,"turns":9},{"damage":11,"enemies":"Shell Parasite","floor":18,"turns":7},{"damage":8,"enemies":"Spheric Guardian","floor":19,"turns":4},{"damage":17,"enemies":"3 Cultists","floor":22,"turns":6},{"damage":3,"enemies":"Cultist and Chosen","floor":24,"turns":5},{"damage":22,"enemies":"Slaver and Parasite","floor":25,"turns":7},{"damage":2,"enemies":"Snecko","floor":30,"turns":5},{"damage":49,"enemies":"Champ","floor":33,"turns":12},{"damage":0,"enemies":"3 Shapes","floor":35,"turns":7},{"damage":39,"enemies":"Orb Walker","floor":36,"turns":8},{"damage":11,"enemies":"Sphere and 2 Shapes","floor":37,"turns":12},{"damage":26,"enemies":"3 Darklings","floor":38,"turns":10},{"damage":44,"enemies":"4 Shapes","floor":39,"turns":4}],"event_choices":[{"event_name":"World of Goop","player_choice":"Gather Gold","floor":2,"damage_taken":0},{"event_name":"The Cleric","player_choice":"Card Removal","floor":4,"damage_taken":0},{"event_name":"Golden Shrine","player_choice":"Pray","floor":20,"damage_taken":0},{"event_name":"Bonfire Elementals","player_choice":"BASIC","floor":21,"damage_taken":0},{"event_name":"Purifier","player_choice":"One Purge","floor":28,"damage_taken":0},{"event_name":"Beggar","player_choice":"Gave Gold","floor":31,"damage_taken":0}],"boss_relics":[{"not_picked":["Black Blood","Ectoplasm","Runic Cube"]},{"not_picked":["Question Card","Sozu","Astrolabe"]}],"potions_floor_spawned":[3,11,12,19,22,25,33,37],"seed_played":"3875759948199810395","killed_by":"4 Shapes","ascension_level":0,"is_trial":false}