{"gold_per_floor":[209,47,65,83,83,83,108,120,120,134,169,169,184,194,194,271,271,281,293,49,49],"floor_reached":21,"playtime":998,"items_purged":["Strike_G"],"score":347,"play_id":"e1025976-bc10-4de0-bee0-88dc32d265e0","local_time":"20190213214837","is_ascension_mode":true,"campfire_choices":[{"data":"Neutralize","floor":6,"key":"SMITH"},{"floor":12,"key":"REST"},{"data":"Crippling Poison","floor":15,"key":"SMITH"}],"neow_cost":"NONE","seed_source_timestamp":23225572590485,"circlet_count":0,"master_deck":["AscendersBane","Defend_G","Defend_G","Defend_G","Defend_G","Defend_G","Strike_G+1","Strike_G","Survivor","Neutralize+1","Dash+1","Dagger Spray","Deadly Poison","Deadly Poison","Adrenaline","Backflip","Crippling Poison+1","Corpse Explosion"],"relics":["Ring of the Snake","Bag of Preparation","Whetstone","Gremlin Horn","Du-Vu Doll","Empty Cage","PreservedInsect"],"potions_floor_usage":[11],"damage_taken":[{"damage":1,"enemies":"Small Slimes","floor":1,"turns":3},{"damage":0,"enemies":"2 Louse","floor":3,"turns":3},{"damage":0,"enemies":"Jaw Worm","floor":4,"turns":4},{"damage":17,"enemies":"3 Sentries","floor":7,"turns":10},{"damage":0,"enemies":"Exordium Wildlife","floor":8,"turns":3},{"damage":3,"enemies":"Looter","floor":10,"turns":3},{"damage":14,"enemies":"Lagavulin","floor":11,"turns":6},{"damage":0,"enemies":"2 Fungi Beasts","floor":13,"turns":2},{"damage":0,"enemies":"3 Louse","floor":14,"turns":2},{"damage":6,"enemies":"The Guardian","floor":16,"turns":9},{"damage":20,"enemies":"2 Thieves","floor":18,"turns":4},{"damage":3,"enemies":"Shell Parasite","floor":19,"turns":5},{"damage":41,"enemies":"Sentry and Sphere","floor":21,"turns":7}],"seed_played":"2857843687996466159","potions_obtained":[{"floor":1,"key":"Strength Potion"},{"floor":3,"key":"SkillPotion"},{"floor":16,"key":"LiquidBronze"}],"is_trial":false,"path_per_floor":["M","$","M","M","?","R","E","M","T","M","E","R","M","M","R","B",null,"M","M","$","M"],"character_chosen":"THE_SILENT","items_purchased":["Bag of Preparation","PreservedInsect"],"campfire_rested":1,"item_purchase_floors":[2,20],"current_hp_per_floor":[58,58,58,58,58,58,41,41,41,38,24,43,43,43,43,37,59,39,36,36,0],"gold":49,"neow_bonus":"HUNDRED_GOLD","is_prod":false,"is_daily":false,"chose_seed":false,"campfire_upgraded":2,"win_rate":0,"timestamp":1550112517,"path_taken":["M","$","M","M","?","R","E","M","T","M","E","R","M","M","R","BOSS","M","M","$","M"],"build_version":"2019-01-23","purchased_purges":1,"victory":false,"max_hp_per_floor":[66,66,66,66,66,66,66,66,66,66,66,66,66,66,66,66,66,66,66,66,66],"card_choices":[{"not_picked":["Distraction","Deflect"],"picked":"Dash","floor":1},{"not_picked":["Blade Dance","Bouncing Flask"],"picked":"Dagger Spray","floor":3},{"not_picked":["Dagger Spray","Dodge and Roll","Accuracy"],"picked":"SKIP","floor":4},{"not_picked":["Deflect","Prepared","Accuracy"],"picked":"SKIP","floor":7},{"not_picked":["Underhanded Strike","Distraction"],"picked":"Deadly Poison","floor":8},{"not_picked":["Cloak And Dagger","Night Terror"],"picked":"Deadly Poison","floor":10},{"not_picked":["Dodge and Roll","Riddle With Holes"],"picked":"Adrenaline","floor":11},{"not_picked":["Terror","Outmaneuver"],"picked":"Backflip","floor":13},{"not_picked":["Eviscerate","Prepared"],"picked":"Crippling Poison","floor":14},{"not_picked":["Phantasmal Killer","Tools of the Trade"],"picked":"Corpse Explosion","floor":16},{"not_picked":["Heel Hook+1","Deadly Poison","Cloak And Dagger"],"picked":"SKIP","floor":18},{"not_picked":["Expertise","Dagger Throw","Acrobatics"],"picked":"SKIP","floor":19}],"player_experience":539761,"relics_obtained":[{"floor":7,"key":"Whetstone"},{"floor":9,"key":"Gremlin Horn"},{"floor":11,"key":"Du-Vu Doll"}],"event_choices":[{"damage_healed":0,"gold_gain":0,"player_choice":"Ignored","damage_taken":0,"max_hp_gain":0,"max_hp_loss":0,"event_name":"Liars Game","floor":5,"gold_loss":0}],"is_beta":false,"boss_relics":[{"not_picked":["HoveringKite","White Beast Statue"],"picked":"Empty Cage"}],"items_purged_floors":[20],"is_endless":false,"potions_floor_spawned":[1,3,16,18],"killed_by":"Sentry and Sphere","ascension_level":16}