{"gold_per_floor":[115,128,140,157,157,157,167,187,187,187,187,204,215,227,227,323,323,336,354,370,382,213,213,230,329,329,175,175,175,41,54,54,54],"floor_reached":33,"playtime":2307,"items_purged":["Strike_B","Defend_B"],"score":270,"play_id":"38a7fd8d-ab76-4b3f-ac14-56f6d65b1b3f","local_time":"20190227150442","is_ascension_mode":false,"campfire_choices":[{"floor":6,"key":"REST"},{"data":"Glacier","floor":11,"key":"SMITH"},{"floor":15,"key":"REST"},{"floor":23,"key":"REST"},{"floor":29,"key":"REST"},{"data":"Buffer","floor":32,"key":"SMITH"}],"neow_cost":"PERCENT_DAMAGE","seed_source_timestamp":3783129145504955,"circlet_count":0,"master_deck":["Defend_B","Defend_B","Defend_B","Zap","Dualcast","Flash of Steel","Chrysalis","Ball Lightning","BootSequence","Go for the Eyes","Turbo","Glacier+1","Hologram","Capacitor","Leap","Stack","Hyperbeam","BootSequence","Sweeping Beam+1","Self Repair","Conserve Battery","Go for the Eyes","Compile Driver+1","Buffer+1","Bite","Bite","Bite","Bite","Bite","Sunder","Cold Snap"],"relics":["Cracked Core"],"potions_floor_usage":[16,24,24,33],"damage_taken":[{"damage":0,"enemies":"Small Slimes","floor":1,"turns":4},{"damage":3,"enemies":"Jaw Worm","floor":2,"turns":3},{"damage":0,"enemies":"Cultist","floor":3,"turns":3},{"damage":13,"enemies":"Gremlin Gang","floor":4,"turns":4},{"damage":0,"enemies":"Exordium Wildlife","floor":7,"turns":3},{"damage":6,"enemies":"Exordium Thugs","floor":8,"turns":3},{"damage":2,"enemies":"Looter","floor":12,"turns":3},{"damage":5,"enemies":"Large Slime","floor":13,"turns":7},{"damage":1,"enemies":"2 Fungi Beasts","floor":14,"turns":4},{"damage":18,"enemies":"The Guardian","floor":16,"turns":16},{"damage":3,"enemies":"Shell Parasite","floor":18,"turns":10},{"damage":16,"enemies":"Chosen","floor":19,"turns":5},{"damage":18,"enemies":"Snake Plant","floor":20,"turns":9},{"damage":22,"enemies":"Shelled Parasite and Fungi","floor":21,"turns":13},{"damage":32,"enemies":"Cultist and Chosen","floor":24,"turns":11},{"damage":10,"enemies":"Centurion and Healer","floor":31,"turns":16},{"damage":66,"enemies":"Champ","floor":33,"turns":24}],"seed_played":"-3618909436257393958","potions_obtained":[{"floor":1,"key":"Regen Potion"},{"floor":2,"key":"SkillPotion"},{"floor":7,"key":"GamblersBrew"},{"floor":16,"key":"SkillPotion"},{"floor":18,"key":"LiquidBronze"},{"floor":21,"key":"FocusPotion"},{"floor":24,"key":"Energy Potion"}],"is_trial":false,"path_per_floor":["M","M","M","M","?","R","M","M","T","?","R","M","M","M","R","B",null,"M","M","M","M","$","R","M","?","T","$","?","R","$","M","R","B"],"character_chosen":"DEFECT","items_purchased":["Conserve Battery","Go for the Eyes","Buffer","Sunder"],"campfire_rested":4,"item_purchase_floors":[22,22,27,30],"current_hp_per_floor":[54,51,51,38,38,60,60,54,54,54,54,52,47,46,68,50,75,72,56,38,23,23,45,20,20,20,20,20,35,35,52,52,0],"gold":54,"neow_bonus":"RANDOM_COLORLESS_2","is_prod":false,"is_daily":false,"chose_seed":false,"campfire_upgraded":2,"win_rate":0,"timestamp":1551297882,"path_taken":["M","M","M","M","?","R","M","M","T","?","R","M","M","M","R","BOSS","M","?","?","M","$","R","M","?","T","?","?","R","$","M","R","BOSS"],"build_version":"2019-02-06","purchased_purges":2,"victory":false,"max_hp_per_floor":[75,75,75,75,75,75,75,75,75,75,75,75,75,75,75,75,75,75,75,75,75,75,75,75,75,75,75,52,52,52,52,52,52],"card_choices":[{"not_picked":["Stack","Auto Shields"],"picked":"Ball Lightning","floor":1},{"not_picked":["Doom and Gloom","Rip and Tear"],"picked":"BootSequence","floor":2},{"not_picked":["Barrage","Ball Lightning"],"picked":"Go for the Eyes","floor":3},{"not_picked":["Meteor Strike","Sweeping Beam"],"picked":"Turbo","floor":4},{"not_picked":["Recycle","Turbo","Gash"],"picked":"SKIP","floor":7},{"not_picked":["Ball Lightning","Static Discharge"],"picked":"Glacier","floor":8},{"not_picked":["Barrage","Gash"],"picked":"Capacitor","floor":12},{"not_picked":["Ball Lightning","Cold Snap"],"picked":"Leap","floor":13},{"not_picked":["Storm","Turbo"],"picked":"Stack","floor":14},{"not_picked":["Buffer","Rainbow"],"picked":"Hyperbeam","floor":16},{"not_picked":["Storm+1","Stack"],"picked":"BootSequence","floor":18},{"not_picked":["Beam Cell","Redo"],"picked":"Sweeping Beam+1","floor":19},{"not_picked":["Gash","Melter"],"picked":"Self Repair","floor":20},{"not_picked":["Rebound","Double Energy+1","Beam Cell"],"picked":"SKIP","floor":21},{"not_picked":["Hologram+1","Barrage+1"],"picked":"Compile Driver+1","floor":24},{"not_picked":["Leap","Doom and Gloom"],"picked":"Cold Snap","floor":31}],"player_experience":291692,"relics_obtained":[],"event_choices":[{"damage_healed":0,"gold_gain":0,"player_choice":"Ignored","damage_taken":0,"max_hp_gain":0,"max_hp_loss":0,"event_name":"Liars Game","floor":5,"gold_loss":0},{"damage_healed":0,"gold_gain":0,"player_choice":"1 cards matched","damage_taken":0,"max_hp_gain":0,"max_hp_loss":0,"event_name":"Match and Keep!","floor":10,"gold_loss":0,"cards_obtained":["Hologram"]},{"damage_healed":0,"gold_gain":99,"player_choice":"Stole From Cult","damage_taken":0,"max_hp_gain":0,"max_hp_loss":0,"event_name":"Nest","floor":25,"gold_loss":0},{"damage_healed":0,"gold_gain":0,"player_choice":"Became a vampire","damage_taken":0,"max_hp_gain":0,"max_hp_loss":23,"event_name":"Vampires","floor":28,"gold_loss":0,"cards_obtained":["Bite","Bite","Bite","Bite","Bite"]}],"is_beta":true,"boss_relics":[{"not_picked":[]}],"items_purged_floors":[22,30],"is_endless":false,"potions_floor_spawned":[1,2,7,16,18,21,24],"killed_by":"Champ","ascension_level":0}