{"gold_per_floor":[113,129,54,69,87,115,115,150,150,185,204,204],"floor_reached":12,"playtime":8478,"items_purged":["Strike_B"],"score":150,"play_id":"e80bfcdb-e16f-4562-930f-752008740420","local_time":"20190225224635","is_ascension_mode":true,"campfire_choices":[{"data":"Zap","floor":7,"key":"SMITH"}],"neow_cost":"NONE","seed_source_timestamp":919243121563166,"circlet_count":0,"master_deck":["AscendersBane","Strike_B","Strike_B","Strike_B","Defend_B","Defend_B","Defend_B","Defend_B","Zap+1","Dualcast","Electrodynamics","Loop","Barrage","Ball Lightning","Conserve Battery","Creative AI","Glacier","Chill"],"special_seed":0,"relics":["Cracked Core","Darkstone Periapt","PreservedInsect","Pear","Ornamental Fan"],"potions_floor_usage":[5,5,6],"damage_taken":[{"damage":2.0,"enemies":"Jaw Worm","floor":1.0,"turns":3.0},{"damage":0,"enemies":"2 Louse","floor":2,"turns":2},{"damage":1,"enemies":"Cultist","floor":4,"turns":3},{"damage":15,"enemies":"Gremlin Gang","floor":5,"turns":3},{"damage":15,"enemies":"3 Sentries","floor":6,"turns":3},{"damage":26,"enemies":"Gremlin Nob","floor":8,"turns":4},{"damage":15,"enemies":"3 Sentries","floor":10,"turns":4},{"damage":0,"enemies":"2 Fungi Beasts","floor":11,"turns":3},{"damage":11,"enemies":"Large Slime","floor":12,"turns":2}],"seed_played":"-3983663787250829352","potions_obtained":[{"floor":1,"key":"PowerPotion"},{"floor":2,"key":"Swift Potion"},{"floor":4,"key":"PowerPotion"},{"floor":11,"key":"Poison Potion"}],"is_trial":false,"path_per_floor":["M","M","$","M","M","E","R","E","T","E","M","M"],"character_chosen":"DEFECT","items_purchased":[],"campfire_rested":0,"item_purchase_floors":[],"current_hp_per_floor":[66,66,66,65,50,35,35,9,19,4,4,0],"gold":204,"neow_bonus":"ONE_RANDOM_RARE_CARD","is_prod":false,"is_daily":false,"chose_seed":false,"campfire_upgraded":1,"win_rate":0,"timestamp":1551131195,"path_taken":["M","M","$","M","M","E","R","E","T","E","M","M"],"build_version":"2019-01-23","purchased_purges":1,"victory":false,"max_hp_per_floor":[75,75,75,75,75,75,75,75,85,85,85,85],"card_choices":[{"not_picked":["Scrape","Rip and Tear","Hologram"],"picked":"SKIP","floor":1},{"not_picked":["Coolheaded","Steam"],"picked":"Loop","floor":2},{"not_picked":["FTL","Compile Driver"],"picked":"Barrage","floor":4},{"not_picked":["Redo","Blizzard"],"picked":"Ball Lightning","floor":5},{"not_picked":["Rebound","Go for the Eyes"],"picked":"Conserve Battery","floor":6},{"not_picked":["All For One","Redo"],"picked":"Creative AI","floor":8},{"not_picked":["Cold Snap","Barrage"],"picked":"Glacier","floor":10},{"not_picked":["Cold Snap","Barrage"],"picked":"Chill","floor":11}],"player_experience":518521,"relics_obtained":[{"floor":6,"key":"Darkstone Periapt"},{"floor":8,"key":"PreservedInsect"},{"floor":9,"key":"Pear"},{"floor":10,"key":"Ornamental Fan"}],"event_choices":[],"is_beta":false,"boss_relics":[],"items_purged_floors":[3],"is_endless":false,"potions_floor_spawned":[1,2,4,11],"killed_by":"Large Slime","ascension_level":10}