{"path_per_floor":["M","?","?","M","M","R","M","E","T","?","M","E","R","E","R","B",null,"M","?","T","$","?","R","M","$","T","R","E","$","M","M","R","B",null,"M","M","?","M","$","E","R","M","T","R","$","?","E","T","R","B"],"character_chosen":"DEFECT","items_purchased":["Turbo","Apotheosis","Bag of Preparation","Regen Potion","Capacitor","Undo","Capacitor","Capacitor"],"gold_per_floor":[116,116,116,130,146,146,166,205,260,260,279,317,317,351,351,444,444,464,464,464,6,6,6,21,21,69,69,113,10,29,44,44,139,139,153,177,177,201,20,63,63,76,76,76,52,52,90,114,114,114],"floor_reached":51,"campfire_rested":1,"playtime":3267,"item_purchase_floors":[21,21,21,29,29,39,39,45],"current_hp_per_floor":[64,64,64,64,64,64,58,34,34,50,50,49,49,44,44,35,57,57,57,57,57,57,64,64,64,64,64,23,23,26,28,38,28,55,34,34,34,32,32,32,44,34,34,61,61,61,57,57,61,52],"items_purged":["Strike_B","Parasite"],"gold":114,"score":1397,"play_id":"1e6283bd-bc9f-406c-9c51-48cb50e47f28","local_time":"20180522162946","is_prod":false,"is_daily":false,"chose_seed":false,"is_ascension_mode":true,"campfire_upgraded":8,"timestamp":1527031786,"campfire_choices":[{"data":"Beam Cell","floor":6,"key":"SMITH"},{"data":"Capacitor","floor":13,"key":"SMITH"},{"data":"Capacitor","floor":15,"key":"SMITH"},{"data":"Coolheaded","floor":23,"key":"SMITH"},{"data":"Dualcast","floor":27,"key":"SMITH"},{"data":"Capacitor","floor":32,"key":"SMITH"},{"data":"Capacitor","floor":41,"key":"SMITH"},{"floor":44,"key":"REST"},{"data":"Capacitor","floor":49,"key":"SMITH"}],"path_taken":["M","?","?","M","M","R","?","E","T","?","M","E","R","E","R","BOSS","M","?","?","?","?","R","M","?","T","R","E","$","M","M","R","BOSS","M","M","?","M","$","E","R","M","T","R","$","?","E","?","R","BOSS"],"build_version":"2018-05-21v2","seed_source_timestamp":380748021531652,"purchased_purges":2,"victory":true,"master_deck":["Strike_B","Strike_B","Strike_B","Defend_B","Defend_B","Defend_B","Defend_B","Zap+1","Dualcast+1","AscendersBane","Coolheaded+1","Ball Lightning","Glacier","Beam Cell+1","Genetic Algorithm","All For One","Leap","Capacitor+1","Capacitor+1","All For One","Go for the Eyes","Turbo","Apotheosis+1","Coolheaded+1","Steam+1","Capacitor+1","Steam","Coolheaded","Biased Cognition","Consume","Hologram+1","Stack","Undo","Capacitor+1","Coolheaded","Capacitor+1","Mind Blast"],"max_hp_per_floor":[71,64,64,64,64,64,64,64,64,64,64,64,64,64,64,64,64,64,64,64,64,64,64,64,64,64,64,64,64,64,64,64,64,64,64,64,64,64,61,61,61,61,61,61,61,61,61,61,61,61],"relics":["Cracked Core","Golden Idol","Bronze Scales","Tiny Chest","Potion Belt","Symbiotic Virus","Eternal Feather","Dream Catcher","Bag of Preparation","Lantern","Meat on the Bone","Sozu","Juzu Bracelet","Girya","Dodecahedron","Omamori"],"card_choices":[{"not_picked":["Steam","Redo"],"picked":"Coolheaded","floor":1},{"not_picked":["Capacitor","Turbo"],"picked":"Glacier","floor":4},{"not_picked":["Coolheaded","Lockon"],"picked":"Beam Cell","floor":5},{"not_picked":["Coolheaded","Fusion"],"picked":"Genetic Algorithm","floor":7},{"not_picked":["Steam","Go for the Eyes"],"picked":"All For One","floor":8},{"not_picked":["Sweeping Beam","Steam"],"picked":"Leap","floor":11},{"not_picked":["Barrage","Cold Snap"],"picked":"Capacitor","floor":12},{"not_picked":["Beam Cell","Streamline"],"picked":"Capacitor","floor":14},{"not_picked":["Biased Cognition","Meteor Strike"],"picked":"All For One","floor":16},{"not_picked":["Rebound","Melter"],"picked":"Go for the Eyes","floor":18},{"not_picked":["Steam","Sweeping Beam"],"picked":"Coolheaded+1","floor":24},{"not_picked":["Coolheaded","Chill"],"picked":"Steam+1","floor":28},{"not_picked":["Capacitor","Darkness"],"picked":"Steam","floor":30},{"not_picked":["Streamline+1","Sweeping Beam"],"picked":"Coolheaded","floor":31},{"not_picked":["Fission","Rainbow"],"picked":"Biased Cognition","floor":33},{"not_picked":["Leap","Rebound+1"],"picked":"Consume","floor":35},{"not_picked":["Genetic Algorithm+1","Heatsinks"],"picked":"Hologram+1","floor":36},{"not_picked":["Rebound","Go for the Eyes"],"picked":"Stack","floor":38},{"not_picked":["Darkness","White Noise","Reprogram"],"picked":"SKIP","floor":40},{"not_picked":["Barrage+1","Gash+1","Steam+1"],"picked":"SKIP","floor":42},{"not_picked":["Cold Snap","Sweeping Beam"],"picked":"Coolheaded","floor":44},{"not_picked":["Good Instincts","Panacea"],"picked":"Mind Blast","floor":46},{"not_picked":["Reprogram","Static Discharge","Sweeping Beam"],"picked":"SKIP","floor":47}],"player_experience":1584169,"potions_floor_usage":[7,8,12,24,28,30,50],"damage_taken":[{"damage":0,"enemies":"2 Louse","floor":1,"turns":3},{"damage":0,"enemies":"Small Slimes","floor":4,"turns":2},{"damage":0,"enemies":"Cultist","floor":5,"turns":4},{"damage":6,"enemies":"Lots of Slimes","floor":7,"turns":3},{"damage":24,"enemies":"Lagavulin","floor":8,"turns":8},{"damage":0,"enemies":"Red Slaver","floor":11,"turns":3},{"damage":1,"enemies":"3 Sentries","floor":12,"turns":5},{"damage":5,"enemies":"Lagavulin","floor":14,"turns":8},{"damage":9,"enemies":"Hexaghost","floor":16,"turns":9},{"damage":0,"enemies":"Spheric Guardian","floor":18,"turns":3},{"damage":0,"enemies":"Chosen","floor":24,"turns":4},{"damage":41,"enemies":"Gremlin Leader","floor":28,"turns":7},{"damage":18,"enemies":"Snake Plant","floor":30,"turns":4},{"damage":10,"enemies":"Centurion and Healer","floor":31,"turns":5},{"damage":22,"enemies":"Champ","floor":33,"turns":24},{"damage":33,"enemies":"3 Darklings","floor":35,"turns":5},{"damage":0,"enemies":"Orb Walker","floor":36,"turns":3},{"damage":14,"enemies":"Flame Bruiser 2 Orb","floor":38,"turns":7},{"damage":0,"enemies":"Giant Head","floor":40,"turns":17},{"damage":10,"enemies":"Transient","floor":42,"turns":5},{"damage":4,"enemies":"2 Orb Walkers","floor":47,"turns":4},{"damage":9,"enemies":"Time Eater","floor":50,"turns":17}],"relics_obtained":[{"floor":8,"key":"Bronze Scales"},{"floor":9,"key":"Tiny Chest"},{"floor":12,"key":"Potion Belt"},{"floor":14,"key":"Symbiotic Virus"},{"floor":20,"key":"Dream Catcher"},{"floor":26,"key":"Lantern"},{"floor":28,"key":"Meat on the Bone"},{"floor":40,"key":"Juzu Bracelet"},{"floor":43,"key":"Girya"},{"floor":47,"key":"Dodecahedron"},{"floor":48,"key":"Omamori"}],"event_choices":[{"event_name":"Golden Idol","player_choice":"Lose Max HP","floor":2,"damage_taken":0},{"event_name":"Match and Keep!","player_choice":"1 cards matched","floor":3,"damage_taken":0},{"event_name":"Mushrooms","player_choice":"Healed and dodged fight","floor":10,"damage_taken":0},{"event_name":"The Mausoleum","player_choice":"No","floor":19,"damage_taken":0},{"event_name":"Accursed Blacksmith","player_choice":"Forge","floor":22,"damage_taken":0},{"event_name":"Mysterious Sphere","player_choice":"Ignore","floor":37,"damage_taken":0},{"event_name":"SensoryStone","player_choice":"Memory 1","floor":46,"damage_taken":0}],"boss_relics":[{"not_picked":["Calling Bell","Philosopher\u0027s Stone"],"picked":"Eternal Feather"},{"not_picked":["Runic Dome","Pandora\u0027s Box"],"picked":"Sozu"}],"items_purged_floors":[21,39],"potions_floor_spawned":[4,7,11,14,24,31,35,38,40,42],"seed_played":"-8999501547816680644","ascension_level":15,"potions_obtained":[{"floor":4,"key":"Block Potion"},{"floor":7,"key":"SpeedPotion"},{"floor":11,"key":"EssenceOfSteel"},{"floor":14,"key":"Ancient Potion"},{"floor":24,"key":"EssenceOfSteel"},{"floor":31,"key":"Weak Potion"}],"is_trial":false}