{"gold_per_floor":[113,15,35,35,35,35,62,62,89,100,100,120,137,172,172,274,274,291,191,207,234,35,64,64,90,90,90],"floor_reached":27,"playtime":1136,"items_purged":["Strike_R","Strike_R","Strike_R"],"score":454,"play_id":"7234b573-9358-4737-b592-a9e1547bb770","local_time":"20190228095245","is_ascension_mode":true,"campfire_choices":[{"data":"Bash","floor":6,"key":"SMITH"},{"data":"Strike_R","floor":8,"key":"SMITH"},{"data":"Shockwave","floor":11,"key":"SMITH"},{"data":"Flame Barrier","floor":15,"key":"SMITH"},{"data":"Metallicize","floor":24,"key":"SMITH"}],"neow_cost":"NONE","seed_source_timestamp":1139363659723866,"circlet_count":0,"master_deck":["AscendersBane","Strike_R","Strike_R+1","Defend_R","Defend_R","Defend_R+1","Defend_R","Bash+1","Cleave+1","Shockwave+1","Flame Barrier+1","Bludgeon","Disarm","Pommel Strike","Metallicize+1","Demon Form"],"relics":["Burning Blood","NeowsBlessing","PreservedInsect","Oddly Smooth Stone","Incense Burner","Sozu","Red Mask","Ornamental Fan","Regal Pillow","Question Card"],"potions_floor_usage":[16,21,23],"damage_taken":[{"damage":0,"enemies":"Cultist","floor":1,"turns":1},{"damage":0,"enemies":"Jaw Worm","floor":3,"turns":1},{"damage":0,"enemies":"3 Sentries","floor":7,"turns":1},{"damage":12,"enemies":"Small Slimes","floor":10,"turns":2},{"damage":0,"enemies":"2 Fungi Beasts","floor":12,"turns":2},{"damage":5,"enemies":"Exordium Thugs","floor":13,"turns":4},{"damage":8,"enemies":"Lagavulin","floor":14,"turns":6},{"damage":50,"enemies":"The Guardian","floor":16,"turns":12},{"damage":0,"enemies":"3 Byrds","floor":18,"turns":5},{"damage":23,"enemies":"Spheric Guardian","floor":20,"turns":5},{"damage":10,"enemies":"Masked Bandits","floor":21,"turns":4},{"damage":4,"enemies":"Book of Stabbing","floor":23,"turns":5},{"damage":39,"enemies":"Slavers","floor":25,"turns":4},{"damage":29,"enemies":"Book of Stabbing","floor":27,"turns":5}],"seed_played":"1336441271033076253","potions_obtained":[{"floor":3,"key":"LiquidBronze"},{"floor":7,"key":"BloodPotion"},{"floor":16,"key":"Weak Potion"}],"is_trial":false,"path_per_floor":["M","$","M","$","?","R","E","R","T","M","R","M","M","E","R","B",null,"M","$","M","?","$","E","R","E","T","E"],"character_chosen":"IRONCLAD","items_purchased":["Cleave","Metallicize"],"campfire_rested":0,"item_purchase_floors":[2,22],"current_hp_per_floor":[78,78,80,80,64,64,70,70,70,64,64,70,71,69,69,25,66,72,72,55,59,59,61,61,28,28,0],"gold":90,"neow_bonus":"THREE_ENEMY_KILL","is_prod":false,"is_daily":false,"chose_seed":false,"campfire_upgraded":5,"win_rate":0,"timestamp":1551343965,"path_taken":["M","$","M","$","?","R","E","R","T","M","R","M","M","E","R","BOSS","M","$","M","?","$","E","R","E","T","E"],"build_version":"2019-01-23","purchased_purges":3,"victory":false,"max_hp_per_floor":[80,80,80,80,80,80,80,80,80,80,80,80,80,80,80,80,80,80,80,80,80,80,80,80,80,80,80],"card_choices":[{"not_picked":["Wild Strike","Iron Wave","Flex"],"picked":"SKIP","floor":1},{"not_picked":["Clothesline","Wild Strike","Cleave"],"picked":"SKIP","floor":3},{"not_picked":["Combust","Pummel","Evolve"],"picked":"SKIP","floor":7},{"not_picked":["Wild Strike","Cleave"],"picked":"Shockwave","floor":10},{"not_picked":["Anger","Seeing Red","Sword Boomerang"],"picked":"SKIP","floor":12},{"not_picked":["Perfected Strike","Heavy Blade"],"picked":"Flame Barrier","floor":13},{"not_picked":["Flex","Anger","Warcry"],"picked":"SKIP","floor":14},{"not_picked":["Dark Embrace","Immolate"],"picked":"Bludgeon","floor":16},{"not_picked":["Power Through","Clothesline"],"picked":"Disarm","floor":18},{"not_picked":["Pummel+1","Anger"],"picked":"Pommel Strike","floor":20},{"not_picked":["Clothesline","Sword Boomerang"],"picked":"Demon Form","floor":23},{"not_picked":["Clothesline","Perfected Strike","True Grit"],"picked":"SKIP","floor":25}],"player_experience":629792,"relics_obtained":[{"floor":7,"key":"PreservedInsect"},{"floor":9,"key":"Oddly Smooth Stone"},{"floor":14,"key":"Incense Burner"},{"floor":21,"key":"Red Mask"},{"floor":23,"key":"Ornamental Fan"},{"floor":25,"key":"Regal Pillow"},{"floor":26,"key":"Question Card"}],"event_choices":[{"damage_healed":0,"gold_gain":0,"player_choice":"Entered Light","damage_taken":16,"max_hp_gain":0,"max_hp_loss":0,"event_name":"Shining Light","floor":5,"gold_loss":0,"cards_upgraded":["Cleave","Defend_R"]},{"damage_healed":0,"gold_gain":0,"player_choice":"Fought Bandits","damage_taken":0,"max_hp_gain":0,"max_hp_loss":0,"event_name":"Masked Bandits","floor":21,"gold_loss":0}],"is_beta":false,"boss_relics":[{"not_picked":["Busted Crown","Coffee Dripper"],"picked":"Sozu"}],"items_purged_floors":[2,19,22],"is_endless":false,"potions_floor_spawned":[3,7,14,16,18,21],"killed_by":"Book of Stabbing","ascension_level":12}