{"gold_per_floor":[117,129,129,144,163,163,182,182,182,182,199,226,237,257,257,330,330,345,119,119,169,186,186],"floor_reached":23,"playtime":1477,"items_purged":["Strike_G"],"score":441,"play_id":"cb589a65-930e-4de1-8ebe-3cec25ae3fae","local_time":"20190207120243","is_ascension_mode":true,"campfire_choices":[{"data":"Poisoned Stab","floor":6,"key":"SMITH"},{"data":"Dash","floor":8,"key":"SMITH"},{"floor":10,"key":"REST"},{"data":"Deadly Poison","floor":15,"key":"SMITH"}],"neow_cost":"NONE","seed_source_timestamp":6954370788356,"circlet_count":0,"master_deck":["AscendersBane","Defend_G","Defend_G","Defend_G","Defend_G","Defend_G","Strike_G","Strike_G","Strike_G","Strike_G","Survivor","Neutralize+1","PiercingWail","Dagger Throw","Infinite Blades","Poisoned Stab+1","Dash+1","Deadly Poison+1","Leg Sweep","Footwork","Venomology","Backflip","Corpse Explosion","Ghostly","Ghostly","Ghostly"],"relics":["Ring of the Snake","Pear","Meat on the Bone","Snecko Eye"],"potions_floor_usage":[18,22,23,23],"damage_taken":[{"damage":0,"enemies":"2 Louse","floor":1,"turns":4},{"damage":1,"enemies":"Small Slimes","floor":2,"turns":4},{"damage":8,"enemies":"Jaw Worm","floor":4,"turns":4},{"damage":14,"enemies":"Lots of Slimes","floor":5,"turns":7},{"damage":7,"enemies":"Blue Slaver","floor":7,"turns":4},{"damage":9,"enemies":"Large Slime","floor":11,"turns":7},{"damage":15,"enemies":"Lagavulin","floor":12,"turns":5},{"damage":2,"enemies":"Exordium Wildlife","floor":13,"turns":4},{"damage":1,"enemies":"Looter","floor":14,"turns":4},{"damage":0,"enemies":"The Guardian","floor":16,"turns":11},{"damage":10,"enemies":"2 Thieves","floor":18,"turns":5},{"damage":6,"enemies":"Shell Parasite","floor":22,"turns":9},{"damage":39,"enemies":"Gremlin Leader","floor":23,"turns":9}],"seed_played":"9185795909902896134","potions_obtained":[{"floor":4,"key":"Strength Potion"},{"floor":7,"key":"Explosive Potion"}],"is_trial":false,"path_per_floor":["M","M","?","M","M","R","M","R","T","R","M","E","M","M","R","B",null,"M","$","?","?","M","E"],"character_chosen":"THE_SILENT","items_purchased":["Corpse Explosion"],"campfire_rested":1,"item_purchase_floors":[19],"current_hp_per_floor":[59,58,63,55,41,41,34,34,44,68,59,44,42,41,41,41,71,61,61,40,40,34,0],"gold":186,"neow_bonus":"UPGRADE_CARD","is_prod":false,"is_daily":false,"chose_seed":false,"campfire_upgraded":3,"win_rate":0,"timestamp":1549558963,"path_taken":["M","M","?","M","M","R","M","R","T","R","M","E","M","M","R","BOSS","M","$","?","?","?","E"],"build_version":"2019-01-23","purchased_purges":1,"victory":false,"max_hp_per_floor":[66,66,71,71,71,71,71,71,81,81,81,81,81,81,81,81,81,81,81,40,40,40,40],"card_choices":[{"not_picked":["Sucker Punch","Backflip"],"picked":"PiercingWail","floor":1},{"not_picked":["Dodge and Roll","Quick Slash"],"picked":"Dagger Throw","floor":2},{"not_picked":["Blade Dance","Tools of the Trade"],"picked":"Infinite Blades","floor":4},{"not_picked":["Slice","Bane"],"picked":"Poisoned Stab","floor":5},{"not_picked":["Predator","Noxious Fumes"],"picked":"Dash","floor":7},{"not_picked":["Concentrate","Dagger Spray"],"picked":"Deadly Poison","floor":11},{"not_picked":["Deadly Poison","Storm of Steel"],"picked":"Leg Sweep","floor":12},{"not_picked":["Distraction","Deflect","Cloak And Dagger"],"picked":"SKIP","floor":13},{"not_picked":["Caltrops","Deflect"],"picked":"Footwork","floor":14},{"not_picked":["Unload","After Image"],"picked":"Venomology","floor":16},{"not_picked":["Flechettes","Acrobatics"],"picked":"Backflip","floor":18},{"not_picked":["Caltrops","Dagger Spray","Backstab"],"picked":"SKIP","floor":22}],"player_experience":531449,"relics_obtained":[{"floor":9,"key":"Pear"},{"floor":12,"key":"Meat on the Bone"}],"event_choices":[{"damage_healed":0,"gold_gain":0,"player_choice":"Donut","damage_taken":0,"max_hp_gain":5,"max_hp_loss":0,"event_name":"Big Fish","floor":3,"gold_loss":0},{"damage_healed":0,"gold_gain":0,"player_choice":"Became a Ghost","damage_taken":0,"max_hp_gain":0,"max_hp_loss":41,"event_name":"Ghosts","floor":20,"gold_loss":0,"cards_obtained":["Ghostly","Ghostly","Ghostly"]},{"damage_healed":0,"gold_gain":50,"player_choice":"Pray","damage_taken":0,"max_hp_gain":0,"max_hp_loss":0,"event_name":"Golden Shrine","floor":21,"gold_loss":0}],"is_beta":false,"boss_relics":[{"not_picked":["Calling Bell","Black Star"],"picked":"Snecko Eye"}],"items_purged_floors":[19],"is_endless":false,"potions_floor_spawned":[4,7,11,14,18,22],"killed_by":"Gremlin Leader","ascension_level":16}