{"path_per_floor":["M","$","?","?","M","R","M","R","T","E","M","$","E","?","R","B",null,"M","M","M","M","$","E","?","R","T","?","R","M","R","?","R","B",null,"M","$","M","$","M","R","M","R","T","M","?","$","M","T","R","B"],"character_chosen":"IRONCLAD","items_purchased":["Evolve","Warcry","Impervious","Flame Barrier","Feel No Pain","Shrug It Off"],"gold_per_floor":[111,36,36,111,128,128,140,140,140,170,188,47,82,82,82,178,178,193,209,227,237,45,79,4,4,4,4,4,16,16,16,16,113,113,129,56,76,3,15,15,35,35,35,53,53,6,16,39,39,39],"floor_reached":51,"campfire_rested":2,"playtime":3417,"current_hp_per_floor":[78,78,78,67,70,70,74,74,74,65,68,68,62,62,62,60,75,77,67,62,63,63,29,29,29,29,29,53,59,59,59,59,19,65,60,60,62,62,64,64,69,69,69,68,58,58,64,64,80,78],"items_purged":["Strike_R","Strike_R","Strike_R"],"gold":39,"score":935,"play_id":"a74909e1-5f7b-4d07-b274-0a1d14303aed","local_time":"20180410014836","is_prod":false,"is_daily":false,"is_ascension_mode":true,"campfire_upgraded":7,"timestamp":1523350116,"path_taken":["M","$","?","?","M","R","M","R","T","E","M","$","E","?","R","BOSS","M","M","M","M","$","E","?","R","T","?","R","M","R","?","R","BOSS","M","$","M","?","M","R","M","R","T","M","?","$","M","?","R","BOSS"],"build_version":"2018-04-05v2","purchased_purges":4,"victory":true,"master_deck":["Defend_R","Defend_R","Defend_R","Defend_R","Bash+1","Bludgeon+1","Uppercut+1","Pommel Strike+1","Seeing Red","Feel No Pain+1","Evolve+1","Warcry","Offering+1","Corruption+1","Fiend Fire","Intimidate+1","Pummel","Shrug It Off","Impervious","Finesse","Feel No Pain+1","Impervious","Flame Barrier","Flex+1","Feel No Pain","Body Slam+1","Entrench+1","Finesse","Trip","Finesse","Shrug It Off","Shrug It Off+1"],"max_hp_per_floor":[80,80,80,80,80,80,80,80,80,80,80,80,80,80,80,80,80,80,80,80,80,80,80,80,80,80,80,80,80,80,80,80,80,80,80,80,80,80,80,80,80,80,80,80,80,80,80,80,80,80],"relics":["Burning Blood","Shovel","Smiling Mask","Whetstone","Vajra","Runic Dome","Peace Pipe","Charon\u0027s Ashes","Mark of Pain","Orichalcum","Ancient Tea Set"],"card_choices":[{"not_picked":["Carnage","Infernal Blade"],"picked":"Uppercut","floor":1.0},{"not_picked":["Anger","Clash"],"picked":"Pommel Strike","floor":7.0},{"not_picked":["Sword Boomerang","Iron Wave"],"picked":"Seeing Red","floor":10.0},{"not_picked":["Twin Strike","Searing Blow"],"picked":"Feel No Pain","floor":11.0},{"not_picked":["Clash","Disarm"],"picked":"Offering","floor":13},{"not_picked":["Reaper","Immolate"],"picked":"Fiend Fire","floor":16},{"not_picked":["Havoc","Rampage"],"picked":"Intimidate","floor":18},{"not_picked":["Body Slam","Iron Wave"],"picked":"Pummel","floor":19},{"not_picked":["True Grit","Clothesline"],"picked":"Shrug It Off","floor":21},{"not_picked":["Dark Embrace","Juggernaut"],"picked":"Impervious","floor":33},{"not_picked":["Hemokinesis","Havoc"],"picked":"Flex","floor":37},{"not_picked":["Heavy Blade","Carnage"],"picked":"Body Slam","floor":39},{"not_picked":["Reckless Charge","Infernal Blade"],"picked":"Entrench","floor":44},{"not_picked":["Madness","Bandage Up"],"picked":"Finesse","floor":45},{"not_picked":["Jack Of All Trades","Sadistic Nature"],"picked":"Trip","floor":45},{"not_picked":["Dramatic Entrance","Purity"],"picked":"Finesse","floor":45},{"not_picked":["Pommel Strike","Ghostly Armor"],"picked":"Shrug It Off","floor":47}],"player_experience":368927,"potions_floor_usage":[21,47,50],"damage_taken":[{"damage":0.0,"enemies":"Small Slimes","floor":1.0,"turns":3.0},{"damage":3.0,"enemies":"2 Louse","floor":5.0,"turns":3.0},{"damage":2.0,"enemies":"Jaw Worm","floor":7.0,"turns":4.0},{"damage":15.0,"enemies":"Lagavulin","floor":10.0,"turns":7.0},{"damage":3.0,"enemies":"Looter","floor":11.0,"turns":2.0},{"damage":12.0,"enemies":"Gremlin Nob","floor":13.0,"turns":3.0},{"damage":8,"enemies":"Slime Boss","floor":16,"turns":7},{"damage":4,"enemies":"Chosen","floor":18,"turns":3},{"damage":16,"enemies":"3 Byrds","floor":19,"turns":5},{"damage":11,"enemies":"Centurion and Healer","floor":20,"turns":4},{"damage":5,"enemies":"3 Cultists","floor":21,"turns":5},{"damage":40,"enemies":"Book of Stabbing","floor":23,"turns":5},{"damage":0,"enemies":"Sentry and Sphere","floor":29,"turns":5},{"damage":46,"enemies":"Automaton","floor":33,"turns":9},{"damage":11,"enemies":"3 Darklings","floor":35,"turns":3},{"damage":4,"enemies":"3 Shapes","floor":37,"turns":3},{"damage":4,"enemies":"3 Darklings","floor":39,"turns":5},{"damage":1,"enemies":"Maw","floor":41,"turns":5},{"damage":7,"enemies":"Sphere and 2 Shapes","floor":44,"turns":3},{"damage":15,"enemies":"4 Shapes","floor":47,"turns":6},{"damage":8,"enemies":"Time Eater","floor":50,"turns":5}],"event_choices":[{"event_name":"Liars Game","player_choice":"disagreed","floor":3.0,"damage_taken":0.0},{"event_name":"World of Goop","player_choice":"Gather Gold","floor":4.0,"damage_taken":0.0},{"event_name":"Transmorgrifier","player_choice":"Transform","floor":14,"damage_taken":0},{"event_name":"Beggar","player_choice":"Gave Gold","floor":24,"damage_taken":0},{"event_name":"Match and Keep!","player_choice":"1 cards matched","floor":27,"damage_taken":0},{"event_name":"Duplicator","player_choice":"One dupe","floor":31,"damage_taken":0},{"event_name":"SensoryStone","player_choice":"Memory 3","floor":45,"damage_taken":0}],"boss_relics":[{"not_picked":["Astrolabe","Lizard Tail"],"picked":"Runic Dome"},{"not_picked":["Pandora\u0027s Box","Sozu"],"picked":"Mark of Pain"}],"potions_floor_spawned":[1,7,13,16,20,23,29,35,37,39],"seed_played":"5905150776697869348","ascension_level":8,"is_trial":false}