{"gold_per_floor":[112,45,58,68,18,53,53,84,84,111,129,54,73,86,86,187,187,203,203,218,218,62,97,97,97,97,122,122,147,181,194,194,290,290,308,324,338,338,0,0,34,34,80,109,109,140,140,150,150,150],"floor_reached":51,"playtime":2440,"items_purged":["Strike_R"],"score":949,"play_id":"a53673b6-3781-4549-b42b-dc24fa0b39ae","local_time":"20190209192854","is_ascension_mode":true,"campfire_choices":[{"floor":7,"key":"REST"},{"data":"Whirlwind","floor":15,"key":"SMITH"},{"floor":25,"key":"REST"},{"data":"Flex","floor":28,"key":"SMITH"},{"data":"Flex","floor":32,"key":"SMITH"},{"data":"Secret Weapon","floor":40,"key":"SMITH"},{"floor":42,"key":"REST"},{"data":"Offering","floor":49,"key":"SMITH"}],"neow_cost":"NONE","seed_source_timestamp":370784861236080,"circlet_count":0,"master_deck":["Strike_R+1","Strike_R","Strike_R","Strike_R","Defend_R","Defend_R","Defend_R","Defend_R","Bash","Cleave","Cleave+1","Sword Boomerang","Shrug It Off+1","Whirlwind+1","Flex+1","Immolate","Anger","Pummel","Fire Breathing","Limit Break+1","RitualDagger","Flex+1","Flex+1","Necronomicurse","Cleave+1","Offering+1","Secret Weapon+1"],"relics":["Burning Blood","Vajra","Darkstone Periapt","Mercury Hourglass","Blood Vial","Centennial Puzzle","Sozu","War Paint","Bag of Preparation","Necronomicon","WingedGreaves","Nunchaku","Oddly Smooth Stone","StoneCalendar","Philosopher\u0027s Stone","Red Mask","Meat on the Bone","Bag of Marbles","Sundial","Dead Branch","Whetstone"],"potions_floor_usage":[16,16,27],"damage_taken":[{"damage":3,"enemies":"Small Slimes","floor":1,"turns":3},{"damage":1,"enemies":"Cultist","floor":3,"turns":3},{"damage":4,"enemies":"2 Louse","floor":4,"turns":2},{"damage":41,"enemies":"Lagavulin","floor":6,"turns":6},{"damage":23,"enemies":"3 Sentries","floor":8,"turns":5},{"damage":16,"enemies":"Gremlin Nob","floor":10,"turns":3},{"damage":0,"enemies":"Large Slime","floor":11,"turns":3},{"damage":0,"enemies":"3 Louse","floor":13,"turns":1},{"damage":2,"enemies":"Looter","floor":14,"turns":2},{"damage":68,"enemies":"The Guardian","floor":16,"turns":12},{"damage":0,"enemies":"3 Byrds","floor":18,"turns":2},{"damage":2,"enemies":"Spheric Guardian","floor":20,"turns":3},{"damage":40,"enemies":"Book of Stabbing","floor":23,"turns":4},{"damage":0,"enemies":"Slavers","floor":27,"turns":1},{"damage":13,"enemies":"Gremlin Leader","floor":29,"turns":3},{"damage":7,"enemies":"Slavers","floor":30,"turns":2},{"damage":0,"enemies":"Centurion and Healer","floor":31,"turns":3},{"damage":14,"enemies":"Automaton","floor":33,"turns":4},{"damage":6,"enemies":"Orb Walker","floor":35,"turns":1},{"damage":0,"enemies":"3 Darklings","floor":36,"turns":1},{"damage":15,"enemies":"Sphere and 2 Shapes","floor":37,"turns":1},{"damage":6,"enemies":"Nemesis","floor":41,"turns":1},{"damage":2,"enemies":"Giant Head","floor":44,"turns":3},{"damage":0,"enemies":"Reptomancer","floor":46,"turns":2},{"damage":0,"enemies":"Spire Growth","floor":48,"turns":1},{"damage":62,"enemies":"Awakened One","floor":50,"turns":4}],"seed_played":"-6261638373892076947","potions_obtained":[{"floor":8,"key":"Regen Potion"},{"floor":10,"key":"Energy Potion"},{"floor":11,"key":"Fire Potion"},{"floor":14,"key":"Energy Potion"}],"is_trial":false,"path_per_floor":["M","?","M","M","$","E","R","E","T","E","M","$","M","M","R","B",null,"M","?","M","?","$","E","?","R","T","E","R","E","E","M","R","B",null,"M","M","M","?","?","R","E","R","T","E","?","E","T","M","R","B",null],"character_chosen":"IRONCLAD","items_purchased":["Shrug It Off","War Paint"],"campfire_rested":3,"item_purchase_floors":[5,22],"current_hp_per_floor":[88,88,88,88,88,53,79,62,62,54,62,62,70,76,76,25,88,88,82,88,88,88,54,44,72,72,80,80,75,76,84,84,78,94,94,94,85,75,75,75,77,94,94,94,89,89,89,89,89,45],"gold":150,"neow_bonus":"TEN_PERCENT_HP_BONUS","is_prod":false,"is_daily":false,"chose_seed":false,"campfire_upgraded":5,"win_rate":0,"timestamp":1549758534,"path_taken":["M","?","M","M","$","E","R","E","T","E","M","$","M","?","R","BOSS","M","?","M","?","$","E","?","R","T","E","R","E","E","M","R","BOSS","M","M","M","?","?","R","E","R","T","E","?","E","?","M","R","BOSS"],"build_version":"2019-01-23","purchased_purges":1,"victory":true,"max_hp_per_floor":[88,88,88,88,88,88,88,88,88,88,88,88,88,88,88,88,88,88,88,88,88,88,88,94,94,94,94,94,94,94,94,94,94,94,94,94,94,94,94,94,94,94,94,94,89,89,89,89,89,89],"card_choices":[{"not_picked":["Warcry","Headbutt"],"picked":"Cleave","floor":1},{"not_picked":["Corruption","Seeing Red"],"picked":"Cleave","floor":3},{"not_picked":["Anger","Body Slam"],"picked":"Sword Boomerang","floor":4},{"not_picked":["Fire Breathing","Pommel Strike"],"picked":"Whirlwind","floor":6},{"not_picked":["Wild Strike","Carnage"],"picked":"Flex","floor":8},{"not_picked":["Corruption","Intimidate"],"picked":"Immolate","floor":10},{"not_picked":["Havoc","Flex"],"picked":"Anger","floor":11},{"not_picked":["Heavy Blade","Wild Strike"],"picked":"Pummel","floor":13},{"not_picked":["Twin Strike","Wild Strike"],"picked":"Fire Breathing","floor":14},{"not_picked":["Exhume","Juggernaut"],"picked":"Limit Break","floor":16},{"not_picked":["Sword Boomerang","Uppercut","Perfected Strike"],"picked":"SKIP","floor":18},{"not_picked":["Sentinel","Anger+1"],"picked":"Flex+1","floor":20},{"not_picked":["Anger","Warcry"],"picked":"Flex","floor":23},{"not_picked":["Metallicize","Blood for Blood"],"picked":"Cleave+1","floor":27},{"not_picked":["Battle Trance","Entrench+1","Exhume"],"picked":"SKIP","floor":29},{"not_picked":["Flex","Perfected Strike","Battle Trance"],"picked":"SKIP","floor":30},{"not_picked":["Shrug It Off","Power Through+1","Second Wind"],"picked":"SKIP","floor":31},{"not_picked":["Berserk","Exhume"],"picked":"Offering","floor":33},{"not_picked":["Headbutt+1","Body Slam","Iron Wave+1"],"picked":"SKIP","floor":35},{"not_picked":["Perfected Strike","Iron Wave","Wild Strike"],"picked":"SKIP","floor":36},{"not_picked":["Hemokinesis+1","Carnage","Warcry"],"picked":"SKIP","floor":37},{"not_picked":["The Bomb","Impatience"],"picked":"Secret Weapon","floor":38},{"not_picked":["Headbutt+1","Rage","Shrug It Off"],"picked":"SKIP","floor":41},{"not_picked":["Sever Soul+1","Clothesline+1","Clash+1"],"picked":"SKIP","floor":44},{"not_picked":["Reckless Charge","Thunderclap+1","Heavy Blade"],"picked":"SKIP","floor":46},{"not_picked":["Iron Wave+1","Pommel Strike+1","Perfected Strike+1"],"picked":"SKIP","floor":48}],"player_experience":116440,"relics_obtained":[{"floor":6,"key":"Darkstone Periapt"},{"floor":8,"key":"Mercury Hourglass"},{"floor":9,"key":"Blood Vial"},{"floor":10,"key":"Centennial Puzzle"},{"floor":23,"key":"Bag of Preparation"},{"floor":24,"key":"Necronomicon"},{"floor":26,"key":"WingedGreaves"},{"floor":27,"key":"Nunchaku"},{"floor":29,"key":"Oddly Smooth Stone"},{"floor":30,"key":"StoneCalendar"},{"floor":41,"key":"Meat on the Bone"},{"floor":43,"key":"Bag of Marbles"},{"floor":44,"key":"Sundial"},{"floor":46,"key":"Dead Branch"},{"floor":47,"key":"Whetstone"}],"event_choices":[{"damage_healed":0,"gold_gain":0,"player_choice":"Paid Gold","damage_taken":0,"relics_obtained":["Vajra"],"max_hp_gain":0,"max_hp_loss":0,"event_name":"WeMeetAgain","floor":2,"gold_loss":67},{"damage_healed":0,"gold_gain":0,"player_choice":"Joined the Cult","damage_taken":6,"max_hp_gain":0,"max_hp_loss":0,"event_name":"Nest","floor":19,"gold_loss":0,"cards_obtained":["RitualDagger"]},{"damage_healed":0,"gold_gain":0,"player_choice":"Ignored","damage_taken":0,"max_hp_gain":0,"max_hp_loss":0,"event_name":"Ghosts","floor":21,"gold_loss":0},{"damage_healed":0,"gold_gain":0,"player_choice":"Obtained Book","damage_taken":16,"max_hp_gain":0,"max_hp_loss":0,"event_name":"Cursed Tome","floor":24,"gold_loss":0},{"damage_healed":0,"gold_gain":0,"player_choice":"Memory 3","damage_taken":10,"max_hp_gain":0,"max_hp_loss":0,"event_name":"SensoryStone","floor":38,"gold_loss":0},{"damage_healed":0,"gold_gain":0,"player_choice":"Paid","damage_taken":0,"relics_obtained":["Red Mask"],"max_hp_gain":0,"max_hp_loss":0,"event_name":"Tomb of Lord Red Mask","floor":39,"gold_loss":338},{"damage_healed":0,"gold_gain":0,"player_choice":"Max HP","damage_taken":0,"max_hp_gain":0,"max_hp_loss":5,"event_name":"Winding Halls","floor":45,"gold_loss":0}],"is_beta":false,"boss_relics":[{"not_picked":["Velvet Choker","Coffee Dripper"],"picked":"Sozu"},{"not_picked":["Orrery","Snecko Eye"],"picked":"Philosopher\u0027s Stone"}],"items_purged_floors":[12],"is_endless":false,"potions_floor_spawned":[8,10,11,14,23,27,30,31,33,35,44,46],"ascension_level":1}