{"path_per_floor":["M","M","M","M","M","R","M","E","T","?","?","E","R","E","R"],"character_chosen":"THE_SILENT","items_purchased":[],"gold_per_floor":[11,28,42,0,20,20,30,65,65,115,115,144,144,175,175],"floor_reached":16,"campfire_rested":1,"playtime":1878,"current_hp_per_floor":[67,59,52,52,43,43,43,34,34,34,34,36,36,24,50],"items_purged":[],"gold":175,"score":279,"play_id":"cb139314-43f8-4ddd-9024-d03e9fcabe4e","is_prod":false,"is_daily":false,"is_ascension_mode":true,"campfire_upgraded":1,"path_taken":["M","M","M","M","M","R","M","E","T","?","?","E","R","E","R","BOSS"],"build_version":"2018-02-16-BETA2","purchased_purges":0,"victory":false,"master_deck":["Defend_G","Defend_G","Defend_G","Defend_G","Defend_G","Strike_G","Strike_G","Strike_G","Strike_G","Strike_G","Survivor","Neutralize","Parasite","Well Laid Plans+1","Bullet Time","Dash","Flying Knee","Backflip","Expertise","Setup"],"max_hp_per_floor":[80,80,80,80,80,80,80,80,80,80,80,82,82,89,89],"relics":["Ring of the Snake","Mango","Happy Flower","Girya","Singing Bowl","Strawberry"],"card_choices":[{"not_picked":["Bane","PiercingWail"],"picked":"Well Laid Plans"},{"not_picked":["PiercingWail","Calculated Gamble"],"picked":"Bullet Time"},{"not_picked":["Infinite Blades","Sucker Punch"],"picked":"Dash"},{"not_picked":["Skewer","Deflect"],"picked":"Flying Knee"},{"not_picked":["Prepared","Deflect"],"picked":"Backflip"},{"not_picked":["Slice","Dagger Spray"],"picked":"Expertise"},{"not_picked":["Crippling Poison","Acrobatics"],"picked":"Setup"}],"player_experience":740169,"potions_floor_usage":[8,12,12,14,16],"damage_taken":[{"damage":6,"enemies":"Jaw Worm","floor":1,"turns":5},{"damage":8,"enemies":"Cultist","floor":2,"turns":6},{"damage":7,"enemies":"2 Louse","floor":3,"turns":3},{"damage":0,"enemies":"Looter","floor":4,"turns":5},{"damage":9,"enemies":"Large Slime","floor":5,"turns":10},{"damage":0,"enemies":"2 Fungi Beasts","floor":7,"turns":4},{"damage":9,"enemies":"3 Sentries","floor":8,"turns":9},{"damage":0,"enemies":"Lagavulin","floor":12,"turns":9},{"damage":19,"enemies":"Gremlin Nob","floor":14,"turns":5},{"damage":56,"enemies":"Slime Boss","floor":16,"turns":14}],"event_choices":[{"event_name":"Golden Shrine","player_choice":"Pray","floor":10,"damage_taken":0},{"event_name":"Shining Light","player_choice":"Ignored","floor":11,"damage_taken":0}],"boss_relics":[],"potions_floor_spawned":[3,5,7,8,14],"seed_played":"-1755642659866127647","killed_by":"Slime Boss","ascension_level":15,"is_trial":false}