{"gold_per_floor":[114,114,114,128,148,182,182,207,230,240,240],"floor_reached":11,"playtime":747,"items_purged":[],"score":154,"play_id":"a7187420-cd8a-4244-a670-8b729569b0f7","local_time":"20190215191955","is_ascension_mode":true,"campfire_choices":[{"floor":7,"key":"REST"}],"neow_cost":"NONE","seed_source_timestamp":100782872739819,"circlet_count":0,"master_deck":["AscendersBane","Strike_R","Strike_R","Strike_R","Strike_R","Defend_R+1","Defend_R","Defend_R+1","Defend_R","Bash","Disarm","Iron Wave","Sword Boomerang","Armaments"],"relics":["Burning Blood","Vajra","Bag of Marbles","War Paint"],"potions_floor_usage":[5,8],"damage_taken":[{"damage":16,"enemies":"Jaw Worm","floor":1,"turns":5},{"damage":1,"enemies":"2 Louse","floor":4,"turns":4},{"damage":11,"enemies":"Small Slimes","floor":5,"turns":6},{"damage":34,"enemies":"Gremlin Nob","floor":6,"turns":5},{"damage":41,"enemies":"Lagavulin","floor":8,"turns":9},{"damage":1,"enemies":"Blue Slaver","floor":10,"turns":4},{"damage":56,"enemies":"Gremlin Nob","floor":11,"turns":4}],"seed_played":"5317973344443469357","potions_obtained":[{"floor":1,"key":"Swift Potion"},{"floor":6,"key":"Block Potion"}],"is_trial":false,"path_per_floor":["M","?","?","M","M","E","R","E","T","M","E"],"character_chosen":"IRONCLAD","items_purchased":[],"campfire_rested":1,"item_purchase_floors":[],"current_hp_per_floor":[65,65,58,63,58,30,54,19,19,24,0],"gold":240,"neow_bonus":"TEN_PERCENT_HP_BONUS","is_prod":false,"is_daily":false,"chose_seed":false,"campfire_upgraded":0,"win_rate":0,"timestamp":1550287195,"path_taken":["M","?","?","M","M","E","R","E","T","M","E"],"build_version":"2019-02-06","purchased_purges":0,"victory":false,"max_hp_per_floor":[82,82,82,82,82,82,82,82,82,82,82],"card_choices":[{"not_picked":["Sword Boomerang","Clash"],"picked":"Disarm","floor":1},{"not_picked":["Sever Soul","Heavy Blade"],"picked":"Iron Wave","floor":4},{"not_picked":["Thunderclap","Infernal Blade"],"picked":"Sword Boomerang","floor":5},{"not_picked":["Hemokinesis","Juggernaut"],"picked":"Armaments","floor":6},{"not_picked":["Pommel Strike","Infernal Blade","Hemokinesis"],"picked":"SKIP","floor":8},{"not_picked":["Bloodletting","Body Slam","Entrench"],"picked":"SKIP","floor":10},{"not_picked":["Bloodletting","Body Slam","Entrench"],"picked":"SKIP","floor":10}],"player_experience":800282,"relics_obtained":[{"floor":6,"key":"Vajra"},{"floor":8,"key":"Bag of Marbles"},{"floor":9,"key":"War Paint"}],"event_choices":[{"damage_healed":0,"gold_gain":0,"player_choice":"Ignored","damage_taken":0,"max_hp_gain":0,"max_hp_loss":0,"event_name":"Liars Game","floor":2,"gold_loss":0},{"cards_removed":["Strike_R"],"damage_healed":0,"gold_gain":0,"player_choice":"Card Removal","damage_taken":7,"max_hp_gain":0,"max_hp_loss":0,"event_name":"Golden Wing","floor":3,"gold_loss":0}],"is_beta":true,"boss_relics":[],"items_purged_floors":[],"is_endless":false,"potions_floor_spawned":[1,6],"killed_by":"Gremlin Nob","ascension_level":17}