{"gold_per_floor":[116,41,56,75,95,125,125,157,227,253,253,253,253,268,268,364,364,381,400,417,417,0,0,34,34,34,34],"floor_reached":27,"playtime":1663,"items_purged":["Strike_B","Strike_B"],"score":314,"play_id":"b49e7fa2-ef04-4c67-a288-5fe148ec71da","local_time":"20190223111414","is_ascension_mode":true,"campfire_choices":[{"data":"Hologram","floor":7,"key":"SMITH"},{"data":"Self Repair","floor":11,"key":"SMITH"},{"data":"Zap","floor":15,"key":"SMITH"},{"data":"Static Discharge","floor":23,"key":"SMITH"},{"data":"Chill","floor":25,"key":"SMITH"}],"neow_cost":"NONE","seed_source_timestamp":711717354239689,"circlet_count":0,"master_deck":["Strike_B","Strike_B","Defend_B","Defend_B","Defend_B","Defend_B","Zap+1","Dualcast","Electrodynamics","Hologram+1","Glacier","Ball Lightning","Self Repair+1","Conserve Battery","Core Surge","Static Discharge+1","BootSequence","Capacitor","Chill+1"],"relics":["Cracked Core","Gambling Chip","Ice Cream","Bottled Lightning","Oddly Smooth Stone","Boot","Sozu","Dodecahedron","Mummified Hand","Dead Branch"],"potions_floor_usage":[6,10,16,24],"damage_taken":[{"damage":2,"enemies":"Jaw Worm","floor":1,"turns":3},{"damage":1,"enemies":"Small Slimes","floor":3,"turns":3},{"damage":3,"enemies":"2 Louse","floor":4,"turns":2},{"damage":0,"enemies":"Exordium Thugs","floor":5,"turns":3},{"damage":29,"enemies":"Lagavulin","floor":6,"turns":7},{"damage":5,"enemies":"3 Sentries","floor":8,"turns":4},{"damage":22,"enemies":"Gremlin Nob","floor":10,"turns":5},{"damage":1,"enemies":"Blue Slaver","floor":14,"turns":4},{"damage":26,"enemies":"Hexaghost","floor":16,"turns":12},{"damage":5,"enemies":"2 Thieves","floor":18,"turns":4},{"damage":3,"enemies":"Shell Parasite","floor":19,"turns":5},{"damage":16,"enemies":"Snecko","floor":20,"turns":5},{"damage":10,"enemies":"Slavers","floor":24,"turns":2},{"damage":46,"enemies":"Book of Stabbing","floor":27,"turns":4}],"seed_played":"-5479597478951562931","potions_obtained":[{"floor":4,"key":"Dexterity Potion"},{"floor":5,"key":"Poison Potion"},{"floor":14,"key":"LiquidBronze"},{"floor":16,"key":"Explosive Potion"}],"is_trial":false,"path_per_floor":["M","$","M","M","M","E","R","E","T","E","R","?","?","M","R","B",null,"M","M","M","?","$","R","E","R","T","E"],"character_chosen":"DEFECT","items_purchased":["Capacitor","Dodecahedron"],"campfire_rested":0,"item_purchase_floors":[22,22],"current_hp_per_floor":[73,73,72,69,69,40,40,35,35,20,20,13,38,47,47,31,64,69,75,69,55,55,55,45,45,45,0],"gold":34,"neow_bonus":"ONE_RANDOM_RARE_CARD","is_prod":false,"is_daily":false,"chose_seed":false,"campfire_upgraded":5,"win_rate":0,"timestamp":1550916854,"path_taken":["M","$","M","M","M","E","R","E","T","E","R","?","?","M","R","BOSS","M","M","M","?","$","R","E","R","T","E"],"build_version":"2019-01-23","purchased_purges":2,"victory":false,"max_hp_per_floor":[75,75,75,75,75,75,75,75,75,75,75,75,75,75,75,75,75,75,75,75,80,80,80,80,80,80,80],"card_choices":[{"not_picked":["Sweeping Beam","Stack","Turbo"],"picked":"SKIP","floor":1},{"not_picked":["Stack","Skim","Compile Driver"],"picked":"SKIP","floor":3},{"not_picked":["Hello World","Turbo"],"picked":"Hologram","floor":4},{"not_picked":["Multi-Cast","Streamline"],"picked":"Glacier","floor":5},{"not_picked":["Sweeping Beam","Hologram"],"picked":"Ball Lightning","floor":6},{"not_picked":["Fission","Coolheaded"],"picked":"Self Repair","floor":8},{"not_picked":["Sunder","Compile Driver"],"picked":"Conserve Battery","floor":10},{"not_picked":["Gash","Hologram","Redo"],"picked":"SKIP","floor":14},{"not_picked":["Rainbow","Creative AI"],"picked":"Core Surge","floor":16},{"not_picked":["Hologram+1","Sweeping Beam"],"picked":"Static Discharge","floor":18},{"not_picked":["Redo","Reprogram+1"],"picked":"BootSequence","floor":19},{"not_picked":["Go for the Eyes","Rebound+1","Turbo"],"picked":"SKIP","floor":20},{"not_picked":["Cold Snap","Reprogram"],"picked":"Chill","floor":24}],"player_experience":379389,"relics_obtained":[{"floor":6,"key":"Gambling Chip"},{"floor":8,"key":"Ice Cream"},{"floor":9,"key":"Bottled Lightning"},{"floor":10,"key":"Oddly Smooth Stone"},{"floor":24,"key":"Mummified Hand"},{"floor":26,"key":"Dead Branch"}],"event_choices":[{"damage_healed":0,"gold_gain":0,"player_choice":"Success","damage_taken":7,"relics_obtained":["Boot"],"max_hp_gain":0,"max_hp_loss":0,"event_name":"Scrap Ooze","floor":12,"gold_loss":0},{"damage_healed":25,"gold_gain":0,"player_choice":"Banana","damage_taken":0,"max_hp_gain":0,"max_hp_loss":0,"event_name":"Big Fish","floor":13,"gold_loss":0},{"damage_healed":0,"gold_gain":0,"player_choice":"Shed Blood","damage_taken":19,"max_hp_gain":5,"max_hp_loss":0,"event_name":"Forgotten Altar","floor":21,"gold_loss":0}],"is_beta":false,"boss_relics":[{"not_picked":["Empty Cage","Black Star"],"picked":"Sozu"}],"items_purged_floors":[2,22],"is_endless":false,"potions_floor_spawned":[4,5,14,16,19,20],"killed_by":"Book of Stabbing","ascension_level":5}