{"gold_per_floor":[112,131,149,161,177,177,509,524,524,61,75,100,100,115,115,210,210,221,237,249,4,4,38,38,53,53,53,53,53,80,100,100,100],"floor_reached":33,"playtime":1620,"items_purged":["Strike_R","Strike_R"],"score":482,"play_id":"b02186b0-fe83-4adb-8364-55fd9ac281ed","local_time":"20190228123820","is_ascension_mode":true,"campfire_choices":[{"data":"Inflame","floor":6.0,"key":"SMITH"},{"data":"Inflame","floor":13.0,"key":"SMITH"},{"data":"True Grit","floor":15.0,"key":"SMITH"},{"data":"Whirlwind","floor":24.0,"key":"SMITH"},{"data":"Fiend Fire","floor":27.0,"key":"SMITH"},{"floor":29.0,"key":"REST"},{"floor":32.0,"key":"REST"}],"neow_cost":"NONE","seed_source_timestamp":1148345008600064,"circlet_count":0,"master_deck":["AscendersBane","Strike_R","Strike_R","Defend_R","Defend_R","Defend_R","Defend_R","Bash","Seeing Red","Heavy Blade","Seeing Red","Inflame+1","Fiend Fire+1","Headbutt","Inflame+1","Whirlwind+1","Shrug It Off","Heavy Blade","True Grit+1","Double Tap","Armaments+1","Shrug It Off","Dual Wield","Offering","Seeing Red","RitualDagger"],"special_seed":0,"relics":["Burning Blood","Old Coin","Letter Opener","Bottled Flame","Pear","Black Star","Pen Nib","Juzu Bracelet","Bottled Lightning","Regal Pillow","Blue Candle","PreservedInsect"],"potions_floor_usage":[],"damage_taken":[{"damage":13.0,"enemies":"Jaw Worm","floor":1.0,"turns":4.0},{"damage":4.0,"enemies":"Small Slimes","floor":2.0,"turns":3.0},{"damage":1.0,"enemies":"Cultist","floor":3.0,"turns":3.0},{"damage":8.0,"enemies":"Exordium Thugs","floor":4.0,"turns":4.0},{"damage":16.0,"enemies":"Lots of Slimes","floor":5.0,"turns":6.0},{"damage":20.0,"enemies":"3 Sentries","floor":7.0,"turns":8.0},{"damage":8.0,"enemies":"Looter","floor":8.0,"turns":3.0},{"damage":13.0,"enemies":"Blue Slaver","floor":11.0,"turns":3.0},{"damage":16.0,"enemies":"Gremlin Nob","floor":12.0,"turns":3.0},{"damage":13.0,"enemies":"Exordium Thugs","floor":14.0,"turns":2.0},{"damage":21.0,"enemies":"The Guardian","floor":16.0,"turns":10.0},{"damage":16.0,"enemies":"3 Byrds","floor":18.0,"turns":8.0},{"damage":7.0,"enemies":"Chosen","floor":19.0,"turns":4.0},{"damage":9.0,"enemies":"Centurion and Healer","floor":20.0,"turns":3.0},{"damage":35.0,"enemies":"Gremlin Leader","floor":23.0,"turns":5.0},{"damage":0.0,"enemies":"3 Cultists","floor":25.0,"turns":2.0},{"damage":22.0,"enemies":"Book of Stabbing","floor":30.0,"turns":4.0},{"damage":15.0,"enemies":"Snecko","floor":31.0,"turns":4.0},{"damage":93,"enemies":"Automaton","floor":33,"turns":6}],"seed_played":"-6882312064282563662","potions_obtained":[{"floor":5.0,"key":"Regen Potion"},{"floor":7.0,"key":"Weak Potion"},{"floor":8.0,"key":"Fire Potion"},{"floor":12.0,"key":"SkillPotion"},{"floor":19.0,"key":"PowerPotion"},{"floor":23.0,"key":"Ancient Potion"},{"floor":25.0,"key":"EssenceOfSteel"},{"floor":31.0,"key":"Poison Potion"}],"is_trial":false,"path_per_floor":["M","M","M","M","M","R","E","M","T","$","M","E","R","M","R","B",null,"M","M","M","$","?","E","R","M","T","R","?","R","E","M","R","B"],"character_chosen":"IRONCLAD","items_purchased":["Bottled Flame","Shrug It Off","Heavy Blade","PowerPotion","Pen Nib"],"campfire_rested":2,"item_purchase_floors":[10,10,10,10,21],"current_hp_per_floor":[65,67,72,70,60,60,61,59,59,59,52,52,52,45,45,30,75,65,64,61,61,61,32,32,38,38,38,32,74,58,49,90,0],"gold":100,"neow_bonus":"TRANSFORM_CARD","is_prod":false,"is_daily":false,"chose_seed":false,"campfire_upgraded":5,"win_rate":0,"timestamp":1551353900,"path_taken":["M","M","M","M","M","R","E","M","T","$","M","E","R","M","R","BOSS","M","M","M","$","?","E","R","M","T","R","?","R","E","M","R","BOSS"],"build_version":"2019-01-23","purchased_purges":2,"victory":false,"max_hp_per_floor":[80,80,80,80,80,80,80,80,80,80,80,90,90,90,90,90,90,90,90,90,90,90,90,90,90,90,90,90,90,90,90,90,90],"card_choices":[{"not_picked":["Clash","Body Slam"],"picked":"Heavy Blade","floor":1.0},{"not_picked":["Clash","Intimidate"],"picked":"Seeing Red","floor":2.0},{"not_picked":["Clash","Warcry"],"picked":"Inflame","floor":3.0},{"not_picked":["Fire Breathing","Warcry"],"picked":"Fiend Fire","floor":4.0},{"not_picked":["Wild Strike","Infernal Blade"],"picked":"Headbutt","floor":5.0},{"not_picked":["Blood for Blood","Burning Pact"],"picked":"Inflame","floor":7.0},{"not_picked":["Sword Boomerang","Armaments"],"picked":"Whirlwind","floor":8.0},{"not_picked":["Thunderclap","Clash","Iron Wave"],"picked":"SKIP","floor":11.0},{"not_picked":["Corruption","Wild Strike","Perfected Strike"],"picked":"SKIP","floor":12.0},{"not_picked":["Clothesline","Pommel Strike"],"picked":"True Grit","floor":14.0},{"not_picked":["Immolate","Offering"],"picked":"Double Tap","floor":16.0},{"not_picked":["Heavy Blade","Blood for Blood"],"picked":"Armaments+1","floor":18.0},{"not_picked":["True Grit","Flex+1"],"picked":"Shrug It Off","floor":19.0},{"not_picked":["Headbutt","Wild Strike+1"],"picked":"Dual Wield","floor":20.0},{"not_picked":["Juggernaut","Body Slam"],"picked":"Seeing Red","floor":23.0},{"not_picked":["Bloodletting","Cleave","Pommel Strike"],"picked":"SKIP","floor":25.0},{"not_picked":["Anger","Rupture","Perfected Strike"],"picked":"SKIP","floor":30.0},{"not_picked":["Anger+1","Whirlwind","Sentinel"],"picked":"SKIP","floor":31.0}],"player_experience":638415,"relics_obtained":[{"floor":7.0,"key":"Old Coin"},{"floor":9.0,"key":"Letter Opener"},{"floor":12.0,"key":"Pear"},{"floor":23.0,"key":"Juzu Bracelet"},{"floor":23.0,"key":"Bottled Lightning"},{"floor":26.0,"key":"Regal Pillow"},{"floor":30.0,"key":"Blue Candle"},{"floor":30.0,"key":"PreservedInsect"}],"event_choices":[{"damage_healed":0.0,"max_hp_gain":0.0,"max_hp_loss":0.0,"gold_gain":0.0,"event_name":"The Library","player_choice":"Read","floor":22.0,"gold_loss":0.0,"damage_taken":0.0,"cards_obtained":["Offering"]},{"damage_healed":0.0,"max_hp_gain":0.0,"max_hp_loss":0.0,"gold_gain":0.0,"event_name":"Nest","player_choice":"Joined the Cult","floor":28.0,"gold_loss":0.0,"damage_taken":6.0,"cards_obtained":["RitualDagger"]}],"is_beta":false,"boss_relics":[{"not_picked":["Tiny House","Ectoplasm"],"picked":"Black Star"}],"items_purged_floors":[10,21],"is_endless":false,"potions_floor_spawned":[5,7,8,11,12,19,23,25,31],"killed_by":"Automaton","ascension_level":12}