{"gold_per_floor":[109,109,124,124,71,71,107,107,158,72,72,87,87,108,108,204,204,220,5,19,19,19,19,62,62,62,100,150,150,150,169,169,267,267,280,304,319,189,208,208,226,226,250,250,250],"floor_reached":45,"playtime":3429,"items_purged":["Strike_R+1"],"score":853,"play_id":"2abdb455-ca5d-4ad5-8e99-66a0d6c1c5c4","local_time":"20190218184606","is_ascension_mode":true,"campfire_choices":[{"data":"Rampage","floor":6,"key":"SMITH"},{"floor":8,"key":"REST"},{"floor":11,"key":"REST"},{"data":"Disarm","floor":13,"key":"SMITH"},{"data":"Flame Barrier","floor":15,"key":"SMITH"},{"data":"Reaper","floor":23,"key":"SMITH"},{"data":"Metallicize","floor":25,"key":"SMITH"},{"floor":29,"key":"REST"},{"floor":32,"key":"REST"},{"floor":40,"key":"REST"},{"floor":42,"key":"REST"},{"data":"Limit Break","floor":44,"key":"SMITH"}],"neow_cost":"NONE","seed_source_timestamp":9564363860097,"circlet_count":0,"master_deck":["AscendersBane","Strike_R+1","Strike_R+1","Strike_R+1","Strike_R+1","Defend_R+1","Defend_R+1","Defend_R+1","Defend_R+1","Bash","Fiend Fire","Flame Barrier+1","Rampage+1","Shrug It Off","Fiend Fire","Metallicize+1","Disarm+1","Reaper+1","Headbutt","J.A.X.","Limit Break+1","Disarm","True Grit"],"relics":["Burning Blood","Golden Idol","Nunchaku","Blue Candle","Busted Crown","Bronze Scales","Orichalcum","Frozen Egg 2","Gambling Chip","Lizard Tail","Art of War"],"potions_floor_usage":[16,24,24,24,27,39,45],"damage_taken":[{"damage":0,"enemies":"Small Slimes","floor":1,"turns":2},{"damage":9,"enemies":"Jaw Worm","floor":3,"turns":4},{"damage":44,"enemies":"3 Sentries","floor":7,"turns":15},{"damage":0,"enemies":"2 Louse","floor":12,"turns":3},{"damage":13,"enemies":"Lots of Slimes","floor":14,"turns":5},{"damage":22,"enemies":"The Guardian","floor":16,"turns":13},{"damage":10,"enemies":"Spheric Guardian","floor":18,"turns":5},{"damage":5,"enemies":"3 Byrds","floor":20,"turns":4},{"damage":27,"enemies":"Book of Stabbing","floor":24,"turns":7},{"damage":33,"enemies":"Slavers","floor":27,"turns":7},{"damage":20,"enemies":"Snake Plant","floor":31,"turns":3},{"damage":51,"enemies":"Champ","floor":33,"turns":13},{"damage":28,"enemies":"3 Shapes","floor":35,"turns":9},{"damage":13,"enemies":"Orb Walker","floor":36,"turns":3},{"damage":39,"enemies":"Sphere and 2 Shapes","floor":37,"turns":7},{"damage":23,"enemies":"Jaw Worm Horde","floor":39,"turns":6},{"damage":44,"enemies":"Spire Growth","floor":41,"turns":7},{"damage":89,"enemies":"Maw","floor":45,"turns":9}],"seed_played":"3614007999556134351","potions_obtained":[{"floor":3,"key":"EntropicBrew"},{"floor":14,"key":"Poison Potion"},{"floor":16,"key":"Swift Potion"},{"floor":31,"key":"FairyPotion"},{"floor":33,"key":"PowerPotion"},{"floor":41,"key":"Fruit Juice"}],"is_trial":false,"path_per_floor":["M","?","M","T","$","R","E","R","T","$","R","M","R","M","R","B",null,"M","$","M","?","?","R","E","R","T","E","?","R","?","M","R","B",null,"M","M","M","$","M","R","M","R","T","R","M"],"character_chosen":"IRONCLAD","items_purchased":["Shrug It Off","Metallicize","Headbutt","Bronze Scales","True Grit"],"campfire_rested":6,"item_purchase_floors":[5,10,19,19,38],"current_hp_per_floor":[74,48,45,45,45,45,7,29,29,29,51,57,57,50,50,34,65,61,61,64,64,64,64,48,48,48,27,27,49,49,42,64,30,64,49,42,9,9,22,44,13,35,35,35,0],"gold":250,"neow_bonus":"ONE_RANDOM_RARE_CARD","is_prod":false,"is_daily":false,"chose_seed":false,"campfire_upgraded":6,"win_rate":0,"timestamp":1550544366,"path_taken":["M","?","M","?","?","R","E","R","T","$","R","M","R","M","R","BOSS","M","$","M","?","?","R","E","R","T","E","?","R","?","M","R","BOSS","M","M","M","$","M","R","M","R","T","R","M"],"build_version":"2019-01-23","purchased_purges":1,"victory":false,"max_hp_per_floor":[75,75,75,75,75,75,75,75,75,75,75,75,75,75,75,75,75,75,75,75,75,75,75,75,75,75,75,75,75,75,75,75,75,75,75,75,75,75,75,75,75,75,75,75,80],"card_choices":[{"not_picked":["Warcry","Sword Boomerang"],"picked":"Flame Barrier","floor":1},{"not_picked":["Thunderclap","Intimidate"],"picked":"Rampage","floor":3},{"not_picked":["Rupture","Armaments"],"picked":"Fiend Fire","floor":7},{"not_picked":["Wild Strike","Pummel"],"picked":"Disarm","floor":12},{"not_picked":["Heavy Blade","Thunderclap","Twin Strike"],"picked":"SKIP","floor":14},{"not_picked":["Impervious","Bludgeon"],"picked":"Reaper","floor":16},{"not_picked":["Infernal Blade"],"picked":"SKIP","floor":18},{"not_picked":["Headbutt"],"picked":"SKIP","floor":20},{"not_picked":["Iron Wave"],"picked":"SKIP","floor":24},{"not_picked":["Burning Pact"],"picked":"SKIP","floor":27},{"not_picked":["Rage"],"picked":"SKIP","floor":31},{"not_picked":[],"picked":"Limit Break","floor":33},{"not_picked":["Sword Boomerang"],"picked":"SKIP","floor":35},{"not_picked":["Body Slam"],"picked":"SKIP","floor":36},{"not_picked":[],"picked":"Disarm","floor":37},{"not_picked":["Headbutt+1"],"picked":"SKIP","floor":39},{"not_picked":["Clash+1"],"picked":"SKIP","floor":41}],"player_experience":836380,"relics_obtained":[{"floor":4,"key":"Nunchaku"},{"floor":7,"key":"Blue Candle"},{"floor":24,"key":"Orichalcum"},{"floor":26,"key":"Frozen Egg 2"},{"floor":27,"key":"Gambling Chip"},{"floor":43,"key":"Art of War"}],"event_choices":[{"damage_healed":0,"gold_gain":0,"player_choice":"Take Damage","damage_taken":26,"relics_obtained":["Golden Idol"],"max_hp_gain":0,"max_hp_loss":0,"event_name":"Golden Idol","floor":2,"gold_loss":0},{"damage_healed":0,"gold_gain":0,"player_choice":"Simplicity","damage_taken":0,"max_hp_gain":0,"max_hp_loss":0,"event_name":"Back to Basics","floor":21,"gold_loss":0,"cards_upgraded":["Strike_R","Strike_R","Strike_R","Strike_R","Strike_R","Defend_R","Defend_R","Defend_R","Defend_R"]},{"damage_healed":0,"gold_gain":0,"player_choice":"Ignored","damage_taken":0,"max_hp_gain":0,"max_hp_loss":0,"event_name":"Ghosts","floor":22,"gold_loss":0},{"damage_healed":0,"gold_gain":50,"player_choice":"Stole From Cult","damage_taken":0,"max_hp_gain":0,"max_hp_loss":0,"event_name":"Nest","floor":28,"gold_loss":0},{"damage_healed":0,"gold_gain":0,"player_choice":"Obtain J.A.X.","damage_taken":0,"max_hp_gain":0,"max_hp_loss":0,"event_name":"Drug Dealer","floor":30,"gold_loss":0,"cards_obtained":["J.A.X."]}],"is_beta":false,"boss_relics":[{"not_picked":["Coffee Dripper","Runic Cube"],"picked":"Busted Crown"},{"not_picked":["Astrolabe","Tiny House"],"picked":"Lizard Tail"}],"items_purged_floors":[38],"is_endless":false,"potions_floor_spawned":[3,14,16,31,33,35,36,41],"killed_by":"Maw","ascension_level":18}