{"gold_per_floor":[116,14,26,40,40,40,73,88,111,123,151,193,205,292,304,413,425,447,474,576,588],"floor_reached":21,"playtime":1828,"items_purged":["Strike_R"],"score":236,"play_id":"e671ec2a-2692-4fc2-a0cd-425db32a0013","local_time":"20190222210900","is_ascension_mode":true,"campfire_choices":[{"data":"True Grit","floor":6,"key":"SMITH"},{"data":"Evolve","floor":13,"key":"SMITH"},{"floor":15,"key":"REST"}],"neow_cost":"NONE","seed_source_timestamp":660836027554339,"circlet_count":0,"master_deck":["Strike_R","Strike_R","Strike_R","Strike_R","Defend_R","Defend_R","Defend_R","Bash","Evolve+1","Power Through","True Grit+1","Pommel Strike","Feel No Pain","Armaments+1","Wild Strike","Spot Weakness","Disarm","Barricade","Sever Soul"],"relics":["Burning Blood","Anchor","MawBank","Ancient Tea Set","Coffee Dripper"],"potions_floor_usage":[11,16,21],"damage_taken":[{"damage":5,"enemies":"Small Slimes","floor":1,"turns":4},{"damage":9,"enemies":"Jaw Worm","floor":3,"turns":6},{"damage":1,"enemies":"Cultist","floor":4,"turns":3},{"damage":40,"enemies":"Gremlin Nob","floor":7,"turns":5},{"damage":0,"enemies":"Looter","floor":8,"turns":3},{"damage":24,"enemies":"Gremlin Gang","floor":11,"turns":6},{"damage":20,"enemies":"3 Sentries","floor":12,"turns":8},{"damage":27,"enemies":"Slime Boss","floor":16,"turns":10},{"damage":9,"enemies":"3 Byrds","floor":18,"turns":7},{"damage":2,"enemies":"Chosen","floor":19,"turns":5},{"damage":51,"enemies":"3 Cultists","floor":21,"turns":5}],"seed_played":"-8074932293131761558","potions_obtained":[{"floor":4,"key":"FearPotion"},{"floor":7,"key":"Swift Potion"},{"floor":8,"key":"Regen Potion"}],"is_trial":false,"path_per_floor":["M","$","M","M","?","R","E","M","T","?","M","E","R","?","R","B",null,"M","M","?","M"],"character_chosen":"IRONCLAD","items_purchased":["True Grit"],"campfire_rested":1,"item_purchase_floors":[2],"current_hp_per_floor":[80,80,77,80,73,73,39,45,45,45,42,28,28,20,44,23,66,63,67,51,0],"gold":588,"neow_bonus":"THREE_CARDS","is_prod":false,"is_daily":false,"chose_seed":false,"campfire_upgraded":2,"win_rate":0,"timestamp":1550866140,"path_taken":["M","$","M","M","?","R","E","M","T","?","M","E","R","?","R","BOSS","M","?","?","?"],"build_version":"2019-01-23","purchased_purges":1,"victory":false,"max_hp_per_floor":[80,80,80,80,80,80,80,80,80,80,80,80,80,80,80,80,80,80,80,80,80],"card_choices":[{"not_picked":["Carnage","Cleave"],"picked":"Evolve","floor":0},{"not_picked":["Sword Boomerang","Wild Strike"],"picked":"Power Through","floor":1},{"not_picked":["Perfected Strike","Heavy Blade"],"picked":"Pommel Strike","floor":3},{"not_picked":["Rampage","Cleave"],"picked":"Feel No Pain","floor":4},{"not_picked":["Heavy Blade","Rage"],"picked":"Armaments","floor":7},{"not_picked":["Intimidate","Dropkick"],"picked":"Wild Strike","floor":8},{"not_picked":["Hemokinesis","Limit Break"],"picked":"Spot Weakness","floor":11},{"not_picked":["Body Slam","Wild Strike"],"picked":"Disarm","floor":12},{"not_picked":["Double Tap","Exhume"],"picked":"Barricade","floor":16},{"not_picked":["Dropkick","Shrug It Off+1","Warcry+1"],"picked":"SKIP","floor":18},{"not_picked":["Power Through","Carnage"],"picked":"Sever Soul","floor":19}],"player_experience":364559,"relics_obtained":[{"floor":7,"key":"Anchor"},{"floor":9,"key":"MawBank"},{"floor":12,"key":"Ancient Tea Set"}],"event_choices":[{"cards_removed":["Defend_R"],"damage_healed":0,"gold_gain":0,"player_choice":"Card Removal","damage_taken":7,"max_hp_gain":0,"max_hp_loss":0,"event_name":"Golden Wing","floor":5,"gold_loss":0},{"damage_healed":0,"gold_gain":0,"player_choice":"Grow","damage_taken":0,"max_hp_gain":0,"max_hp_loss":0,"event_name":"Living Wall","floor":10,"gold_loss":0,"cards_upgraded":["Armaments"]},{"damage_healed":0,"gold_gain":75,"player_choice":"Touch","damage_taken":8,"max_hp_gain":0,"max_hp_loss":0,"event_name":"FaceTrader","floor":14,"gold_loss":0},{"damage_healed":0,"gold_gain":90,"player_choice":"GOLD ","damage_taken":16,"max_hp_gain":0,"max_hp_loss":0,"event_name":"Knowing Skull","floor":20,"potions_obtained":[],"gold_loss":0,"cards_obtained":[]}],"is_beta":false,"boss_relics":[{"not_picked":["White Beast Statue","Runic Dome"],"picked":"Coffee Dripper"}],"items_purged_floors":[2],"is_endless":false,"potions_floor_spawned":[4,7,8],"killed_by":"3 Cultists","ascension_level":5}