{"gold_per_floor":[114,134,144,163,88,116,116,116,188,202,202,277,140,151,151,253,253,268,257,267,286,110,110,110,110,159,171,182,182,212,281,281,281],"floor_reached":33,"playtime":4216,"items_purged":["Strike_G","Strike_G","Strike_G"],"score":296,"play_id":"e1d08acd-0cd8-42ce-8899-7a66eec092d3","local_time":"20190217163935","is_ascension_mode":false,"campfire_choices":[{"data":"Blind","floor":7,"key":"SMITH"},{"data":"Acrobatics","floor":11,"key":"SMITH"},{"data":"Blur","floor":15,"key":"SMITH"},{"data":"Crippling Poison","floor":23,"key":"SMITH"},{"data":"Blur","floor":29,"key":"SMITH"},{"data":"Tools of the Trade","floor":32,"key":"SMITH"}],"neow_cost":"NONE","seed_source_timestamp":210280138606743,"circlet_count":0,"master_deck":["Defend_G","Defend_G","Defend_G","Defend_G","Defend_G","Strike_G","Strike_G","Survivor","Neutralize","Blind+1","Dagger Throw","Backflip","Dodge and Roll","Acrobatics+1","Blur+1","Tools of the Trade+1","Underhanded Strike","Calculated Gamble+1","Crippling Poison+1","Poisoned Stab","Prepared+1","Blur+1","Eviscerate"],"relics":["Ring of the Snake","Ginger","Mercury Hourglass","Coffee Dripper","SsserpentHead","Ancient Tea Set","Omamori"],"potions_floor_usage":[6,6,16,20,30,33,33],"damage_taken":[{"damage":0,"enemies":"Jaw Worm","floor":1,"turns":8},{"damage":0,"enemies":"2 Louse","floor":2,"turns":4},{"damage":0,"enemies":"Small Slimes","floor":3,"turns":3},{"damage":0,"enemies":"2 Fungi Beasts","floor":4,"turns":4},{"damage":27,"enemies":"3 Sentries","floor":6,"turns":13},{"damage":0,"enemies":"Lots of Slimes","floor":10,"turns":3},{"damage":0,"enemies":"Large Slime","floor":14,"turns":7},{"damage":54,"enemies":"Slime Boss","floor":16,"turns":18},{"damage":0,"enemies":"3 Byrds","floor":18,"turns":6},{"damage":0,"enemies":"2 Thieves","floor":19,"turns":4},{"damage":12,"enemies":"Cultist and Chosen","floor":20,"turns":11},{"damage":2,"enemies":"Shelled Parasite and Fungi","floor":21,"turns":9},{"damage":0,"enemies":"Centurion and Healer","floor":27,"turns":9},{"damage":0,"enemies":"Snecko","floor":28,"turns":5},{"damage":0,"enemies":"Book of Stabbing","floor":30,"turns":7},{"damage":4,"enemies":"Snake Plant","floor":31,"turns":5},{"damage":55,"enemies":"Champ","floor":33,"turns":23}],"seed_played":"2197810492640392379","potions_obtained":[{"floor":1,"key":"FearPotion"},{"floor":3,"key":"FearPotion"},{"floor":6,"key":"Poison Potion"},{"floor":16,"key":"GhostInAJar"},{"floor":19,"key":"Dexterity Potion"},{"floor":20,"key":"EssenceOfSteel"},{"floor":21,"key":"LiquidBronze"},{"floor":27,"key":"Poison Potion"}],"is_trial":false,"path_per_floor":["M","M","M","M","$","E","R","?","T","M","R","?","$","M","R","B",null,"M","M","M","M","$","R","$","?","T","M","M","R","E","M","R","B"],"character_chosen":"THE_SILENT","items_purchased":["Blur","Poisoned Stab"],"campfire_rested":0,"item_purchase_floors":[13,22],"current_hp_per_floor":[70,70,70,70,70,43,43,66,66,66,66,55,55,55,55,1,70,70,70,58,56,56,56,56,56,56,56,56,56,56,52,52,0],"gold":281,"neow_bonus":"RANDOM_COLORLESS","is_prod":false,"is_daily":false,"chose_seed":false,"campfire_upgraded":6,"win_rate":0.0,"timestamp":1550417975,"path_taken":["M","M","M","M","$","E","R","?","T","M","R","?","$","M","R","BOSS","M","M","M","M","$","R","$","?","T","M","M","R","E","?","R","BOSS"],"build_version":"2019-01-23","purchased_purges":3,"victory":false,"max_hp_per_floor":[70,70,70,70,70,70,70,70,70,70,70,70,70,70,70,70,70,70,70,70,70,70,70,70,70,70,70,70,70,70,70,70,70],"card_choices":[{"not_picked":["Blade Dance","PiercingWail"],"picked":"Dagger Throw","floor":1},{"not_picked":["PiercingWail","Prepared"],"picked":"Backflip","floor":2},{"not_picked":["Predator","Outmaneuver","Skewer"],"picked":"SKIP","floor":3},{"not_picked":["Predator","Masterful Stab","Flechettes"],"picked":"SKIP","floor":4},{"not_picked":["Phantasmal Killer","Deflect"],"picked":"Dodge and Roll","floor":6},{"not_picked":["Leg Sweep","Dash"],"picked":"Acrobatics","floor":10},{"not_picked":["Dash","Finisher","Bane"],"picked":"SKIP","floor":14},{"not_picked":["Doppelganger","Venomology"],"picked":"Tools of the Trade","floor":16},{"not_picked":["Blade Dance","Outmaneuver","Skewer"],"picked":"SKIP","floor":18},{"not_picked":["Choke","Sucker Punch+1"],"picked":"Underhanded Strike","floor":19},{"not_picked":["Heel Hook","Tactician"],"picked":"Calculated Gamble+1","floor":20},{"not_picked":["Cloak And Dagger+1","Bane"],"picked":"Crippling Poison","floor":21},{"not_picked":["Sucker Punch","PiercingWail"],"picked":"Prepared+1","floor":27},{"not_picked":["Envenom","Deadly Poison"],"picked":"Blur","floor":28},{"not_picked":["Outmaneuver","Choke"],"picked":"Eviscerate","floor":30},{"not_picked":["Caltrops","Dash+1","PiercingWail"],"picked":"SKIP","floor":31}],"player_experience":49283,"relics_obtained":[{"floor":6,"key":"Ginger"},{"floor":9,"key":"Mercury Hourglass"},{"floor":26,"key":"Ancient Tea Set"},{"floor":30,"key":"Omamori"}],"event_choices":[{"damage_healed":23,"gold_gain":0,"player_choice":"Banana","damage_taken":0,"max_hp_gain":0,"max_hp_loss":0,"event_name":"Big Fish","floor":8,"gold_loss":0},{"damage_healed":0,"gold_gain":75,"player_choice":"Gather Gold","damage_taken":11,"max_hp_gain":0,"max_hp_loss":0,"event_name":"World of Goop","floor":12,"gold_loss":0},{"damage_healed":0,"gold_gain":0,"player_choice":"Trade","damage_taken":0,"relics_obtained":["SsserpentHead"],"max_hp_gain":0,"max_hp_loss":0,"event_name":"FaceTrader","floor":25,"gold_loss":0}],"is_beta":false,"boss_relics":[{"not_picked":["Philosopher\u0027s Stone","Velvet Choker"],"picked":"Coffee Dripper"}],"items_purged_floors":[5,13,22],"is_endless":false,"potions_floor_spawned":[1,3,6,16,19,20,21,27],"killed_by":"Champ","ascension_level":0}