{"path_per_floor":["M","M","?","M","?","E","R","E","T","R","M","M","$","?","R","B",null,"M","M","?","M","M","E","?","E","T","R","M","E","R","$","R"],"character_chosen":"DEFECT","items_purchased":["Thread and Needle","Dramatic Entrance","Recycle"],"gold_per_floor":[119,135,235,252,252,278,278,309,309,309,323,340,48,48,48,122,122,140,160,85,97,115,142,142,169,192,192,206,240,240,0,0,0],"floor_reached":33,"campfire_rested":3,"playtime":1603,"current_hp_per_floor":[60,60,60,59,59,45,45,23,23,23,23,19,19,7,29,29,64,52,51,51,51,38,31,31,13,13,35,35,21,21,21,43,0],"items_purged":["Strike_B"],"gold":0,"score":602,"play_id":"240f1825-cf6e-4fe8-a367-9b7a8064ef21","local_time":"20180429025503","is_prod":false,"is_daily":false,"chose_seed":false,"is_ascension_mode":true,"campfire_upgraded":3,"timestamp":1524995703,"path_taken":["M","M","?","M","?","E","R","E","T","R","M","M","$","?","R","BOSS","M","M","?","M","?","E","?","E","T","R","M","E","R","$","R","BOSS"],"build_version":"2018-04-27v3","seed_source_timestamp":656049219455862,"purchased_purges":1,"victory":false,"master_deck":["Strike_B","Strike_B","Defend_B+1","Defend_B+1","Defend_B+1","Defend_B","Zap+1","Dualcast","AscendersBane","Ball Lightning","FTL","Barrage","Beam Cell+1","Rebound+1","Streamline+1","Hyperbeam+1","Go for the Eyes+1","Stack","Leap","Fusion+1","Cold Snap+1","Streamline+1","Dramatic Entrance+1","Recycle"],"max_hp_per_floor":[75,75,75,75,75,75,75,75,75,75,75,75,75,75,75,75,75,75,75,75,75,75,75,75,75,75,75,75,75,75,75,75,75],"relics":["Cracked Core","War Paint","Molten Egg 2","Mercury Hourglass","Shuriken","Thread and Needle","Orichalcum","Black Star","Torii","Calipers","Bag of Preparation","DataDisk","Art of War","Juzu Bracelet","Ancient Tea Set"],"card_choices":[{"not_picked":["Skim","Axe Kick"],"picked":"Ball Lightning","floor":1},{"not_picked":["Barrage","Turbo"],"picked":"FTL","floor":2},{"not_picked":["Turbo","Rebound"],"picked":"Barrage","floor":4},{"not_picked":["Creative AI","Coolheaded"],"picked":"Beam Cell","floor":6},{"not_picked":["Amplify","Loop"],"picked":"Rebound","floor":8},{"not_picked":["Barrage","Axe Kick"],"picked":"Streamline","floor":12},{"not_picked":["Seek","Prime"],"picked":"Hyperbeam","floor":16},{"not_picked":["Streamline","Blizzard"],"picked":"Go for the Eyes","floor":18},{"not_picked":["Hologram","Sweeping Beam"],"picked":"Stack","floor":21},{"not_picked":["Hologram","Fusion"],"picked":"Leap","floor":23},{"not_picked":["Skim","Aggregate"],"picked":"Fusion","floor":25},{"not_picked":["Streamline","Axe Kick"],"picked":"Cold Snap","floor":28},{"not_picked":["Reprogram","Aggregate"],"picked":"Streamline","floor":29}],"player_experience":1306855,"potions_floor_usage":[8,23,23,25,25],"damage_taken":[{"damage":8,"enemies":"Small Slimes","floor":1,"turns":4},{"damage":0,"enemies":"Cultist","floor":2,"turns":3},{"damage":1,"enemies":"2 Louse","floor":4,"turns":3},{"damage":14,"enemies":"Gremlin Nob","floor":6,"turns":4},{"damage":22,"enemies":"Lagavulin","floor":8,"turns":5},{"damage":0,"enemies":"Looter","floor":11,"turns":2},{"damage":4,"enemies":"Lots of Slimes","floor":12,"turns":2},{"damage":0,"enemies":"Slime Boss","floor":16,"turns":4},{"damage":12,"enemies":"2 Thieves","floor":18,"turns":3},{"damage":1,"enemies":"Shell Parasite","floor":19,"turns":4},{"damage":0,"enemies":"Sentry and Sphere","floor":21,"turns":3},{"damage":13,"enemies":"Snake Plant","floor":22,"turns":2},{"damage":7,"enemies":"Gremlin Leader","floor":23,"turns":4},{"damage":18,"enemies":"Slavers","floor":25,"turns":5},{"damage":0,"enemies":"Centurion and Healer","floor":28,"turns":4},{"damage":14,"enemies":"Book of Stabbing","floor":29,"turns":3},{"damage":58,"enemies":"Collector","floor":33,"turns":8}],"event_choices":[{"event_name":"Golden Shrine","player_choice":"Pray","floor":3,"damage_taken":0},{"event_name":"Liars Game","player_choice":"disagreed","floor":5,"damage_taken":0},{"event_name":"Scrap Ooze","player_choice":"success","floor":14,"damage_taken":12},{"event_name":"Beggar","player_choice":"Gave Gold","floor":20,"damage_taken":0},{"event_name":"Drug Dealer","player_choice":"Ignored","floor":24,"damage_taken":0}],"boss_relics":[{"not_picked":["Inserter","Runic Dome"],"picked":"Black Star"}],"potions_floor_spawned":[6,11,16,19,21,23],"seed_played":"-6894908992087817623","killed_by":"Collector","ascension_level":13,"is_trial":false}