{"path_per_floor":["M","?","$","M","M","E","R","M","T","?","E","R","E","M","R","B",null,"M","$","M","?","?","E","R","E","T","R","E","$","M","M","R","B",null,"M","?","?","?","M","E","R","E","T","R","$","?","R","M","R","B"],"character_chosen":"DEFECT","items_purchased":["Torii","Sunder","Defragment","Undo","Glacier","Glacier","Cables"],"gold_per_floor":[361,361,1,11,26,56,56,71,139,139,173,173,201,213,213,291,291,307,26,39,39,68,102,102,131,131,131,166,4,23,40,40,112,112,125,347,347,347,362,391,391,416,416,416,90,50,50,66,66,66],"floor_reached":51,"campfire_rested":1,"playtime":4483,"item_purchase_floors":[3,19,19,19,29,45,45],"current_hp_per_floor":[62,71,71,70,63,43,43,43,43,43,42,42,40,40,40,44,64,62,62,69,69,62,78,78,47,47,47,39,39,39,46,70,55,75,75,75,75,81,81,81,81,80,80,80,80,80,80,80,80,81],"items_purged":["Pain","Strike_B","Strike_B"],"gold":66,"score":1301,"play_id":"743d1bdf-5f08-4db3-b5cb-17021d166e40","local_time":"20180528161717","is_prod":false,"is_daily":false,"chose_seed":false,"is_ascension_mode":true,"campfire_upgraded":9,"win_rate":0,"timestamp":1527549437,"campfire_choices":[{"data":"Ball Lightning","floor":7,"key":"SMITH"},{"data":"Go for the Eyes","floor":12,"key":"SMITH"},{"data":"Beam Cell","floor":15,"key":"SMITH"},{"data":"Sunder","floor":24,"key":"SMITH"},{"data":"Defragment","floor":27,"key":"SMITH"},{"floor":32,"key":"REST"},{"data":"Consume","floor":41,"key":"SMITH"},{"data":"Rainbow","floor":44,"key":"SMITH"},{"data":"Force Field","floor":47,"key":"SMITH"},{"data":"Hologram","floor":49,"key":"SMITH"}],"path_taken":["M","?","$","M","M","E","R","M","T","?","E","R","E","?","R","BOSS","M","$","M","?","?","E","R","E","T","R","E","?","M","M","R","BOSS","M","?","?","?","?","E","R","E","T","R","$","?","R","M","R","BOSS"],"build_version":"2018-05-27","seed_source_timestamp":4236273248931,"purchased_purges":3,"victory":true,"master_deck":["Strike_B","Defend_B","Defend_B","Defend_B","Defend_B","Zap","Dualcast","AscendersBane","Leap","Ball Lightning+1","Auto Shields","Beam Cell+1","Go for the Eyes+1","Rainbow+1","Self Repair","Fission","Compile Driver+1","Sunder+1","Defragment+1","Undo","Streamline","Capacitor","Recycle","Glacier","Consume+1","Meteor Strike","Force Field+1","Cold Snap+1","Glacier","Hologram+1"],"max_hp_per_floor":[71,71,71,71,71,71,71,71,71,71,71,71,71,71,71,71,71,71,71,71,71,71,81,81,81,81,81,81,81,81,81,81,81,81,81,81,81,81,81,81,81,81,81,81,81,81,81,81,81,81],"relics":["Cracked Core","Torii","Thread and Needle","Shuriken","Anchor","DataDisk","Snecko Eye","Red Mask","Pear","Omamori","Centennial Puzzle","Gambling Chip","Inserter","Boot","Sundial","Mummified Hand","Cables"],"card_choices":[{"not_picked":["Steam","Scrape"],"picked":"Leap","floor":1},{"not_picked":["Sweeping Beam","Redo"],"picked":"Ball Lightning","floor":4},{"not_picked":["Force Field","Recycle"],"picked":"Auto Shields","floor":5},{"not_picked":["Gash","Redo","Stack"],"picked":"SKIP","floor":6},{"not_picked":["Gash","Redo","Stack"],"picked":"SKIP","floor":6},{"not_picked":["Turbo","Static Discharge"],"picked":"Beam Cell","floor":8},{"not_picked":["Storm","Coolheaded"],"picked":"Go for the Eyes","floor":11},{"not_picked":["Force Field","Leap"],"picked":"Rainbow","floor":13},{"not_picked":["Sunder","Streamline"],"picked":"Self Repair","floor":14},{"not_picked":["Creative AI","Rainbow"],"picked":"Fission","floor":16},{"not_picked":["Steam Power+1","Scrape"],"picked":"Compile Driver+1","floor":18},{"not_picked":["Barrage","Storm"],"picked":"Streamline","floor":20},{"not_picked":["Steam Power+1","Melter"],"picked":"Capacitor","floor":23},{"not_picked":["Conserve Battery","Steam","Ball Lightning+1"],"picked":"SKIP","floor":25},{"not_picked":["Genetic Algorithm","Multi-Cast"],"picked":"Recycle","floor":28},{"not_picked":["Hello World","FTL","Recycle"],"picked":"SKIP","floor":30},{"not_picked":["Chill","Steam"],"picked":"Consume","floor":31},{"not_picked":["Amplify","Core Surge"],"picked":"Meteor Strike","floor":33},{"not_picked":["Stack","Rebound","Doom and Gloom"],"picked":"SKIP","floor":35},{"not_picked":["Darkness","Cold Snap","Go for the Eyes"],"picked":"SKIP","floor":39},{"not_picked":["Ball Lightning+1","Cold Snap"],"picked":"Force Field","floor":40},{"not_picked":["Rebound+1","Blizzard"],"picked":"Cold Snap+1","floor":42},{"not_picked":["Consume+1","Stack"],"picked":"Hologram","floor":48}],"player_experience":1670461,"potions_floor_usage":[11,16,18,22,23,25,50],"damage_taken":[{"damage":2,"enemies":"2 Louse","floor":1,"turns":4},{"damage":1,"enemies":"Cultist","floor":4,"turns":4},{"damage":7,"enemies":"Small Slimes","floor":5,"turns":4},{"damage":20,"enemies":"3 Sentries","floor":6,"turns":7},{"damage":0,"enemies":"Exordium Wildlife","floor":8,"turns":4},{"damage":1,"enemies":"Lagavulin","floor":11,"turns":5},{"damage":2,"enemies":"Gremlin Nob","floor":13,"turns":4},{"damage":0,"enemies":"Blue Slaver","floor":14,"turns":3},{"damage":3,"enemies":"Hexaghost","floor":16,"turns":8},{"damage":9,"enemies":"2 Thieves","floor":18,"turns":4},{"damage":0,"enemies":"Shell Parasite","floor":20,"turns":4},{"damage":7,"enemies":"Masked Bandits","floor":22,"turns":3},{"damage":1,"enemies":"Slavers","floor":23,"turns":4},{"damage":31,"enemies":"Gremlin Leader","floor":25,"turns":5},{"damage":15,"enemies":"Slavers","floor":28,"turns":5},{"damage":0,"enemies":"Centurion and Healer","floor":30,"turns":5},{"damage":0,"enemies":"Snake Plant","floor":31,"turns":3},{"damage":22,"enemies":"Collector","floor":33,"turns":13},{"damage":0,"enemies":"Orb Walker","floor":35,"turns":3},{"damage":1,"enemies":"Flame Bruiser 1 Orb","floor":39,"turns":4},{"damage":6,"enemies":"Nemesis","floor":40,"turns":7},{"damage":8,"enemies":"Giant Head","floor":42,"turns":26},{"damage":0,"enemies":"Sphere and 2 Shapes","floor":48,"turns":5},{"damage":1,"enemies":"Awakened One","floor":50,"turns":16}],"relics_obtained":[{"floor":6,"key":"Thread and Needle"},{"floor":9,"key":"Shuriken"},{"floor":11,"key":"Anchor"},{"floor":13,"key":"DataDisk"},{"floor":22,"key":"Red Mask"},{"floor":23,"key":"Pear"},{"floor":25,"key":"Omamori"},{"floor":26,"key":"Centennial Puzzle"},{"floor":28,"key":"Gambling Chip"},{"floor":40,"key":"Boot"},{"floor":42,"key":"Sundial"},{"floor":43,"key":"Mummified Hand"}],"event_choices":[{"event_name":"Wheel of Change","player_choice":"Full Heal","floor":2,"damage_taken":0},{"event_name":"The Lab","player_choice":"Got Potions","floor":10,"damage_taken":0},{"event_name":"Beggar","player_choice":"Ignored","floor":21,"damage_taken":0},{"event_name":"Masked Bandits","player_choice":"Fought over 39 gold","floor":22,"damage_taken":0},{"event_name":"Tomb of Lord Red Mask","player_choice":"Wore Mask","floor":36,"damage_taken":0},{"event_name":"Winding Halls","player_choice":"Writhe","floor":38,"damage_taken":0},{"event_name":"The Woman in Blue","player_choice":"Bought 3 Potions","floor":46,"damage_taken":0}],"boss_relics":[{"not_picked":["Lizard Tail","Eternal Feather"],"picked":"Snecko Eye"},{"not_picked":["Tiny House","Velvet Choker"],"picked":"Inserter"}],"items_purged_floors":[3,19,29],"potions_floor_spawned":[5,6,14,16,18,20,22,30,39,48],"seed_played":"2439201216820429710","ascension_level":15,"potions_obtained":[{"floor":5,"key":"Weak Potion"},{"floor":6,"key":"FocusPotion"},{"floor":10,"key":"FocusPotion"},{"floor":14,"key":"Fire Potion"},{"floor":16,"key":"Strength Potion"},{"floor":18,"key":"Explosive Potion"},{"floor":22,"key":"PowerPotion"},{"floor":30,"key":"Regen Potion"},{"floor":39,"key":"LiquidBronze"},{"floor":46,"key":"Swift Potion"},{"floor":46,"key":"Fire Potion"}],"is_trial":false}