{"gold_per_floor":[115,115,0,11,11,39,52,72,72,84,84,118,118,131,131,231,231,245,265,85,104,118,118],"floor_reached":23,"playtime":2197,"items_purged":["Strike_G","Strike_G"],"score":246,"play_id":"55ed5a9d-be75-4623-b403-71f1c68c06a5","local_time":"20190221163334","is_ascension_mode":true,"campfire_choices":[{"floor":11,"key":"REST"},{"data":"Footwork","floor":13,"key":"SMITH"},{"floor":15,"key":"REST"}],"neow_cost":"NONE","seed_source_timestamp":557540279000354,"circlet_count":0,"master_deck":["Defend_G","Defend_G","Defend_G","Defend_G","Defend_G","Strike_G","Strike_G","Strike_G","Survivor","Neutralize+1","Dagger Throw","Footwork+1","Acrobatics","Heel Hook","Crippling Poison","Night Terror","Noxious Fumes","Well Laid Plans","Leg Sweep+1"],"relics":["Ring of the Snake","Mummified Hand","Singing Bowl","Mercury Hourglass","Omamori","Philosopher\u0027s Stone"],"potions_floor_usage":[6,8,12,16,21,23],"damage_taken":[{"damage":1,"enemies":"Small Slimes","floor":1,"turns":6},{"damage":1,"enemies":"2 Louse","floor":4,"turns":4},{"damage":15,"enemies":"Gremlin Nob","floor":6,"turns":5},{"damage":0,"enemies":"Cultist","floor":7,"turns":5},{"damage":22,"enemies":"Exordium Wildlife","floor":8,"turns":8},{"damage":3,"enemies":"2 Fungi Beasts","floor":10,"turns":3},{"damage":10,"enemies":"Lagavulin","floor":12,"turns":9},{"damage":6,"enemies":"Lots of Slimes","floor":14,"turns":2},{"damage":20,"enemies":"Slime Boss","floor":16,"turns":10},{"damage":26,"enemies":"Chosen","floor":18,"turns":5},{"damage":26,"enemies":"2 Thieves","floor":19,"turns":4},{"damage":3,"enemies":"Cultist and Chosen","floor":21,"turns":6},{"damage":19,"enemies":"Shelled Parasite and Fungi","floor":22,"turns":7},{"damage":9,"enemies":"Book of Stabbing","floor":23,"turns":7}],"seed_played":"459096795719979932","potions_obtained":[{"floor":4,"key":"PowerPotion"},{"floor":7,"key":"EssenceOfSteel"},{"floor":10,"key":"FearPotion"},{"floor":12,"key":"Fire Potion"},{"floor":19,"key":"Ancient Potion"},{"floor":22,"key":"Weak Potion"}],"is_trial":false,"path_per_floor":["M","?","$","M","$","E","M","M","T","M","R","E","R","M","R","B",null,"M","M","$","M","M","E"],"character_chosen":"THE_SILENT","items_purchased":["Footwork","Well Laid Plans"],"campfire_rested":2,"item_purchase_floors":[3,20],"current_hp_per_floor":[69,66,66,65,65,52,54,32,32,31,53,43,43,39,62,42,78,52,28,28,27,8,0],"gold":118,"neow_bonus":"UPGRADE_CARD","is_prod":false,"is_daily":false,"chose_seed":false,"campfire_upgraded":1,"win_rate":0,"timestamp":1550763214,"path_taken":["M","?","$","M","$","E","M","M","T","M","R","E","R","M","R","BOSS","M","M","$","M","M","E"],"build_version":"2019-01-23","purchased_purges":2,"victory":false,"max_hp_per_floor":[70,70,70,70,70,72,74,74,74,76,76,76,76,78,78,78,78,78,80,80,82,82,82],"card_choices":[{"not_picked":["Outmaneuver","Predator"],"picked":"Dagger Throw","floor":1},{"not_picked":["Deflect","Flying Knee"],"picked":"Acrobatics","floor":4},{"not_picked":["Dagger Throw","Finisher","Glass Knife"],"picked":"Singing Bowl","floor":6},{"not_picked":["Bane","Cloak And Dagger","Dagger Spray"],"picked":"Singing Bowl","floor":7},{"not_picked":["Prepared","Deflect"],"picked":"Heel Hook","floor":8},{"not_picked":["Dodge and Roll","Dash","Riddle With Holes"],"picked":"Singing Bowl","floor":10},{"not_picked":["Prepared","Deflect"],"picked":"Crippling Poison","floor":12},{"not_picked":["Cloak And Dagger","Expertise","Terror"],"picked":"Singing Bowl","floor":14},{"not_picked":["A Thousand Cuts","Grand Finale"],"picked":"Night Terror","floor":16},{"not_picked":["Distraction","Slice"],"picked":"Noxious Fumes","floor":18},{"not_picked":["Heel Hook","Infinite Blades+1","Prepared+1"],"picked":"Singing Bowl","floor":19},{"not_picked":["Choke","Dagger Spray+1","Flechettes+1"],"picked":"Singing Bowl","floor":21},{"not_picked":["Backflip","Noxious Fumes"],"picked":"Leg Sweep+1","floor":22}],"player_experience":311627,"relics_obtained":[{"floor":6,"key":"Singing Bowl"},{"floor":9,"key":"Mercury Hourglass"},{"floor":12,"key":"Omamori"}],"event_choices":[{"damage_healed":0,"gold_gain":0,"player_choice":"Success","damage_taken":3,"relics_obtained":["Mummified Hand"],"max_hp_gain":0,"max_hp_loss":0,"event_name":"Scrap Ooze","floor":2,"gold_loss":0}],"is_beta":false,"boss_relics":[{"not_picked":["Velvet Choker","Black Star"],"picked":"Philosopher\u0027s Stone"}],"items_purged_floors":[3,20],"is_endless":false,"potions_floor_spawned":[4,7,10,12,19,22],"killed_by":"Book of Stabbing","ascension_level":4}