{"gold_per_floor":[115,115,40,40,60,60,60,71,71,105,30,60,70,97,97,97],"floor_reached":16,"playtime":927,"items_purged":["Decay"],"score":142,"play_id":"a99a0469-97c2-4b26-9f82-827ba4c84590","local_time":"20190221205826","is_ascension_mode":true,"campfire_choices":[{"data":"Bash","floor":7,"key":"SMITH"},{"floor":15,"key":"REST"}],"neow_cost":"NONE","seed_source_timestamp":574703486849357,"circlet_count":0,"master_deck":["Strike_R","Strike_R","Strike_R","Strike_R","Defend_R","Defend_R","Defend_R","Defend_R","Bash+1","Feel No Pain","Disarm","Rampage","Flex","Clothesline","Power Through"],"relics":["Burning Blood","NeowsBlessing","Turnip","Strawberry","Smiling Mask","Question Card"],"potions_floor_usage":[10,14],"damage_taken":[{"damage":0,"enemies":"Small Slimes","floor":1,"turns":1},{"damage":0,"enemies":"2 Louse","floor":5,"turns":2},{"damage":0,"enemies":"Cultist","floor":8,"turns":1},{"damage":40,"enemies":"3 Sentries","floor":10,"turns":11},{"damage":34,"enemies":"Gremlin Nob","floor":12,"turns":5},{"damage":5,"enemies":"2 Fungi Beasts","floor":13,"turns":3},{"damage":20,"enemies":"3 Sentries","floor":14,"turns":10},{"damage":38,"enemies":"Hexaghost","floor":16,"turns":9}],"seed_played":"-5860547979239371466","potions_obtained":[{"floor":8,"key":"Dexterity Potion"},{"floor":13,"key":"Fire Potion"}],"is_trial":false,"path_per_floor":["M","?","$","?","M","$","R","M","T","E","$","E","M","E","R","B"],"character_chosen":"IRONCLAD","items_purchased":["Feel No Pain"],"campfire_rested":1,"item_purchase_floors":[3],"current_hp_per_floor":[80,80,80,80,80,80,80,80,80,53,53,25,26,12,38,0],"gold":97,"neow_bonus":"THREE_ENEMY_KILL","is_prod":false,"is_daily":false,"chose_seed":false,"campfire_upgraded":1,"win_rate":0,"timestamp":1550779106,"path_taken":["M","?","$","?","M","$","R","?","T","E","$","E","M","E","R","BOSS"],"build_version":"2019-01-23","purchased_purges":1,"victory":false,"max_hp_per_floor":[80,80,80,80,80,80,80,80,80,87,87,87,87,87,87,87],"card_choices":[{"not_picked":["Perfected Strike","Clothesline","Clash"],"picked":"SKIP","floor":1},{"not_picked":["Clash","Anger"],"picked":"Disarm","floor":5},{"not_picked":["Thunderclap","Spot Weakness"],"picked":"Rampage","floor":8},{"not_picked":["Twin Strike","True Grit"],"picked":"Flex","floor":10},{"not_picked":["Anger","Brutality","Carnage"],"picked":"SKIP","floor":12},{"not_picked":["Thunderclap","Wild Strike"],"picked":"Clothesline","floor":13},{"not_picked":["Reckless Charge","Pommel Strike"],"picked":"Power Through","floor":14}],"player_experience":328636,"relics_obtained":[{"floor":9,"key":"Turnip"},{"floor":10,"key":"Strawberry"},{"floor":12,"key":"Smiling Mask"},{"floor":14,"key":"Question Card"}],"event_choices":[{"cards_removed":["Strike_R"],"damage_healed":0,"gold_gain":0,"player_choice":"Forget","damage_taken":0,"max_hp_gain":0,"max_hp_loss":0,"event_name":"Living Wall","floor":2,"gold_loss":0},{"damage_healed":0,"gold_gain":0,"player_choice":"Cursed","damage_taken":0,"max_hp_gain":0,"max_hp_loss":0,"event_name":"Wheel of Change","floor":4,"gold_loss":0,"cards_obtained":["Decay"]}],"is_beta":false,"boss_relics":[],"items_purged_floors":[11],"is_endless":false,"potions_floor_spawned":[8,13],"killed_by":"Hexaghost","ascension_level":4}