{"gold_per_floor":[114,114,132,149,149,176,176,191,191,191],"floor_reached":10,"playtime":679,"items_purged":[],"score":75,"play_id":"b3f05aa7-e049-4a79-b7aa-fb82842f168b","local_time":"20190228013015","is_ascension_mode":true,"campfire_choices":[{"floor":7,"key":"REST"}],"neow_cost":"TEN_PERCENT_HP_LOSS","seed_source_timestamp":896472174905462,"circlet_count":0,"master_deck":["Defend_G","Defend_G","Defend_G","Defend_G","Defend_G","Strike_G","Strike_G","Strike_G","Survivor","Neutralize","Backflip","PiercingWail","Acrobatics","Bullet Time","PiercingWail","Escape Plan"],"relics":["Ring of the Snake","Anchor","Sundial","Smiling Mask"],"potions_floor_usage":[6,10,10],"damage_taken":[{"damage":1,"enemies":"2 Louse","floor":1,"turns":3},{"damage":0,"enemies":"Small Slimes","floor":3,"turns":6},{"damage":3,"enemies":"Cultist","floor":4,"turns":5},{"damage":33,"enemies":"3 Sentries","floor":6,"turns":23},{"damage":4,"enemies":"3 Louse","floor":8,"turns":5},{"damage":33,"enemies":"Lagavulin","floor":10,"turns":13}],"seed_played":"-3067465543485730751","potions_obtained":[{"floor":3,"key":"AttackPotion"},{"floor":4,"key":"SkillPotion"},{"floor":6,"key":"SkillPotion"}],"is_trial":false,"path_per_floor":["M","?","M","M","?","E","R","M","T","E"],"character_chosen":"THE_SILENT","items_purchased":[],"campfire_rested":1,"item_purchase_floors":[],"current_hp_per_floor":[62,55,55,52,52,19,37,33,33,0],"gold":191,"neow_bonus":"REMOVE_TWO","is_prod":false,"is_daily":false,"chose_seed":false,"campfire_upgraded":0,"win_rate":0,"timestamp":1551335415,"path_taken":["M","?","M","M","?","E","R","M","T","E"],"build_version":"2019-01-23","purchased_purges":0,"victory":false,"max_hp_per_floor":[63,63,63,63,63,63,63,63,63,63],"card_choices":[{"not_picked":["Acrobatics","Setup"],"picked":"Backflip","floor":1},{"not_picked":["Noxious Fumes","Poisoned Stab"],"picked":"PiercingWail","floor":3},{"not_picked":["Bane","Dagger Spray"],"picked":"Acrobatics","floor":4},{"not_picked":["Bullet Time","Backflip"],"picked":"PiercingWail","floor":6},{"not_picked":["Noxious Fumes","Choke"],"picked":"Escape Plan","floor":8}],"player_experience":201382,"relics_obtained":[{"floor":6,"key":"Sundial"},{"floor":9,"key":"Smiling Mask"}],"event_choices":[{"damage_healed":0,"gold_gain":0,"player_choice":"Success","damage_taken":7,"relics_obtained":["Anchor"],"max_hp_gain":0,"max_hp_loss":0,"event_name":"Scrap Ooze","floor":2,"gold_loss":0},{"damage_healed":0,"gold_gain":0,"player_choice":"1 cards matched","damage_taken":0,"max_hp_gain":0,"max_hp_loss":0,"event_name":"Match and Keep!","floor":5,"gold_loss":0,"cards_obtained":["Bullet Time"]}],"is_beta":false,"boss_relics":[],"items_purged_floors":[],"is_endless":false,"potions_floor_spawned":[3,4,6],"killed_by":"Lagavulin","ascension_level":2}