{"gold_per_floor":[113,133,150,161,172,172,197,43,89,107,72,106,106,106,106,203,203,216,235,250,270,270,284,284,319,319,319],"floor_reached":27,"playtime":2332,"items_purged":[],"score":367,"play_id":"b1a9a541-6c8d-4256-b65e-1b48c8dff97f","local_time":"20190225093840","is_ascension_mode":true,"campfire_choices":[{"data":"Clothesline","floor":6,"key":"SMITH"},{"data":"True Grit","floor":13,"key":"SMITH"},{"data":"Body Slam","floor":15,"key":"SMITH"},{"data":"Armaments","floor":24,"key":"SMITH"}],"neow_cost":"PERCENT_DAMAGE","seed_source_timestamp":878116760354370,"circlet_count":0,"master_deck":["Strike_R","Strike_R","Strike_R","Strike_R","Strike_R","Defend_R","Defend_R+1","Defend_R","Defend_R","Bash","Clothesline+1","Disarm+1","Body Slam+1","Fiend Fire","Pommel Strike","True Grit+1","Juggernaut","Armaments+1","Searing Blow+1","Shockwave+1","Shrug It Off"],"relics":["Black Blood","Calipers","Omamori","Lantern","Anchor","Mercury Hourglass","Oddly Smooth Stone","Toxic Egg 2"],"potions_floor_usage":[7,12,16,21,25,25,25],"damage_taken":[{"damage":6,"enemies":"Cultist","floor":1,"turns":4},{"damage":3,"enemies":"Small Slimes","floor":2,"turns":4},{"damage":2,"enemies":"2 Louse","floor":3,"turns":4},{"damage":11,"enemies":"Looter","floor":4,"turns":4},{"damage":18,"enemies":"Blue Slaver","floor":5,"turns":5},{"damage":40,"enemies":"3 Sentries","floor":7,"turns":11},{"damage":0,"enemies":"2 Fungi Beasts","floor":10,"turns":3},{"damage":0,"enemies":"Gremlin Nob","floor":12,"turns":2},{"damage":9,"enemies":"Hexaghost","floor":16,"turns":11},{"damage":17,"enemies":"2 Thieves","floor":18,"turns":5},{"damage":12,"enemies":"Spheric Guardian","floor":19,"turns":5},{"damage":18,"enemies":"Snake Plant","floor":20,"turns":5},{"damage":22,"enemies":"Snecko","floor":21,"turns":5},{"damage":15,"enemies":"Cultist and Chosen","floor":23,"turns":8},{"damage":28,"enemies":"Book of Stabbing","floor":25,"turns":6},{"damage":17,"enemies":"Shelled Parasite and Fungi","floor":27,"turns":2}],"seed_played":"-2156718180006914157","potions_obtained":[{"floor":1,"key":"SteroidPotion"},{"floor":3,"key":"Weak Potion"},{"floor":7,"key":"SpeedPotion"},{"floor":10,"key":"SteroidPotion"},{"floor":18,"key":"Ancient Potion"},{"floor":21,"key":"Strength Potion"},{"floor":23,"key":"Dexterity Potion"}],"is_trial":false,"path_per_floor":["M","M","M","M","M","R","E","$","T","M","?","E","R","?","R","B",null,"M","M","M","M","?","M","R","E","T","M"],"character_chosen":"IRONCLAD","items_purchased":["Lantern"],"campfire_rested":0,"item_purchase_floors":[8],"current_hp_per_floor":[51,54,58,53,41,41,7,7,7,13,33,39,39,23,23,20,65,58,56,48,36,36,31,31,13,13,0],"gold":319,"neow_bonus":"ONE_RARE_RELIC","is_prod":false,"is_daily":false,"chose_seed":false,"campfire_upgraded":4,"win_rate":0,"timestamp":1551083920,"path_taken":["M","?","M","M","M","R","E","$","T","M","?","E","R","?","R","BOSS","M","M","M","M","?","M","R","E","T","M"],"build_version":"2019-01-23","purchased_purges":0,"victory":false,"max_hp_per_floor":[80,80,80,80,80,80,80,80,80,80,80,80,80,80,80,80,80,80,80,80,80,80,80,80,80,80,80],"card_choices":[{"not_picked":["Sword Boomerang","Wild Strike"],"picked":"Clothesline","floor":1},{"not_picked":["Iron Wave","Clash"],"picked":"Disarm","floor":2},{"not_picked":["Flex","Headbutt"],"picked":"Body Slam","floor":3},{"not_picked":["Searing Blow","Wild Strike"],"picked":"Fiend Fire","floor":4},{"not_picked":["Havoc","Wild Strike","Rage"],"picked":"SKIP","floor":5},{"not_picked":["Clash","True Grit"],"picked":"Pommel Strike","floor":7},{"not_picked":["Havoc","Twin Strike","Anger"],"picked":"SKIP","floor":10},{"not_picked":["Twin Strike","Sword Boomerang"],"picked":"True Grit","floor":12},{"not_picked":["Double Tap","Limit Break"],"picked":"Juggernaut","floor":16},{"not_picked":["Corruption","Anger+1"],"picked":"Armaments","floor":18},{"not_picked":["Burning Pact+1","Warcry"],"picked":"Searing Blow+1","floor":19},{"not_picked":["Wild Strike","Flex"],"picked":"Shockwave+1","floor":20},{"not_picked":["Headbutt","Wild Strike+1","Infernal Blade"],"picked":"SKIP","floor":21},{"not_picked":["True Grit","Clothesline+1","Twin Strike"],"picked":"SKIP","floor":23},{"not_picked":["Fiend Fire","Iron Wave"],"picked":"Shrug It Off","floor":25}],"player_experience":478249,"relics_obtained":[{"floor":7,"key":"Omamori"},{"floor":9,"key":"Anchor"},{"floor":12,"key":"Mercury Hourglass"},{"floor":25,"key":"Oddly Smooth Stone"},{"floor":26,"key":"Toxic Egg 2"}],"event_choices":[{"damage_healed":20,"gold_gain":0,"player_choice":"Healed","damage_taken":0,"max_hp_gain":0,"max_hp_loss":0,"event_name":"The Cleric","floor":11,"gold_loss":35},{"damage_healed":0,"gold_gain":0,"player_choice":"Entered Light","damage_taken":16,"max_hp_gain":0,"max_hp_loss":0,"event_name":"Shining Light","floor":14,"gold_loss":0,"cards_upgraded":["Defend_R","Disarm"]},{"damage_healed":0,"gold_gain":0,"player_choice":"Ignored","damage_taken":0,"max_hp_gain":0,"max_hp_loss":0,"event_name":"Ghosts","floor":22,"gold_loss":0}],"is_beta":false,"boss_relics":[{"not_picked":["Philosopher\u0027s Stone","Runic Cube"],"picked":"Black Blood"}],"items_purged_floors":[],"is_endless":false,"potions_floor_spawned":[1,3,7,10,18,21,23],"killed_by":"Shelled Parasite and Fungi","ascension_level":7}