{"path_per_floor":["M","M","?","M","$","E","R","E","T","E","?","M","M","M","R","B",null,"M","$","?","M","?","E","R","E","T","R","?","R","?","M","R","B",null,"M","M","$","M","?","E","$","R","T","E","M","R","E","?","R","B"],"character_chosen":"THE_SILENT","items_purchased":["Underhanded Strike","Calculated Gamble","Acrobatics","Night Terror"],"gold_per_floor":[114,124,124,137,14,44,44,70,70,103,103,123,142,158,158,254,254,274,84,84,102,27,59,59,84,84,84,84,84,0,12,12,107,107,125,142,42,59,59,87,87,87,87,115,130,130,157,0,0,0],"floor_reached":51,"campfire_rested":0,"playtime":4794,"current_hp_per_floor":[65,65,70,70,70,46,46,32,32,32,32,31,33,31,31,31,70,64,64,64,66,66,52,52,48,48,48,48,48,48,50,50,70,70,67,69,69,70,70,70,70,70,70,70,57,57,59,59,59,49],"items_purged":["Strike_G","Strike_G"],"gold":0,"score":849,"play_id":"dce9c552-344f-4041-a6f4-a0e1b81e0c7a","is_prod":false,"is_daily":false,"is_ascension_mode":true,"campfire_upgraded":9,"path_taken":["M","M","?","M","$","E","R","E","T","E","?","M","M","M","R","BOSS","M","$","?","M","?","E","R","E","T","R","?","R","?","?","R","BOSS","M","M","$","M","?","E","?","R","T","E","M","R","E","?","R","BOSS"],"build_version":"2018-02-08-BETA1","purchased_purges":3,"victory":true,"master_deck":["Defend_G","Defend_G","Defend_G","Defend_G","Defend_G","Strike_G+1","Strike_G+1","Survivor","Neutralize+1","After Image","Infinite Blades","Well Laid Plans","Underhanded Strike+1","Calculated Gamble+1","Calculated Gamble+1","Backflip+1","Underhanded Strike+1","Burst+1","Underhanded Strike+1","Acrobatics","Night Terror","Acrobatics","Reflex+1","Acrobatics+1","Calculated Gamble+1","Parasite","Underhanded Strike","Reflex+1","Injury"],"max_hp_per_floor":[70,70,70,70,70,70,70,70,70,70,70,70,70,70,70,70,70,70,70,70,70,70,70,70,70,70,70,70,70,70,70,70,70,70,70,70,70,70,70,70,70,70,70,70,70,70,70,70,70,70],"relics":["Ring of the Snake","Bottled Flame","Pantograph","Blood Vial","Prayer Wheel","Tingsha","Cursed Key","Bag of Marbles","Lantern","Frozen Eye","Sozu","Gremlin Horn","Pen Nib","Whetstone","Red Mask"],"card_choices":[{"not_picked":["Flechettes","Poisoned Stab"],"picked":"Bouncing Flask"},{"not_picked":["Flying Knee","Caltrops"],"picked":"Infinite Blades"},{"not_picked":["Prepared","Distraction"],"picked":"Well Laid Plans"},{"not_picked":["Venomology","PiercingWail"],"picked":"Calculated Gamble"},{"not_picked":["Bouncing Flask","Outmaneuver"],"picked":"Backflip"},{"not_picked":["Dodge and Roll","PiercingWail"],"picked":"Underhanded Strike"},{"not_picked":["After Image","Venomology"],"picked":"Burst"},{"not_picked":["Sucker Punch","Flying Knee"],"picked":"Underhanded Strike"},{"not_picked":["Dagger Throw","Finisher"],"picked":"Reflex"},{"not_picked":["Flying Knee","Terror"],"picked":"Acrobatics"},{"not_picked":["Infinite Blades","Deadly Poison"],"picked":"Calculated Gamble"},{"not_picked":["Expertise","Sucker Punch"],"picked":"Underhanded Strike"},{"not_picked":["Poisoned Stab","Footwork"],"picked":"Reflex"}],"player_experience":41661,"potions_floor_usage":[8,8,10,25,25],"damage_taken":[{"damage":5,"enemies":"Small Slimes","floor":1,"turns":3},{"damage":0,"enemies":"Blue Slaver","floor":2,"turns":5},{"damage":0,"enemies":"2 Louse","floor":4,"turns":4},{"damage":24,"enemies":"3 Sentries","floor":6,"turns":8},{"damage":14,"enemies":"Gremlin Nob","floor":8,"turns":5},{"damage":2,"enemies":"Lagavulin","floor":10,"turns":8},{"damage":3,"enemies":"Exordium Wildlife","floor":12,"turns":5},{"damage":0,"enemies":"Looter","floor":13,"turns":3},{"damage":4,"enemies":"3 Louse","floor":14,"turns":3},{"damage":27,"enemies":"Slime Boss","floor":16,"turns":10},{"damage":6,"enemies":"Shell Parasite","floor":18,"turns":5},{"damage":0,"enemies":"Chosen","floor":21,"turns":3},{"damage":16,"enemies":"Book of Stabbing","floor":23,"turns":3},{"damage":6,"enemies":"Gremlin Leader","floor":25,"turns":6},{"damage":0,"enemies":"Slaver and Parasite","floor":31,"turns":1},{"damage":0,"enemies":"Automaton","floor":33,"turns":5},{"damage":3,"enemies":"Flame Bruiser 1 Orb","floor":35,"turns":2},{"damage":0,"enemies":"Orb Walker","floor":36,"turns":1},{"damage":0,"enemies":"Sphere and 2 Shapes","floor":38,"turns":2},{"damage":0,"enemies":"Nemesis","floor":40,"turns":1},{"damage":0,"enemies":"Giant Head","floor":44,"turns":1},{"damage":13,"enemies":"4 Shapes","floor":45,"turns":2},{"damage":0,"enemies":"Nemesis","floor":47,"turns":1},{"damage":21,"enemies":"Time Eater","floor":50,"turns":8}],"event_choices":[{"event_name":"Bonfire Elementals","player_choice":"UNCOMMON","floor":3,"damage_taken":0},{"event_name":"Dead Adventurer","player_choice":"Searched \u00271\u0027 times","floor":11,"damage_taken":0},{"event_name":"The Library","player_choice":"Read","floor":20,"damage_taken":0},{"event_name":"Beggar","player_choice":"Gave Gold","floor":22,"damage_taken":0},{"event_name":"Drug Dealer","player_choice":"Ignored","floor":28,"damage_taken":0},{"event_name":"Masked Bandits","player_choice":"Paid Bandits 84 gold","floor":30,"damage_taken":0},{"event_name":"Accursed Blacksmith","player_choice":"Forge","floor":39,"damage_taken":0},{"event_name":"Tomb of Lord Red Mask","player_choice":"Paid","floor":48,"damage_taken":0}],"boss_relics":[{"not_picked":["White Beast Statue","Lizard Tail"],"picked":"Cursed Key"},{"not_picked":["Calling Bell","Orrery"],"picked":"Sozu"}],"potions_floor_spawned":[1,2,8,13,21,23,25,45,47],"seed_played":"5614602251356110447","ascension_level":3,"is_trial":false}