{"gold_per_floor":[113,131,5,5,5,340,340,375,375,375,400,462,25,36,36,131,131,142,142,155,173,184,217,217,217,269,269,269,269,269,280,280,384,384,404,404,424,17,28,28,57,57,57,57,57,76,76,87,87,87],"floor_reached":51,"playtime":4231,"items_purged":[],"score":879,"play_id":"9db088a9-5a80-4a74-ad07-19961f983daa","local_time":"20190225010643","is_ascension_mode":true,"campfire_choices":[{"data":"Footwork","floor":7,"key":"SMITH"},{"data":"Envenom","floor":10,"key":"SMITH"},{"data":"Neutralize","floor":15,"key":"SMITH"},{"data":"Adrenaline","floor":24,"key":"SMITH"},{"data":"Leg Sweep","floor":27,"key":"SMITH"},{"data":"Acrobatics","floor":29,"key":"SMITH"},{"floor":32,"key":"REST"},{"data":"Storm of Steel","floor":40,"key":"SMITH"},{"data":"Cloak And Dagger","floor":44,"key":"SMITH"},{"floor":49,"key":"REST"}],"neow_cost":"NONE","seed_source_timestamp":845484927156095,"circlet_count":0,"master_deck":["Defend_G+1","Defend_G+1","Defend_G+1","Defend_G+1","Defend_G+1","Strike_G+1","Survivor","Neutralize+1","Escape Plan","Predator","Backstab+1","Footwork+1","Envenom+1","Accuracy+1","Leg Sweep+1","Adrenaline+1","Skewer+1","Calculated Gamble+1","Caltrops+1","Acrobatics+1","Cloak And Dagger+1","Backflip+1","RitualDagger+1","Storm of Steel+1","Sadistic Nature+1","Dash+1","Footwork+1","Thinking Ahead+1","Infinite Blades+1","Footwork+1"],"relics":["Ring of the Serpent","Old Coin","Frozen Egg 2","StoneCalendar","Odd Mushroom","Whetstone","Molten Egg 2","Astrolabe","Letter Opener","MutagenicStrength","Blood Vial","Enchiridion","Toxic Egg 2","Omamori"],"potions_floor_usage":[6,6,16,18,23,23,31,33,41,50,50,50],"damage_taken":[{"damage":1,"enemies":"Small Slimes","floor":1,"turns":7},{"damage":0,"enemies":"2 Louse","floor":2,"turns":2},{"damage":6,"enemies":"Gremlin Nob","floor":6,"turns":3},{"damage":16,"enemies":"3 Sentries","floor":8,"turns":11},{"damage":19,"enemies":"The Mushroom Lair","floor":11,"turns":6},{"damage":0,"enemies":"Jaw Worm","floor":14,"turns":3},{"damage":12,"enemies":"The Guardian","floor":16,"turns":16},{"damage":7,"enemies":"3 Byrds","floor":18,"turns":3},{"damage":10,"enemies":"Chosen","floor":20,"turns":5},{"damage":0,"enemies":"Centurion and Healer","floor":21,"turns":7},{"damage":1,"enemies":"Chosen and Byrds","floor":22,"turns":7},{"damage":16,"enemies":"Slavers","floor":23,"turns":7},{"damage":0,"enemies":"3 Cultists","floor":31,"turns":5},{"damage":17,"enemies":"Champ","floor":33,"turns":19},{"damage":0,"enemies":"Orb Walker","floor":35,"turns":5},{"damage":1,"enemies":"3 Darklings","floor":37,"turns":7},{"damage":9,"enemies":"Maw","floor":39,"turns":7},{"damage":3,"enemies":"Giant Head","floor":41,"turns":8},{"damage":12,"enemies":"Spire Growth","floor":46,"turns":6},{"damage":17,"enemies":"Sphere and 2 Shapes","floor":48,"turns":6},{"damage":20,"enemies":"Time Eater","floor":50,"turns":14}],"seed_played":"-46399698195800697","potions_obtained":[{"floor":1,"key":"Poison Potion"},{"floor":14,"key":"SteroidPotion"},{"floor":16,"key":"LiquidBronze"},{"floor":20,"key":"LiquidBronze"},{"floor":22,"key":"SteroidPotion"},{"floor":23,"key":"Swift Potion"},{"floor":31,"key":"SneckoOil"},{"floor":41,"key":"PowerPotion"},{"floor":45,"key":"SkillPotion"},{"floor":48,"key":"Regen Potion"}],"is_trial":false,"path_per_floor":["M","M","$","?","?","E","R","E","T","R","?","?","$","M","R","B",null,"M","?","M","M","M","E","R","?","T","R","?","R","?","M","R","B",null,"M","?","M","$","M","R","E","?","T","R","?","M","?","M","R","B",null],"character_chosen":"THE_SILENT","items_purchased":["Footwork","Fire Potion","Whetstone","Molten Egg 2","Weak Potion","Sadistic Nature+1","Dash+1","Footwork+1","Dexterity Potion","Block Potion"],"campfire_rested":2,"item_purchase_floors":[3,3,13,13,13,38,38,38,38,38],"current_hp_per_floor":[62,62,62,62,67,61,61,45,45,45,26,26,26,26,26,14,60,53,53,43,43,42,26,26,26,26,26,10,10,4,6,28,13,60,62,62,63,63,56,56,55,55,55,55,55,45,45,30,52,49],"gold":87,"neow_bonus":"TRANSFORM_CARD","is_prod":false,"is_daily":false,"chose_seed":false,"campfire_upgraded":8,"win_rate":0,"timestamp":1551053203,"path_taken":["M","M","$","?","?","E","R","E","T","R","?","?","$","M","R","BOSS","M","?","M","M","M","E","R","?","T","R","?","R","?","M","R","BOSS","M","?","M","$","M","R","E","?","T","R","?","?","?","M","R","BOSS"],"build_version":"2019-01-23","purchased_purges":0,"victory":true,"max_hp_per_floor":[70,70,70,70,75,75,75,75,75,75,75,75,75,75,75,75,75,75,75,75,75,75,75,75,75,75,75,75,75,75,75,75,75,75,75,75,75,75,75,75,75,75,75,75,75,75,75,75,75,75],"card_choices":[{"not_picked":["Setup","Underhanded Strike"],"picked":"Predator","floor":1},{"not_picked":["Outmaneuver","Expertise"],"picked":"Backstab","floor":2},{"not_picked":["Caltrops","Bouncing Flask"],"picked":"Envenom","floor":6},{"not_picked":["Masterful Stab","Dodge and Roll"],"picked":"Accuracy","floor":8},{"not_picked":["Heel Hook","Caltrops+1"],"picked":"Leg Sweep","floor":11},{"not_picked":["Riddle With Holes+1","Reflex","Leg Sweep"],"picked":"SKIP","floor":14},{"not_picked":["Unload+1","Malaise"],"picked":"Adrenaline","floor":16},{"not_picked":["Sucker Punch+1","Deadly Poison"],"picked":"Acrobatics","floor":18},{"not_picked":["Deflect","Underhanded Strike+1"],"picked":"Cloak And Dagger","floor":20},{"not_picked":["Flying Knee+1","Acrobatics+1"],"picked":"Backflip","floor":21},{"not_picked":["Eviscerate+1","Bane+1","Escape Plan"],"picked":"SKIP","floor":22},{"not_picked":["Choke+1","Deadly Poison","Setup"],"picked":"SKIP","floor":23},{"not_picked":["Unload+1","Quick Slash+1","Dagger Throw+1"],"picked":"SKIP","floor":31},{"not_picked":["Phantasmal Killer","Venomology"],"picked":"Storm of Steel","floor":33},{"not_picked":["Acrobatics+1","Backflip","Underhanded Strike+1"],"picked":"SKIP","floor":35},{"not_picked":["Slice+1","Bouncing Flask+1","Sucker Punch+1"],"picked":"SKIP","floor":37},{"not_picked":["Sucker Punch+1","Flechettes+1","Bane+1"],"picked":"SKIP","floor":39},{"not_picked":["Quick Slash+1","Setup+1","Sucker Punch+1"],"picked":"SKIP","floor":41},{"not_picked":["Discovery+1","Metamorphosis+1"],"picked":"Thinking Ahead+1","floor":42},{"not_picked":["Dodge and Roll+1","Setup+1"],"picked":"Infinite Blades+1","floor":46},{"not_picked":["Dash+1","Escape Plan+1"],"picked":"Footwork+1","floor":48}],"player_experience":470946,"relics_obtained":[{"floor":6,"key":"Old Coin"},{"floor":8,"key":"Frozen Egg 2"},{"floor":9,"key":"StoneCalendar"},{"floor":11,"key":"Odd Mushroom"},{"floor":23,"key":"Letter Opener"},{"floor":26,"key":"Blood Vial"},{"floor":28,"key":"Enchiridion"},{"floor":41,"key":"Toxic Egg 2"},{"floor":43,"key":"Omamori"}],"event_choices":[{"damage_healed":0,"gold_gain":0,"player_choice":"Ignored","damage_taken":0,"max_hp_gain":0,"max_hp_loss":0,"event_name":"Liars Game","floor":4,"gold_loss":0},{"damage_healed":0,"gold_gain":0,"player_choice":"Donut","damage_taken":0,"max_hp_gain":5,"max_hp_loss":0,"event_name":"Big Fish","floor":5,"gold_loss":0},{"damage_healed":0,"gold_gain":0,"player_choice":"Fought Mushrooms","damage_taken":0,"max_hp_gain":0,"max_hp_loss":0,"event_name":"Mushrooms","floor":11,"gold_loss":0},{"damage_healed":0,"gold_gain":62,"player_choice":"Gained Gold","damage_taken":0,"max_hp_gain":0,"max_hp_loss":0,"event_name":"Golden Wing","floor":12,"gold_loss":0},{"damage_healed":0,"gold_gain":0,"player_choice":"Simplicity","damage_taken":0,"max_hp_gain":0,"max_hp_loss":0,"event_name":"Back to Basics","floor":19,"gold_loss":0,"cards_upgraded":["Defend_G","Defend_G","Defend_G","Defend_G","Defend_G"]},{"damage_healed":0,"gold_gain":0,"player_choice":"Inject Mutagens","damage_taken":0,"relics_obtained":["MutagenicStrength"],"max_hp_gain":0,"max_hp_loss":0,"event_name":"Drug Dealer","floor":25,"gold_loss":0},{"damage_healed":0,"gold_gain":0,"player_choice":"Obtained Book","damage_taken":16,"max_hp_gain":0,"max_hp_loss":0,"event_name":"Cursed Tome","floor":28,"gold_loss":0},{"damage_healed":0,"gold_gain":0,"player_choice":"Joined the Cult","damage_taken":6,"max_hp_gain":0,"max_hp_loss":0,"event_name":"Nest","floor":30,"gold_loss":0,"cards_obtained":["RitualDagger"]},{"damage_healed":0,"gold_gain":0,"player_choice":"Ignored","damage_taken":0,"max_hp_gain":0,"max_hp_loss":0,"event_name":"Mysterious Sphere","floor":36,"gold_loss":0},{"damage_healed":0,"gold_gain":0,"player_choice":"Memory 1","damage_taken":0,"max_hp_gain":0,"max_hp_loss":0,"event_name":"SensoryStone","floor":42,"gold_loss":0},{"damage_healed":0,"gold_gain":0,"player_choice":"Got Potions","damage_taken":0,"max_hp_gain":0,"max_hp_loss":0,"event_name":"Lab","floor":45,"gold_loss":0},{"damage_healed":0,"gold_gain":0,"player_choice":"Forge","damage_taken":0,"max_hp_gain":0,"max_hp_loss":0,"event_name":"Accursed Blacksmith","floor":47,"gold_loss":0,"cards_upgraded":["Backflip"]}],"is_beta":false,"boss_relics":[{"not_picked":["Snecko Eye","Ectoplasm"],"picked":"Astrolabe"},{"not_picked":["Empty Cage","Philosopher\u0027s Stone"],"picked":"Ring of the Serpent"}],"items_purged_floors":[],"is_endless":false,"potions_floor_spawned":[1,14,16,20,22,23,31,41,48],"ascension_level":7}