{"gold_per_floor":[10,29,49,49,14,14,43,62,134,160,160,176,186,211,211,313,313,327,53,66,116,127,127,49,69,69,101,101,129,149,165,165,165],"floor_reached":33,"playtime":1763,"items_purged":["Strike_R"],"score":448,"play_id":"6a00e077-06ea-4fe5-b818-0af7cf124aec","local_time":"20190225231610","is_ascension_mode":true,"campfire_choices":[{"data":"Evolve","floor":6,"key":"SMITH"},{"data":"Spot Weakness","floor":11,"key":"SMITH"},{"floor":15,"key":"REST"},{"data":"Armaments","floor":23,"key":"SMITH"},{"data":"Metallicize","floor":32,"key":"SMITH"}],"neow_cost":"NO_GOLD","seed_source_timestamp":927739712973496,"circlet_count":0,"master_deck":["Strike_R","Strike_R","Strike_R","Strike_R","Defend_R","Defend_R","Defend_R","Defend_R","Bash+1","Evolve+1","Flame Barrier","Fiend Fire","Spot Weakness+1","Power Through","True Grit","Armaments+1","Reaper","Feel No Pain","Whirlwind","True Grit","Shrug It Off","Sentinel","Metallicize+1","Havoc+1"],"relics":["Burning Blood","Charon\u0027s Ashes","Ginger","Mercury Hourglass","Orichalcum","Art of War","Orrery","Medical Kit","Boot","Pantograph","Meat on the Bone"],"potions_floor_usage":[7,14,16,22,25,27,27,29,31,33],"damage_taken":[{"damage":14,"enemies":"Jaw Worm","floor":1,"turns":5},{"damage":6,"enemies":"2 Louse","floor":2,"turns":4},{"damage":6,"enemies":"Cultist","floor":3,"turns":4},{"damage":57,"enemies":"Gremlin Nob","floor":7,"turns":5},{"damage":3,"enemies":"Blue Slaver","floor":8,"turns":3},{"damage":10,"enemies":"3 Sentries","floor":10,"turns":4},{"damage":7,"enemies":"Lots of Slimes","floor":12,"turns":2},{"damage":8,"enemies":"Exordium Wildlife","floor":13,"turns":5},{"damage":17,"enemies":"Lagavulin","floor":14,"turns":6},{"damage":15,"enemies":"Hexaghost","floor":16,"turns":8},{"damage":1,"enemies":"Chosen","floor":18,"turns":6},{"damage":20,"enemies":"Shell Parasite","floor":20,"turns":7},{"damage":18,"enemies":"Snecko","floor":22,"turns":5},{"damage":17,"enemies":"Snake Plant","floor":25,"turns":4},{"damage":12,"enemies":"Gremlin Leader","floor":27,"turns":7},{"damage":32,"enemies":"Slavers","floor":29,"turns":5},{"damage":16,"enemies":"Shelled Parasite and Fungi","floor":30,"turns":8},{"damage":0,"enemies":"3 Cultists","floor":31,"turns":4},{"damage":110,"enemies":"Champ","floor":33,"turns":15}],"seed_played":"690215559419611305","potions_obtained":[{"floor":1,"key":"SneckoOil"},{"floor":10,"key":"SpeedPotion"},{"floor":13,"key":"Explosive Potion"},{"floor":14,"key":"Energy Potion"},{"floor":16,"key":"Explosive Potion"},{"floor":18,"key":"PowerPotion"},{"floor":22,"key":"LiquidBronze"},{"floor":27,"key":"Energy Potion"},{"floor":30,"key":"PowerPotion"},{"floor":31,"key":"Poison Potion"}],"is_trial":false,"path_per_floor":["M","M","M","?","?","R","E","M","T","E","R","M","M","E","R","B",null,"M","$","M","?","M","R","$","M","T","E","?","E","M","M","R","B"],"character_chosen":"IRONCLAD","items_purchased":["Medical Kit","Metallicize"],"campfire_rested":1,"item_purchase_floors":[19,24],"current_hp_per_floor":[64,64,64,64,80,80,29,32,32,28,28,27,25,14,38,29,67,72,72,58,58,50,50,50,39,39,38,38,27,29,57,57,0],"gold":165,"neow_bonus":"ONE_RARE_RELIC","is_prod":false,"is_daily":false,"chose_seed":false,"campfire_upgraded":4,"win_rate":0,"timestamp":1551132970,"path_taken":["M","M","M","?","?","R","E","M","T","E","R","M","M","E","R","BOSS","M","$","M","?","?","R","$","M","T","E","?","E","M","M","R","BOSS"],"build_version":"2019-01-23","purchased_purges":1,"victory":false,"max_hp_per_floor":[80,80,80,80,80,80,80,80,80,80,80,80,80,80,80,80,80,80,80,80,80,80,80,80,80,80,80,80,80,80,80,80,80],"card_choices":[{"not_picked":["Sword Boomerang","Thunderclap","Wild Strike"],"picked":"SKIP","floor":1},{"not_picked":["Sword Boomerang","Heavy Blade"],"picked":"Evolve","floor":2},{"not_picked":["Pommel Strike","Cleave"],"picked":"Flame Barrier","floor":3},{"not_picked":["Pummel","Iron Wave"],"picked":"Fiend Fire","floor":7},{"not_picked":["Uppercut","Rupture"],"picked":"Spot Weakness","floor":8},{"not_picked":["Rage","Warcry"],"picked":"Power Through","floor":10},{"not_picked":["Heavy Blade","Warcry"],"picked":"True Grit","floor":12},{"not_picked":["Twin Strike","Rupture","Dual Wield"],"picked":"SKIP","floor":13},{"not_picked":["Bloodletting","Warcry"],"picked":"Armaments","floor":14},{"not_picked":["Limit Break","Berserk"],"picked":"Reaper","floor":16},{"not_picked":["Metallicize","Perfected Strike"],"picked":"Feel No Pain","floor":17},{"not_picked":["Perfected Strike","Disarm"],"picked":"Whirlwind","floor":17},{"not_picked":["Carnage","Spot Weakness"],"picked":"True Grit","floor":17},{"not_picked":["Infernal Blade","Body Slam"],"picked":"Shrug It Off","floor":17},{"not_picked":["Infernal Blade","Body Slam","Pommel Strike"],"picked":"SKIP","floor":18},{"not_picked":["Spot Weakness","Bludgeon","True Grit"],"picked":"SKIP","floor":20},{"not_picked":["Combust+1","Clothesline"],"picked":"Sentinel","floor":22},{"not_picked":["Perfected Strike","Body Slam"],"picked":"Havoc+1","floor":25},{"not_picked":["Twin Strike","Searing Blow","Heavy Blade"],"picked":"SKIP","floor":27},{"not_picked":["Anger+1","Hemokinesis","Sever Soul"],"picked":"SKIP","floor":29},{"not_picked":["Thunderclap","Headbutt","Burning Pact+1"],"picked":"SKIP","floor":30},{"not_picked":["Anger","Shrug It Off","Burning Pact"],"picked":"SKIP","floor":31}],"player_experience":526999,"relics_obtained":[{"floor":7,"key":"Ginger"},{"floor":9,"key":"Mercury Hourglass"},{"floor":10,"key":"Orichalcum"},{"floor":14,"key":"Art of War"},{"floor":26,"key":"Boot"},{"floor":27,"key":"Pantograph"},{"floor":29,"key":"Meat on the Bone"}],"event_choices":[{"damage_healed":0,"gold_gain":0,"player_choice":"Grow","damage_taken":0,"max_hp_gain":0,"max_hp_loss":0,"event_name":"Living Wall","floor":4,"gold_loss":0,"cards_upgraded":["Bash"]},{"damage_healed":20,"gold_gain":0,"player_choice":"Healed","damage_taken":0,"max_hp_gain":0,"max_hp_loss":0,"event_name":"The Cleric","floor":5,"gold_loss":35},{"damage_healed":0,"gold_gain":100,"player_choice":"Bet on Murderer","damage_taken":0,"max_hp_gain":0,"max_hp_loss":0,"event_name":"The Joust","floor":21,"gold_loss":50},{"damage_healed":0,"gold_gain":0,"player_choice":"Ignored","damage_taken":0,"max_hp_gain":0,"max_hp_loss":0,"event_name":"Vampires","floor":28,"gold_loss":0}],"is_beta":false,"boss_relics":[{"not_picked":["Eternal Feather","Black Star"],"picked":"Orrery"}],"items_purged_floors":[19],"is_endless":false,"potions_floor_spawned":[1,10,13,14,16,18,22,27,30,31],"killed_by":"Champ","ascension_level":9}