{"gold_per_floor":[118,43,43,43,54,54,54,54,80,110,124,150,71,84,84,182,182,168,180,29,0,17,42,42,52,52,52,71,71,84,84,84,84],"floor_reached":33,"playtime":1801,"items_purged":["Strike_R"],"score":435,"play_id":"d6621a1a-5fb8-4291-a3c7-459fa80051ef","local_time":"20190226012120","is_ascension_mode":true,"campfire_choices":[{"data":"Armaments","floor":6,"key":"SMITH"},{"data":"Bash","floor":8,"key":"SMITH"},{"data":"Metallicize","floor":15,"key":"SMITH"},{"data":"Offering","floor":24,"key":"SMITH"},{"data":"Pommel Strike","floor":27,"key":"SMITH"},{"data":"Shrug It Off","floor":29,"key":"SMITH"},{"data":"RitualDagger","floor":32,"key":"SMITH"}],"neow_cost":"NONE","seed_source_timestamp":935209670450528,"circlet_count":0,"master_deck":["Strike_R+1","Strike_R","Strike_R+1","Strike_R","Defend_R","Defend_R","Defend_R","Defend_R","Bash+1","Berserk","Disarm+1","Armaments+1","Shrug It Off+1","Pommel Strike+1","Battle Trance","Metallicize+1","Offering+1","True Grit+1","Whirlwind+1","Pain","Metallicize+1","RitualDagger+1"],"relics":["Burning Blood","Happy Flower","Gambling Chip","Art of War","Cursed Key","Lantern","Shuriken","Regal Pillow"],"potions_floor_usage":[10,12,33],"damage_taken":[{"damage":11,"enemies":"Small Slimes","floor":1,"turns":5},{"damage":9,"enemies":"Jaw Worm","floor":5,"turns":5},{"damage":34,"enemies":"3 Sentries","floor":10,"turns":11},{"damage":0,"enemies":"2 Louse","floor":11,"turns":3},{"damage":2,"enemies":"Lagavulin","floor":12,"turns":7},{"damage":0,"enemies":"Blue Slaver","floor":14,"turns":5},{"damage":8,"enemies":"Hexaghost","floor":16,"turns":13},{"damage":16,"enemies":"2 Thieves","floor":18,"turns":4},{"damage":9,"enemies":"3 Byrds","floor":19,"turns":7},{"damage":6,"enemies":"Snecko","floor":22,"turns":5},{"damage":6,"enemies":"Book of Stabbing","floor":23,"turns":9},{"damage":11,"enemies":"Sentry and Sphere","floor":25,"turns":10},{"damage":24,"enemies":"Centurion and Healer","floor":28,"turns":6},{"damage":7,"enemies":"3 Cultists","floor":30,"turns":1},{"damage":53,"enemies":"Champ","floor":33,"turns":15}],"seed_played":"164299884799940787","potions_obtained":[{"floor":5,"key":"Dexterity Potion"},{"floor":11,"key":"Strength Potion"},{"floor":22,"key":"FairyPotion"},{"floor":23,"key":"EssenceOfSteel"}],"is_trial":false,"path_per_floor":["M","$","?","?","M","R","?","R","T","E","M","E","$","M","R","B",null,"M","M","$","?","M","E","R","M","T","R","M","R","M","?","R","B"],"character_chosen":"IRONCLAD","items_purchased":["Metallicize","Lantern"],"campfire_rested":0,"item_purchase_floors":[13,20],"current_hp_per_floor":[67,67,72,55,52,52,52,52,52,24,30,34,34,40,40,38,73,63,60,60,60,60,60,60,55,55,55,37,37,36,30,30,0],"gold":84,"neow_bonus":"ONE_RANDOM_RARE_CARD","is_prod":false,"is_daily":false,"chose_seed":false,"campfire_upgraded":7,"win_rate":0,"timestamp":1551140480,"path_taken":["M","$","?","?","M","R","?","R","T","E","?","E","$","M","R","BOSS","M","M","$","?","M","E","R","M","T","R","M","R","M","?","R","BOSS"],"build_version":"2019-01-23","purchased_purges":1,"victory":false,"max_hp_per_floor":[80,80,85,85,85,85,85,85,85,85,85,85,85,85,85,85,85,85,85,85,85,85,85,85,85,85,85,85,85,85,85,85,85],"card_choices":[{"not_picked":["Headbutt","Shrug It Off"],"picked":"Disarm","floor":1},{"not_picked":["Fire Breathing","Perfected Strike"],"picked":"Armaments","floor":5},{"not_picked":["Reckless Charge","Thunderclap"],"picked":"Shrug It Off","floor":10},{"not_picked":["Searing Blow","Disarm"],"picked":"Pommel Strike","floor":11},{"not_picked":["Cleave","Thunderclap"],"picked":"Battle Trance","floor":12},{"not_picked":["Intimidate","Perfected Strike","Wild Strike"],"picked":"SKIP","floor":14},{"not_picked":["Fiend Fire","Feed"],"picked":"Offering","floor":16},{"not_picked":["Second Wind","Warcry","Carnage"],"picked":"SKIP","floor":18},{"not_picked":["Twin Strike","Havoc","Sword Boomerang+1"],"picked":"SKIP","floor":19},{"not_picked":["Combust","Warcry+1"],"picked":"True Grit+1","floor":22},{"not_picked":["Dual Wield","Carnage","Armaments"],"picked":"SKIP","floor":23},{"not_picked":["Sword Boomerang","Warcry"],"picked":"Whirlwind+1","floor":25},{"not_picked":["Perfected Strike","Inflame"],"picked":"Metallicize+1","floor":28},{"not_picked":["Wild Strike+1","Thunderclap+1","Evolve"],"picked":"SKIP","floor":30}],"player_experience":534401,"relics_obtained":[{"floor":9,"key":"Happy Flower"},{"floor":10,"key":"Gambling Chip"},{"floor":12,"key":"Art of War"},{"floor":23,"key":"Shuriken"},{"floor":26,"key":"Regal Pillow"}],"event_choices":[{"damage_healed":0,"gold_gain":0,"player_choice":"Donut","damage_taken":0,"max_hp_gain":5,"max_hp_loss":0,"event_name":"Big Fish","floor":3,"gold_loss":0},{"damage_healed":0,"gold_gain":0,"player_choice":"Entered Light","damage_taken":17,"max_hp_gain":0,"max_hp_loss":0,"event_name":"Shining Light","floor":4,"gold_loss":0,"cards_upgraded":["Strike_R","Strike_R"]},{"damage_healed":0,"gold_gain":0,"player_choice":"Grow","damage_taken":0,"max_hp_gain":0,"max_hp_loss":0,"event_name":"Living Wall","floor":7,"gold_loss":0,"cards_upgraded":["Disarm"]},{"damage_healed":0,"gold_gain":0,"player_choice":"Paid Fearfully","damage_taken":0,"max_hp_gain":0,"max_hp_loss":0,"event_name":"Masked Bandits","floor":21,"gold_loss":29},{"damage_healed":0,"gold_gain":0,"player_choice":"Joined the Cult","damage_taken":6,"max_hp_gain":0,"max_hp_loss":0,"event_name":"Nest","floor":31,"gold_loss":0,"cards_obtained":["RitualDagger"]}],"is_beta":false,"boss_relics":[{"not_picked":["Pandora\u0027s Box","Black Star"],"picked":"Cursed Key"}],"items_purged_floors":[2],"is_endless":false,"potions_floor_spawned":[5,11,22,23],"killed_by":"Champ","ascension_level":9}