{"gold_per_floor":[112,131,131,147,3,3,29,59,59,78,55,55,74,87,87,166,166,156,74,74,74,23,53,53,81,105,122,122,122,30,30,30,105,105,122,142,154,1,18,18,35,35,81,109,121,151,88,88,88,88],"floor_reached":51,"playtime":3268,"items_purged":["Defend_G"],"score":1251,"play_id":"7c94a542-933f-4d73-aa07-7463824e6512","local_time":"20190227165327","is_ascension_mode":true,"campfire_choices":[{"data":"Blade Dance","floor":6,"key":"SMITH"},{"data":"Footwork","floor":12,"key":"SMITH"},{"data":"Blade Dance","floor":15,"key":"SMITH"},{"floor":24,"key":"REST"},{"floor":28,"key":"REST"},{"data":"1","floor":32,"key":"LIFT"},{"data":"2","floor":40,"key":"LIFT"},{"data":"3","floor":42,"key":"LIFT"},{"data":"PiercingWail","floor":49,"key":"SMITH"}],"neow_cost":"NONE","seed_source_timestamp":3788638306290017,"circlet_count":0,"master_deck":["AscendersBane","Defend_G","Defend_G","Defend_G+1","Defend_G","Strike_G","Strike_G","Strike_G+1","Strike_G+1","Survivor","Neutralize+1","Dagger Throw","PiercingWail+1","Blade Dance+1","Footwork+1","Blade Dance+1","Slice","Dodge and Roll","Cloak And Dagger","Deflect","A Thousand Cuts+1","Poisoned Stab","Flash of Steel","PiercingWail+1","Adrenaline+1","Ghostly+1","Ghostly+1","Ghostly+1","Ghostly+1","Ghostly+1","Backflip+1","Escape Plan+1","Storm of Steel+1","Blur+1","Backflip+1","Backflip+1","PiercingWail+1","Doubt"],"relics":["Ring of the Snake","Ornamental Fan","Odd Mushroom","War Paint","Dodecahedron","Black Star","Girya","Whetstone","Toxic Egg 2","Strawberry","Blood Vial","Shuriken","Busted Crown","Lantern","Snake Skull","Oddly Smooth Stone","MawBank"],"potions_floor_usage":[8,16,16,23,25,25,33,46],"damage_taken":[{"damage":3,"enemies":"Jaw Worm","floor":1,"turns":6},{"damage":1,"enemies":"Small Slimes","floor":2,"turns":4},{"damage":0,"enemies":"Cultist","floor":4,"turns":5},{"damage":12,"enemies":"The Mushroom Lair","floor":7,"turns":7},{"damage":6,"enemies":"3 Sentries","floor":8,"turns":6},{"damage":5,"enemies":"2 Fungi Beasts","floor":10,"turns":4},{"damage":0,"enemies":"Exordium Thugs","floor":13,"turns":6},{"damage":2,"enemies":"Looter","floor":14,"turns":4},{"damage":0,"enemies":"The Guardian","floor":16,"turns":14},{"damage":3,"enemies":"2 Thieves","floor":18,"turns":4},{"damage":30,"enemies":"Gremlin Leader","floor":23,"turns":7},{"damage":23,"enemies":"Book of Stabbing","floor":25,"turns":5},{"damage":0,"enemies":"3 Byrds","floor":27,"turns":5},{"damage":13,"enemies":"Automaton","floor":33,"turns":11},{"damage":7,"enemies":"Orb Walker","floor":35,"turns":4},{"damage":0,"enemies":"3 Darklings","floor":36,"turns":5},{"damage":0,"enemies":"Sphere and 2 Shapes","floor":37,"turns":5},{"damage":0,"enemies":"Spire Growth","floor":39,"turns":5},{"damage":0,"enemies":"Jaw Worm Horde","floor":41,"turns":6},{"damage":36,"enemies":"Giant Head","floor":44,"turns":11},{"damage":3,"enemies":"Sphere and 2 Shapes","floor":46,"turns":5},{"damage":31,"enemies":"Donu and Deca","floor":50,"turns":11}],"seed_played":"4635285931369020556","potions_obtained":[{"floor":4,"key":"PowerPotion"},{"floor":7,"key":"Strength Potion"},{"floor":10,"key":"LiquidBronze"},{"floor":16,"key":"Strength Potion"},{"floor":23,"key":"PowerPotion"},{"floor":25,"key":"SpeedPotion"},{"floor":33,"key":"Explosive Potion"},{"floor":35,"key":"Poison Potion"},{"floor":46,"key":"SneckoOil"}],"is_trial":false,"path_per_floor":["M","M","?","M","$","R","?","E","T","M","$","R","M","M","R","B",null,"M","$","?","?","$","E","R","E","T","M","R","?","$","?","R","B",null,"M","M","M","$","M","R","M","R","T","E","?","M","$","?","R","B",null],"character_chosen":"THE_SILENT","items_purchased":["Footwork","Dodge and Roll","Flash of Steel","Fire Potion","Backflip+1","Escape Plan+1","Lantern","Backflip+1","PiercingWail+1"],"campfire_rested":2,"item_purchase_floors":[5,11,19,22,30,30,38,47,47],"current_hp_per_floor":[60,59,56,56,56,56,44,38,38,33,33,33,33,31,31,31,60,57,57,57,57,57,27,48,32,32,34,57,38,38,38,38,25,35,30,32,34,34,36,36,38,38,38,2,2,1,1,38,38,7],"gold":88,"neow_bonus":"UPGRADE_CARD","is_prod":false,"is_daily":false,"chose_seed":false,"campfire_upgraded":4,"win_rate":0,"timestamp":1551304407,"path_taken":["M","M","?","M","$","R","?","E","T","M","$","R","M","M","R","BOSS","M","$","?","?","$","E","R","E","T","?","R","?","?","?","R","BOSS","M","?","M","$","M","R","M","R","T","E","?","M","$","?","R","BOSS"],"build_version":"2019-02-06","purchased_purges":1,"victory":true,"max_hp_per_floor":[70,70,70,70,70,70,70,70,70,70,70,70,70,70,70,70,70,70,70,70,70,70,70,70,77,77,77,77,38,38,38,38,38,38,38,38,38,38,38,38,38,38,38,38,38,38,38,38,38,38],"card_choices":[{"not_picked":["Deflect","Acrobatics"],"picked":"Dagger Throw","floor":1},{"not_picked":["Backflip","Burst"],"picked":"PiercingWail","floor":2},{"not_picked":["Dagger Throw","Sucker Punch"],"picked":"Blade Dance","floor":4},{"not_picked":["Flying Knee","Crippling Poison"],"picked":"Quick Slash","floor":7},{"not_picked":["Flying Knee","Terror"],"picked":"Blade Dance","floor":8},{"not_picked":["Prepared","Deflect"],"picked":"Slice","floor":10},{"not_picked":["Escape Plan","Catalyst"],"picked":"Cloak And Dagger","floor":13},{"not_picked":["Unload","Acrobatics"],"picked":"Deflect","floor":14},{"not_picked":["Grand Finale","Wraith Form v2"],"picked":"A Thousand Cuts","floor":16},{"not_picked":["Blade Dance","Distraction"],"picked":"Poisoned Stab","floor":18},{"not_picked":["Heel Hook","Prepared+1"],"picked":"PiercingWail","floor":23},{"not_picked":["Backstab+1","Prepared"],"picked":"Adrenaline","floor":25},{"not_picked":["Poisoned Stab","Quick Slash","Dagger Throw"],"picked":"SKIP","floor":27},{"not_picked":["Bullet Time+1","Unload"],"picked":"Storm of Steel+1","floor":33},{"not_picked":[],"picked":"Blur+1","floor":35},{"not_picked":["Skewer+1"],"picked":"SKIP","floor":36},{"not_picked":["All Out Attack+1"],"picked":"SKIP","floor":37},{"not_picked":[],"picked":"Backflip+1","floor":39},{"not_picked":["Dagger Throw"],"picked":"SKIP","floor":41},{"not_picked":["Quick Slash+1"],"picked":"SKIP","floor":44},{"not_picked":["Concentrate+1"],"picked":"SKIP","floor":46}],"player_experience":293999,"relics_obtained":[{"floor":7,"key":"Odd Mushroom"},{"floor":8,"key":"War Paint"},{"floor":9,"key":"Dodecahedron"},{"floor":23,"key":"Girya"},{"floor":23,"key":"Whetstone"},{"floor":25,"key":"Toxic Egg 2"},{"floor":25,"key":"Strawberry"},{"floor":26,"key":"Blood Vial"},{"floor":43,"key":"Snake Skull"},{"floor":44,"key":"Oddly Smooth Stone"},{"floor":44,"key":"MawBank"}],"event_choices":[{"damage_healed":0,"gold_gain":0,"player_choice":"Success","damage_taken":3,"relics_obtained":["Ornamental Fan"],"max_hp_gain":0,"max_hp_loss":0,"event_name":"Scrap Ooze","floor":3,"gold_loss":0},{"damage_healed":0,"gold_gain":0,"player_choice":"Fought Mushrooms","damage_taken":0,"max_hp_gain":0,"max_hp_loss":0,"event_name":"Mushrooms","floor":7,"gold_loss":0},{"damage_healed":0,"gold_gain":0,"player_choice":"Forge","damage_taken":0,"max_hp_gain":0,"max_hp_loss":0,"event_name":"Accursed Blacksmith","floor":21,"gold_loss":0,"cards_upgraded":["A Thousand Cuts"]},{"damage_healed":0,"gold_gain":0,"player_choice":"Became a Ghost","damage_taken":0,"max_hp_gain":0,"max_hp_loss":39,"event_name":"Ghosts","floor":29,"gold_loss":0,"cards_obtained":["Ghostly","Ghostly","Ghostly","Ghostly","Ghostly"]},{"cards_removed":["Quick Slash"],"damage_healed":0,"gold_gain":0,"player_choice":"Gave Card","damage_taken":0,"relics_obtained":["Shuriken"],"max_hp_gain":0,"max_hp_loss":0,"event_name":"WeMeetAgain","floor":31,"gold_loss":0},{"cards_removed":["Strike_G"],"damage_healed":0,"gold_gain":0,"player_choice":"Removed Attack","damage_taken":0,"max_hp_gain":0,"max_hp_loss":0,"event_name":"Falling","floor":45,"gold_loss":0},{"damage_healed":37,"gold_gain":0,"player_choice":"Heal","damage_taken":0,"max_hp_gain":0,"max_hp_loss":0,"event_name":"MindBloom","floor":48,"gold_loss":0,"cards_obtained":["Doubt"]}],"is_beta":true,"boss_relics":[{"not_picked":["White Beast Statue","Tiny House"],"picked":"Black Star"},{"not_picked":["Pandora\u0027s Box","Sozu"],"picked":"Busted Crown"}],"items_purged_floors":[5],"is_endless":false,"potions_floor_spawned":[4,7,10,14,16,23,25,33,35,44,46],"ascension_level":13}