{"gold_per_floor":[113,126,126,126,25,25,66,80,80,94,94,108,131,167,167,291,291,259,275,300,9,108,108,108,129,129,129,0,33,33,73,73,73],"floor_reached":33,"playtime":2452,"items_purged":["Strike_G"],"score":431,"play_id":"fbd2daf5-f622-4019-be97-abafac5d4d1f","local_time":"20190221164518","is_ascension_mode":true,"campfire_choices":[{"floor":6,"key":"REST"},{"floor":11,"key":"REST"},{"floor":15,"key":"REST"},{"floor":23,"key":"REST"},{"floor":30,"key":"REST"},{"floor":32,"key":"REST"}],"neow_cost":"NONE","seed_source_timestamp":3270608896507938,"circlet_count":0,"master_deck":["Defend_G","Defend_G","Defend_G","Defend_G","Defend_G","Strike_G","Strike_G","Strike_G","Strike_G","Survivor","Neutralize+1","Poisoned Stab+1","Sucker Punch","Bane","Quick Slash","Dodge and Roll","Deflect","Corpse Explosion","Burst","Backstab","Dodge and Roll","PiercingWail","Dash","Dagger Spray","Calculated Gamble+1","Noxious Fumes","Adrenaline","Backflip","A Thousand Cuts","Footwork","Backflip+1"],"relics":["Ring of the Snake","Golden Idol","Gambling Chip","Pear","Smiling Mask","Orrery","Blood Vial","Ninja Scroll","Anchor","Red Mask"],"potions_floor_usage":[7,12,14,16,20,24,29,31],"damage_taken":[{"damage":7,"enemies":"Small Slimes","floor":1,"turns":5},{"damage":0,"enemies":"Jaw Worm","floor":2,"turns":3},{"damage":24,"enemies":"3 Sentries","floor":7,"turns":13},{"damage":0,"enemies":"2 Louse","floor":8,"turns":2},{"damage":0,"enemies":"Exordium Thugs","floor":10,"turns":4},{"damage":0,"enemies":"3 Louse","floor":12,"turns":3},{"damage":5,"enemies":"Large Slime","floor":13,"turns":6},{"damage":14,"enemies":"Gremlin Nob","floor":14,"turns":4},{"damage":54,"enemies":"Slime Boss","floor":16,"turns":16},{"damage":15,"enemies":"2 Thieves","floor":18,"turns":5},{"damage":33,"enemies":"Spheric Guardian","floor":19,"turns":9},{"damage":0,"enemies":"Centurion and Healer","floor":20,"turns":7},{"damage":23,"enemies":"Chosen and Byrds","floor":25,"turns":6},{"damage":0,"enemies":"Slavers","floor":29,"turns":3},{"damage":38,"enemies":"Masked Bandits","floor":31,"turns":4},{"damage":107,"enemies":"Champ","floor":33,"turns":19}],"seed_played":"6008488447174373762","potions_obtained":[{"floor":1,"key":"Block Potion"},{"floor":2,"key":"Weak Potion"},{"floor":8,"key":"SpeedPotion"},{"floor":14,"key":"Explosive Potion"},{"floor":18,"key":"SmokeBomb"},{"floor":19,"key":"Block Potion"},{"floor":20,"key":"Energy Potion"},{"floor":24,"key":"Fruit Juice"},{"floor":24,"key":"LiquidBronze"},{"floor":25,"key":"GhostInAJar"}],"is_trial":false,"path_per_floor":["M","M","?","?","$","R","E","M","T","M","R","M","M","E","R","B",null,"M","M","M","$","?","R","?","M","T","?","$","E","R","?","R","B"],"character_chosen":"THE_SILENT","items_purchased":["Sucker Punch","Blood Vial","Adrenaline","A Thousand Cuts","Dexterity Potion"],"campfire_rested":6,"item_purchase_floors":[5,21,21,28,28],"current_hp_per_floor":[63,63,46,46,46,67,43,43,53,53,77,77,72,58,80,26,67,52,19,19,19,19,43,48,27,27,55,55,57,82,46,71,0],"gold":73,"neow_bonus":"UPGRADE_CARD","is_prod":false,"is_daily":false,"chose_seed":false,"campfire_upgraded":0,"win_rate":0,"timestamp":1550785518,"path_taken":["M","M","?","?","$","R","E","M","T","M","R","M","M","E","R","BOSS","M","M","M","$","?","R","?","?","T","?","$","E","R","?","R","BOSS"],"build_version":"2019-02-06","purchased_purges":1,"victory":false,"max_hp_per_floor":[70,70,70,70,70,70,70,70,80,80,80,80,80,80,80,80,80,80,80,80,80,80,80,85,85,85,85,85,85,85,85,85,85],"card_choices":[{"not_picked":["Concentrate","Distraction"],"picked":"Poisoned Stab","floor":1},{"not_picked":["Acrobatics","Backflip","Heel Hook"],"picked":"SKIP","floor":2},{"not_picked":["Sucker Punch","Finisher"],"picked":"Bane","floor":7},{"not_picked":["Bouncing Flask","Dagger Throw","Concentrate"],"picked":"SKIP","floor":8},{"not_picked":["Crippling Poison","Reflex"],"picked":"Quick Slash","floor":10},{"not_picked":["PiercingWail","Terror"],"picked":"Dodge and Roll","floor":12},{"not_picked":["Flying Knee","Eviscerate"],"picked":"Deflect","floor":13},{"not_picked":["Accuracy","Cloak And Dagger"],"picked":"Corpse Explosion","floor":14},{"not_picked":["Grand Finale","Unload"],"picked":"Burst","floor":16},{"not_picked":["Concentrate","Blur"],"picked":"Backstab","floor":17},{"not_picked":["Outmaneuver","Flying Knee"],"picked":"Dodge and Roll","floor":17},{"not_picked":["Deflect","Flying Knee"],"picked":"PiercingWail","floor":17},{"not_picked":["Deflect","Sucker Punch"],"picked":"Dash","floor":17},{"not_picked":["Underhanded Strike","PiercingWail"],"picked":"Dagger Spray","floor":17},{"not_picked":["Dagger Throw","Riddle With Holes","Dagger Spray"],"picked":"SKIP","floor":18},{"not_picked":["Sucker Punch","A Thousand Cuts"],"picked":"Calculated Gamble+1","floor":19},{"not_picked":["Flying Knee","Sucker Punch"],"picked":"Noxious Fumes","floor":20},{"not_picked":["Tactician","PiercingWail+1"],"picked":"Backflip","floor":25},{"not_picked":["Bullet Time","Flying Knee"],"picked":"Footwork","floor":29},{"not_picked":["Dash","Accuracy"],"picked":"Backflip+1","floor":31}],"player_experience":180806,"relics_obtained":[{"floor":7,"key":"Gambling Chip"},{"floor":9,"key":"Pear"},{"floor":14,"key":"Smiling Mask"},{"floor":26,"key":"Ninja Scroll"},{"floor":29,"key":"Anchor"},{"floor":31,"key":"Red Mask"}],"event_choices":[{"damage_healed":0,"gold_gain":0,"player_choice":"Take Damage","damage_taken":17,"relics_obtained":["Golden Idol"],"max_hp_gain":0,"max_hp_loss":0,"event_name":"Golden Idol","floor":3,"gold_loss":0},{"damage_healed":0,"gold_gain":0,"player_choice":"Grow","damage_taken":0,"max_hp_gain":0,"max_hp_loss":0,"event_name":"Living Wall","floor":4,"gold_loss":0,"cards_upgraded":["Poisoned Stab"]},{"damage_healed":0,"gold_gain":99,"player_choice":"Stole From Cult","damage_taken":0,"max_hp_gain":0,"max_hp_loss":0,"event_name":"Nest","floor":22,"gold_loss":0},{"damage_healed":0,"gold_gain":0,"player_choice":"Got Potions","damage_taken":0,"max_hp_gain":0,"max_hp_loss":0,"event_name":"Lab","floor":24,"gold_loss":0},{"damage_healed":28,"gold_gain":0,"player_choice":"Heal","damage_taken":0,"max_hp_gain":0,"max_hp_loss":0,"event_name":"The Library","floor":27,"gold_loss":0},{"damage_healed":0,"gold_gain":0,"player_choice":"Fought Bandits","damage_taken":0,"max_hp_gain":0,"max_hp_loss":0,"event_name":"Masked Bandits","floor":31,"gold_loss":0}],"is_beta":true,"boss_relics":[{"not_picked":["Runic Pyramid","Sozu"],"picked":"Orrery"}],"items_purged_floors":[5],"is_endless":false,"potions_floor_spawned":[1,2,8,14,18,19,20,25],"killed_by":"Champ","ascension_level":5}