{"path_per_floor":["M","M","M","?","M","E","R","E","T","M","R","E","?","?","R","B",null,"M","?","$","?","M","R","M","E","T","?","M","R","$","?","R","B",null,"M","?","$","?","M","R","M","?","T","M","E","R","M","E","R","B"],"character_chosen":"IRONCLAD","items_purchased":["Vajra","Offering","Panacea","Seeing Red","Pommel Strike"],"gold_per_floor":[115,135,148,148,162,188,188,213,213,227,227,252,252,315,315,413,413,429,429,49,49,63,63,80,108,161,161,175,175,28,28,28,125,125,140,140,39,39,53,53,64,64,64,84,116,116,135,163,163,163],"floor_reached":51,"campfire_rested":1,"playtime":3213,"current_hp_per_floor":[80,80,80,80,80,78,78,59,59,62,62,82,75,54,54,25,68,65,65,65,65,77,77,82,67,67,51,89,89,89,89,89,65,84,87,87,87,87,87,87,98,98,98,101,71,71,54,62,94,50],"items_purged":["Strike_R","Strike_R"],"gold":163,"score":941,"play_id":"42f494ff-ca88-49da-8c18-a6846a58fd1b","local_time":"20180329152355","is_prod":false,"is_daily":false,"is_ascension_mode":true,"campfire_upgraded":7,"timestamp":1522362235,"path_taken":["M","M","M","?","M","E","R","E","T","M","R","E","?","?","R","BOSS","M","?","$","?","M","R","M","E","T","?","M","R","$","?","R","BOSS","M","?","$","?","M","R","M","?","T","M","E","R","M","E","R","BOSS"],"build_version":"2018-03-22v2","purchased_purges":2,"victory":true,"master_deck":["Strike_R","Strike_R","Defend_R","Defend_R","Defend_R","Defend_R","Bash","True Grit+1","Corruption+1","Feel No Pain+1","Spot Weakness","Thunderclap","Evolve+1","Feed","Dark Embrace","Rage+1","Power Through","Offering","Panacea","Ghostly Armor","Sword Boomerang","Necronomicurse","Flex+1","Seeing Red","Demon Form+1","Pommel Strike","Clothesline","Heavy Blade+1","Disarm+1","Disarm","Feel No Pain+1"],"max_hp_per_floor":[80,80,80,80,80,80,80,80,80,82,82,82,82,82,82,82,82,82,82,82,82,85,85,85,87,87,87,90,90,90,90,90,90,90,95,95,95,95,95,95,98,98,98,101,101,101,104,109,109,112],"relics":["Burning Blood","Omamori","Centennial Puzzle","Shovel","Singing Bowl","Peace Pipe","Juzu Bracelet","Ice Cream","Art of War","Runic Dome","Vajra","Orichalcum","Tiny Chest","Necronomicon","Smiling Mask","Sozu","Charon\u0027s Ashes","Dodecahedron","Blood Vial"],"card_choices":[{"not_picked":["Blood for Blood","Twin Strike"],"picked":"True Grit","floor":1},{"not_picked":["Sword Boomerang","Shrug It Off"],"picked":"Corruption","floor":2},{"not_picked":["Thunderclap","Fire Breathing"],"picked":"Feel No Pain","floor":3},{"not_picked":["Carnage","Sentinel"],"picked":"Spot Weakness","floor":5},{"not_picked":["Carnage","Thunderclap"],"picked":"Reaper","floor":6},{"not_picked":["Iron Wave","Hemokinesis"],"picked":"Thunderclap","floor":8},{"not_picked":["Sword Boomerang","Anger"],"picked":"Evolve","floor":12},{"not_picked":["Anger","Evolve"],"picked":"Feed","floor":14},{"not_picked":["Berserk","Juggernaut"],"picked":"Dark Embrace","floor":16},{"not_picked":["Flex","Anger"],"picked":"Rage","floor":18},{"not_picked":["Pommel Strike","Thunderclap"],"picked":"Ghostly Armor","floor":22},{"not_picked":["Twin Strike","Rupture"],"picked":"Sword Boomerang","floor":24},{"not_picked":["Cleave","Dark Embrace"],"picked":"Flex","floor":28},{"not_picked":["Juggernaut","Impervious"],"picked":"Demon Form","floor":33},{"not_picked":["Infernal Blade","Combust"],"picked":"Clothesline","floor":39},{"not_picked":["Carnage","Power Through"],"picked":"Heavy Blade","floor":41},{"not_picked":["Body Slam","Armaments"],"picked":"Disarm","floor":44},{"not_picked":["Warcry","Perfected Strike"],"picked":"Disarm","floor":45},{"not_picked":["Blood for Blood","Berserk"],"picked":"Feel No Pain","floor":47}],"player_experience":309908,"potions_floor_usage":[6,16,22,33,50,50],"damage_taken":[{"damage":6,"enemies":"Cultist","floor":1,"turns":4},{"damage":2,"enemies":"2 Louse","floor":2,"turns":4},{"damage":0,"enemies":"Jaw Worm","floor":3,"turns":5},{"damage":0,"enemies":"Large Slime","floor":5,"turns":5},{"damage":8,"enemies":"3 Sentries","floor":6,"turns":9},{"damage":25,"enemies":"Gremlin Nob","floor":8,"turns":5},{"damage":17,"enemies":"3 Louse","floor":10,"turns":5},{"damage":9,"enemies":"3 Sentries","floor":12,"turns":6},{"damage":27,"enemies":"Gremlin Nob","floor":14,"turns":5},{"damage":35,"enemies":"Hexaghost","floor":16,"turns":9},{"damage":24,"enemies":"Shell Parasite","floor":18,"turns":5},{"damage":4,"enemies":"Chosen","floor":22,"turns":6},{"damage":17,"enemies":"3 Cultists","floor":24,"turns":6},{"damage":23,"enemies":"Book of Stabbing","floor":25,"turns":7},{"damage":11,"enemies":"Centurion and Healer","floor":28,"turns":7},{"damage":72,"enemies":"Automaton","floor":33,"turns":8},{"damage":35,"enemies":"3 Shapes","floor":35,"turns":7},{"damage":6,"enemies":"Orb Walker","floor":39,"turns":2},{"damage":4,"enemies":"4 Shapes","floor":41,"turns":4},{"damage":4,"enemies":"Maw","floor":44,"turns":5},{"damage":36,"enemies":"2 Orb Walkers","floor":45,"turns":5},{"damage":26,"enemies":"Sphere and 2 Shapes","floor":47,"turns":5},{"damage":3,"enemies":"Nemesis","floor":48,"turns":5},{"damage":55,"enemies":"Donu and Deca","floor":50,"turns":6}],"event_choices":[{"event_name":"Big Fish","player_choice":"Box","floor":4,"damage_taken":0},{"event_name":"Scrap Ooze","player_choice":"success","floor":13,"damage_taken":7},{"event_name":"Dead Adventurer","player_choice":"Searched \u00272\u0027 times","floor":14,"damage_taken":0},{"event_name":"Transmorgrifier","player_choice":"Transform","floor":19,"damage_taken":0},{"event_name":"Forgotten Altar","player_choice":"Smashed Altar","floor":21,"damage_taken":0},{"event_name":"Cursed Tome","player_choice":"Obtained Book","floor":27,"damage_taken":0},{"event_name":"The Mausoleum","player_choice":"No","floor":31,"damage_taken":0},{"event_name":"Tomb of Lord Red Mask","player_choice":"Ignored","floor":36,"damage_taken":0},{"event_name":"Mysterious Sphere","player_choice":"Ignore","floor":38,"damage_taken":0}],"boss_relics":[{"not_picked":["Eternal Feather","Black Star"],"picked":"Runic Dome"},{"not_picked":["Runic Cube","Black Blood"],"picked":"Sozu"}],"potions_floor_spawned":[3,10,14,14,16,22,24,28,39,41,44,47],"seed_played":"-7970563206283034750","ascension_level":5,"is_trial":false}