{"gold_per_floor":[116,126,138,157,157,169,196,243,279,291,314,326,338,350,362,499,511,541,576,43,43,43,43,43,79,79,79,79,118,142,142,142,142],"floor_reached":33,"playtime":2073,"items_purged":["Injury"],"score":297,"play_id":"ede6a185-404d-43c6-9645-009a7e1270c6","local_time":"20190225223556","is_ascension_mode":true,"campfire_choices":[{"floor":6,"key":"REST"},{"floor":10,"key":"REST"},{"floor":15,"key":"REST"},{"floor":23,"key":"REST"},{"floor":27,"key":"REST"},{"floor":32,"key":"REST"}],"neow_cost":"NONE","seed_source_timestamp":292518766591877,"circlet_count":0,"master_deck":["Defend_G+1","Defend_G+1","Defend_G+1","Defend_G+1","Defend_G+1","Strike_G+1","Strike_G+1","Strike_G+1","Strike_G+1","Strike_G+1","Survivor","Neutralize","Crippling Poison","Backflip","Acrobatics","Dash","Dodge and Roll","Backstab","Backstab","Prepared","Prepared","Prepared","Adrenaline","Corpse Explosion","Noxious Fumes","Backflip+1","Bouncing Flask","Backflip","Backstab","Calculated Gamble+1","Sucker Punch","Cloak And Dagger"],"relics":["Orrery","MawBank","Juzu Bracelet","Bronze Scales","Golden Idol","Eternal Feather","Paper Crane","OrangePellets","MutagenicStrength","Potion Belt","Sundial","Dream Catcher"],"potions_floor_usage":[16,22,25,29,33],"damage_taken":[{"damage":2,"enemies":"Small Slimes","floor":1,"turns":4},{"damage":3,"enemies":"Jaw Worm","floor":2,"turns":4},{"damage":0,"enemies":"Cultist","floor":3,"turns":4},{"damage":4,"enemies":"Blue Slaver","floor":4,"turns":3},{"damage":2,"enemies":"3 Louse","floor":7,"turns":3},{"damage":21,"enemies":"3 Sentries","floor":8,"turns":12},{"damage":9,"enemies":"Exordium Wildlife","floor":11,"turns":5},{"damage":60,"enemies":"Hexaghost","floor":16,"turns":16},{"damage":13,"enemies":"3 Byrds","floor":18,"turns":5},{"damage":29,"enemies":"2 Thieves","floor":19,"turns":3},{"damage":12,"enemies":"Colosseum Slavers","floor":22,"turns":5},{"damage":35,"enemies":"Book of Stabbing","floor":25,"turns":6},{"damage":34,"enemies":"Gremlin Leader","floor":29,"turns":7},{"damage":14,"enemies":"3 Cultists","floor":30,"turns":4},{"damage":50,"enemies":"Champ","floor":33,"turns":13}],"seed_played":"-8424328125180373363","potions_obtained":[{"floor":1,"key":"GamblersBrew"},{"floor":3,"key":"PowerPotion"},{"floor":7,"key":"Energy Potion"},{"floor":25,"key":"GhostInAJar"},{"floor":30,"key":"Poison Potion"}],"is_trial":false,"path_per_floor":["M","M","M","M","?","R","M","E","T","R","M","?","?","?","R","B",null,"M","M","$","?","?","R","$","E","T","R","?","E","M","?","R","B"],"character_chosen":"THE_SILENT","items_purchased":["Paper Crane","Bouncing Flask","OrangePellets"],"campfire_rested":6,"item_purchase_floors":[20,20,20],"current_hp_per_floor":[68,65,65,61,49,70,68,47,47,68,59,64,64,50,70,10,70,57,28,28,28,16,52,52,17,17,53,53,19,5,5,44,0],"gold":142,"neow_bonus":"BOSS_RELIC","is_prod":false,"is_daily":false,"chose_seed":false,"campfire_upgraded":0,"win_rate":0,"timestamp":1551105356,"path_taken":["M","M","M","M","?","R","M","E","T","R","M","?","?","?","R","BOSS","M","M","$","?","?","R","$","E","T","R","?","E","M","?","R","BOSS"],"build_version":"2019-01-23","purchased_purges":1,"victory":false,"max_hp_per_floor":[70,70,70,70,70,70,70,70,70,70,70,70,70,70,70,70,70,70,70,70,70,70,70,70,70,70,70,70,70,70,70,70,70],"card_choices":[{"not_picked":["All Out Attack","Underhanded Strike"],"picked":"Crippling Poison","floor":0},{"not_picked":["Dagger Throw","Acrobatics"],"picked":"Backflip","floor":0},{"not_picked":["Caltrops","Slice"],"picked":"Acrobatics","floor":0},{"not_picked":["Deadly Poison","Well Laid Plans"],"picked":"Dash","floor":0},{"not_picked":["Setup","Unload"],"picked":"Slice","floor":0},{"not_picked":["Outmaneuver","Bane"],"picked":"Dodge and Roll","floor":1},{"not_picked":["Outmaneuver","Dagger Spray"],"picked":"Backstab","floor":2},{"not_picked":["Deflect","Blade Dance"],"picked":"Backstab","floor":3},{"not_picked":["Slice","Quick Slash"],"picked":"Prepared","floor":4},{"not_picked":["Outmaneuver","All Out Attack"],"picked":"Prepared","floor":7},{"not_picked":["All Out Attack","Flying Knee"],"picked":"Prepared","floor":8},{"not_picked":["Deadly Poison","Dagger Throw"],"picked":"Adrenaline","floor":11},{"not_picked":["Unload","Adrenaline"],"picked":"Corpse Explosion","floor":16},{"not_picked":["Reflex+1","Blade Dance"],"picked":"Noxious Fumes","floor":18},{"not_picked":["Quick Slash","Dash"],"picked":"Backflip+1","floor":19},{"not_picked":["Slice+1","Tactician+1"],"picked":"Backflip","floor":25},{"not_picked":["Backflip","Outmaneuver"],"picked":"Calculated Gamble+1","floor":29},{"not_picked":["Poisoned Stab","Accuracy"],"picked":"Sucker Punch","floor":30},{"not_picked":["Dodge and Roll","Poisoned Stab"],"picked":"Cloak And Dagger","floor":32}],"player_experience":77274,"relics_obtained":[{"floor":8,"key":"Juzu Bracelet"},{"floor":9,"key":"Bronze Scales"},{"floor":25,"key":"Potion Belt"},{"floor":26,"key":"Sundial"},{"floor":29,"key":"Dream Catcher"}],"event_choices":[{"damage_healed":0,"gold_gain":0,"player_choice":"Success","damage_taken":12,"relics_obtained":["MawBank"],"max_hp_gain":0,"max_hp_loss":0,"event_name":"Scrap Ooze","floor":5,"gold_loss":0},{"cards_removed":["Slice"],"damage_healed":5,"gold_gain":0,"player_choice":"Offered Common","damage_taken":0,"max_hp_gain":0,"max_hp_loss":0,"event_name":"Bonfire Elementals","floor":12,"gold_loss":0},{"cards_removed":["Slice"],"damage_healed":5,"gold_gain":0,"player_choice":"Offered Special","damage_taken":0,"max_hp_gain":0,"max_hp_loss":0,"event_name":"Bonfire Elementals","floor":12,"gold_loss":0},{"damage_healed":0,"gold_gain":0,"player_choice":"Take Wound","damage_taken":0,"relics_obtained":["Golden Idol"],"max_hp_gain":0,"max_hp_loss":0,"event_name":"Golden Idol","floor":13,"gold_loss":0,"cards_obtained":["Injury"]},{"damage_healed":0,"gold_gain":0,"player_choice":"Entered Light","damage_taken":14,"max_hp_gain":0,"max_hp_loss":0,"event_name":"Shining Light","floor":14,"gold_loss":0,"cards_upgraded":["Defend_G","Strike_G"]},{"damage_healed":0,"gold_gain":0,"player_choice":"Inject Mutagens","damage_taken":0,"relics_obtained":["MutagenicStrength"],"max_hp_gain":0,"max_hp_loss":0,"event_name":"Drug Dealer","floor":21,"gold_loss":0},{"damage_healed":0,"gold_gain":0,"player_choice":"Fight","damage_taken":0,"max_hp_gain":0,"max_hp_loss":0,"event_name":"Colosseum","floor":22,"gold_loss":0},{"damage_healed":0,"gold_gain":0,"player_choice":"Fled From Nobs","damage_taken":0,"max_hp_gain":0,"max_hp_loss":0,"event_name":"Colosseum","floor":22,"gold_loss":0},{"damage_healed":0,"gold_gain":0,"player_choice":"Copied","damage_taken":0,"max_hp_gain":0,"max_hp_loss":0,"event_name":"Duplicator","floor":28,"gold_loss":0,"cards_obtained":["Backstab"]},{"damage_healed":0,"gold_gain":0,"player_choice":"Simplicity","damage_taken":0,"max_hp_gain":0,"max_hp_loss":0,"event_name":"Back to Basics","floor":31,"gold_loss":0,"cards_upgraded":["Defend_G","Defend_G","Defend_G","Defend_G","Strike_G","Strike_G","Strike_G","Strike_G"]}],"is_beta":false,"boss_relics":[{"not_picked":["Calling Bell","Ectoplasm"],"picked":"Eternal Feather"}],"items_purged_floors":[20],"is_endless":false,"potions_floor_spawned":[1,3,7,8,11,22,25,30],"killed_by":"Champ","ascension_level":1}