{"path_per_floor":["M","M","?","M","M","E","R","M","T","M","R","M","M","M","R","B",null,"M","?","?","?","M","R","$","M","T","E"],"character_chosen":"IRONCLAD","items_purchased":["Thread and Needle"],"gold_per_floor":[118,131,206,224,243,269,269,284,284,300,300,310,330,340,340,439,439,454,454,354,354,371,371,82,92,92,117],"floor_reached":28,"campfire_rested":1,"playtime":4811,"current_hp_per_floor":[80,80,69,74,76,46,70,75,82,87,87,87,67,67,67,26,87,61,61,61,61,51,51,51,57,57,12],"items_purged":[],"gold":117,"score":244,"play_id":"5cb1a95a-786b-45b2-8848-d32c0aa742ee","is_prod":false,"is_daily":false,"is_ascension_mode":false,"campfire_upgraded":3,"path_taken":["M","M","?","M","M","E","R","M","T","M","R","M","M","M","R","BOSS","M","?","?","?","M","R","$","M","T","E","?"],"build_version":"2018-02-15-PROD1","purchased_purges":1,"victory":false,"master_deck":["Strike_R+1","Strike_R+1","Strike_R+1","Strike_R+1","Strike_R+1","Defend_R+1","Defend_R+1","Defend_R+1","Defend_R+1","Bash","Intimidate","Flame Barrier","Pommel Strike","Pommel Strike","Infernal Blade","Perfected Strike+1","Armaments+1","Sever Soul","Headbutt","Warcry","Demon Form","Rampage","J.A.X.","Anger+1","Burning Pact","Rage"],"max_hp_per_floor":[80,80,80,80,80,80,80,80,87,87,87,87,87,87,87,87,87,87,87,87,87,87,87,87,87,87,87],"relics":["Burning Blood","Sundial","Strawberry","Mark of Pain","Thread and Needle","Unceasing Top","Self Forming Clay"],"card_choices":[{"not_picked":["Power Through","Fire Breathing"],"picked":"Intimidate"},{"not_picked":["Thunderclap","Shrug It Off"],"picked":"Flame Barrier"},{"not_picked":["Warcry","Flame Barrier"],"picked":"Pommel Strike"},{"not_picked":["Body Slam","Rupture"],"picked":"Pommel Strike"},{"not_picked":["Shrug It Off","True Grit"],"picked":"Infernal Blade"},{"not_picked":["Pummel","Clash"],"picked":"Perfected Strike"},{"not_picked":["Pommel Strike","Power Through"],"picked":"Armaments"},{"not_picked":["Clash","Iron Wave"],"picked":"Sever Soul"},{"not_picked":["Armaments","Perfected Strike"],"picked":"Headbutt"},{"not_picked":["True Grit","Fiend Fire"],"picked":"Warcry"},{"not_picked":["Impervious","Bludgeon"],"picked":"Demon Form"},{"not_picked":["Searing Blow","Body Slam"],"picked":"Rampage"},{"not_picked":["Blood for Blood","Body Slam"],"picked":"Anger"},{"not_picked":["Intimidate","Blood for Blood"],"picked":"Burning Pact"},{"not_picked":["Twin Strike","Feel No Pain"],"picked":"Rage"}],"player_experience":0,"potions_floor_usage":[],"damage_taken":[{"damage":5.0,"enemies":"Jaw Worm","floor":1.0,"turns":5.0},{"damage":5.0,"enemies":"Cultist","floor":2.0,"turns":4.0},{"damage":1.0,"enemies":"2 Louse","floor":4.0,"turns":3.0},{"damage":4.0,"enemies":"Blue Slaver","floor":5.0,"turns":5.0},{"damage":36.0,"enemies":"3 Sentries","floor":6.0,"turns":9.0},{"damage":1.0,"enemies":"Exordium Wildlife","floor":8.0,"turns":3.0},{"damage":0.0,"enemies":"2 Fungi Beasts","floor":10.0,"turns":3.0},{"damage":1.0,"enemies":"Red Slaver","floor":12.0,"turns":3.0},{"damage":26.0,"enemies":"Gremlin Gang","floor":13.0,"turns":5.0},{"damage":6.0,"enemies":"Blue Slaver","floor":14.0,"turns":4.0},{"damage":47.0,"enemies":"The Guardian","floor":16.0,"turns":11.0},{"damage":32.0,"enemies":"2 Thieves","floor":18.0,"turns":5.0},{"damage":16.0,"enemies":"3 Byrds","floor":22.0,"turns":3.0},{"damage":0,"enemies":"Snecko","floor":25,"turns":3},{"damage":51,"enemies":"Book of Stabbing","floor":27,"turns":6},{"damage":16,"enemies":"Snake Plant","floor":28,"turns":1}],"event_choices":[{"event_name":"World of Goop","player_choice":"Gather Gold","floor":3.0,"damage_taken":0.0},{"event_name":"Back to Basics","player_choice":"Simplicity","floor":19.0,"damage_taken":0.0},{"event_name":"Drug Dealer","player_choice":"Got JAXXED","floor":20.0,"damage_taken":0.0},{"event_name":"Beggar","player_choice":"Ignored","floor":21.0,"damage_taken":0.0}],"boss_relics":[],"potions_floor_spawned":[1,2,10,16],"seed_played":"7848298314574578999","killed_by":"Snake Plant","ascension_level":0,"is_trial":false}