{"gold_per_floor":[359,359,372,24,35,35,60,60,60,60,25,59,76,91,91,162,162,175,101,112,112,123,123,134,164,188,188,200,217,217,235,235,309,309,322,422,49,99,111,136,136,153,206,206,206],"floor_reached":45,"playtime":1972,"items_purged":[],"score":904,"play_id":"a09e84d3-476b-48ce-9137-c5dcd240897b","local_time":"20190211194540","is_ascension_mode":true,"campfire_choices":[{"data":"Perfected Strike","floor":6,"key":"SMITH"},{"data":"Immolate","floor":8,"key":"SMITH"},{"data":"Shockwave","floor":10,"key":"SMITH"},{"data":"True Grit","floor":15,"key":"SMITH"},{"data":"Pommel Strike","floor":23,"key":"SMITH"},{"data":"Flame Barrier","floor":30,"key":"SMITH"},{"data":"Pommel Strike","floor":32,"key":"SMITH"},{"floor":41,"key":"DIG"},{"data":"Corruption","floor":44,"key":"SMITH"}],"neow_cost":"PERCENT_DAMAGE","seed_source_timestamp":7310040264713,"circlet_count":0,"master_deck":["AscendersBane","Strike_R","Strike_R","Strike_R","Strike_R","Strike_R","Defend_R","Defend_R","Defend_R","Defend_R","Bash","Clothesline","Perfected Strike+1","Shockwave+1","Immolate+1","Pommel Strike+1","True Grit+1","Shrug It Off","Demon Form","Perfected Strike+1","Battle Trance","Pommel Strike+1","Necronomicurse","Flame Barrier+1","Twin Strike","Corruption+1"],"relics":["Burning Blood","Mercury Hourglass","Meat on the Bone","Calipers","Pantograph","Singing Bowl","Coffee Dripper","WingedGreaves","Blood Vial","Necronomicon","Shovel","Strange Spoon","Kunai","Orichalcum"],"potions_floor_usage":[13,16,25,40],"damage_taken":[{"damage":9,"enemies":"2 Louse","floor":1,"turns":2},{"damage":0,"enemies":"Small Slimes","floor":3,"turns":4},{"damage":4,"enemies":"Jaw Worm","floor":5,"turns":3},{"damage":24,"enemies":"Gremlin Nob","floor":7,"turns":4},{"damage":5,"enemies":"3 Sentries","floor":12,"turns":3},{"damage":7,"enemies":"Lots of Slimes","floor":13,"turns":3},{"damage":11,"enemies":"Red Slaver","floor":14,"turns":3},{"damage":19,"enemies":"The Guardian","floor":16,"turns":11},{"damage":35,"enemies":"Shell Parasite","floor":18,"turns":4},{"damage":12,"enemies":"Chosen","floor":20,"turns":3},{"damage":23,"enemies":"Centurion and Healer","floor":22,"turns":5},{"damage":15,"enemies":"Snecko","floor":24,"turns":5},{"damage":3,"enemies":"Gremlin Leader","floor":25,"turns":4},{"damage":9,"enemies":"3 Cultists","floor":28,"turns":4},{"damage":4,"enemies":"Chosen and Byrds","floor":29,"turns":4},{"damage":0,"enemies":"Snecko","floor":31,"turns":2},{"damage":59,"enemies":"Automaton","floor":33,"turns":8},{"damage":6,"enemies":"Orb Walker","floor":35,"turns":2},{"damage":48,"enemies":"Mind Bloom Boss Battle","floor":36,"turns":3},{"damage":5,"enemies":"3 Darklings","floor":39,"turns":3},{"damage":69,"enemies":"Giant Head","floor":40,"turns":9},{"damage":0,"enemies":"4 Shapes","floor":42,"turns":8},{"damage":48,"enemies":"Nemesis","floor":45,"turns":4}],"seed_played":"-395640295622423775","potions_obtained":[{"floor":1,"key":"Block Potion"},{"floor":3,"key":"Ancient Potion"},{"floor":5,"key":"AttackPotion"},{"floor":18,"key":"Block Potion"},{"floor":28,"key":"Regen Potion"},{"floor":31,"key":"SpeedPotion"}],"is_trial":false,"path_per_floor":["M","?","M","$","M","R","E","R","T","R","?","E","M","M","R","B",null,"M","$","M","$","M","R","M","E","T","?","M","M","R","M","R","B",null,"M","?","$","?","M","E","R","M","T","R","E"],"character_chosen":"IRONCLAD","items_purchased":["Meat on the Bone","Shockwave","Battle Trance","Twin Strike","Corruption","Strange Spoon"],"campfire_rested":0,"item_purchase_floors":[4,4,19,37,37,37],"current_hp_per_floor":[47,29,35,35,49,49,43,43,43,43,61,62,61,56,56,62,72,55,55,51,51,48,48,51,56,56,35,48,52,52,62,62,46,77,81,61,61,61,66,24,24,46,46,46,0],"gold":206,"neow_bonus":"TWO_FIFTY_GOLD","is_prod":false,"is_daily":false,"chose_seed":false,"campfire_upgraded":8,"win_rate":0,"timestamp":1549932340,"path_taken":["M","?","M","$","M","R","E","R","T","R","?","E","?","M","R","BOSS","M","?","M","$","M","R","?","E","T","?","M","M","R","M","R","BOSS","M","?","$","?","?","E","R","M","T","R","E"],"build_version":"2019-01-23","purchased_purges":0,"victory":false,"max_hp_per_floor":[75,75,75,75,75,75,75,75,75,75,75,75,75,75,75,75,75,75,75,77,77,79,79,79,81,81,81,83,83,83,85,85,87,87,89,91,91,91,93,95,95,97,97,97,97],"card_choices":[{"not_picked":["Heavy Blade","Twin Strike"],"picked":"Clothesline","floor":1},{"not_picked":["Burning Pact","Blood for Blood"],"picked":"Perfected Strike","floor":3},{"not_picked":["Anger","Dropkick","Reckless Charge"],"picked":"SKIP","floor":5},{"not_picked":["Warcry","Twin Strike"],"picked":"Immolate","floor":7},{"not_picked":["Pummel","Perfected Strike"],"picked":"Pommel Strike","floor":12},{"not_picked":["Dropkick","Armaments"],"picked":"True Grit","floor":13},{"not_picked":["Iron Wave","Flex"],"picked":"Shrug It Off","floor":14},{"not_picked":["Barricade","Juggernaut"],"picked":"Demon Form","floor":16},{"not_picked":["Heavy Blade","Clash"],"picked":"Perfected Strike+1","floor":18},{"not_picked":["Heavy Blade","Shrug It Off","Flex"],"picked":"Singing Bowl","floor":20},{"not_picked":["Perfected Strike","Anger","Iron Wave"],"picked":"Singing Bowl","floor":22},{"not_picked":["Whirlwind+1","Body Slam"],"picked":"Pommel Strike","floor":24},{"not_picked":["Cleave","Heavy Blade","Metallicize"],"picked":"Singing Bowl","floor":25},{"not_picked":["Combust","Clash","Havoc"],"picked":"Singing Bowl","floor":28},{"not_picked":["Blood for Blood","Perfected Strike"],"picked":"Flame Barrier","floor":29},{"not_picked":["Whirlwind","Clash","Rage"],"picked":"Singing Bowl","floor":31},{"not_picked":["Juggernaut","Fiend Fire","Limit Break"],"picked":"Singing Bowl","floor":33},{"not_picked":["True Grit","Pummel+1","Iron Wave"],"picked":"Singing Bowl","floor":35},{"not_picked":["Searing Blow","Inflame+1","Flex"],"picked":"Singing Bowl","floor":36},{"not_picked":["Body Slam","Entrench","Anger+1"],"picked":"Singing Bowl","floor":39},{"not_picked":["Corruption","Sword Boomerang","Pommel Strike"],"picked":"Singing Bowl","floor":40},{"not_picked":["Bloodletting","Blood for Blood","Body Slam+1"],"picked":"Singing Bowl","floor":42}],"player_experience":534508,"relics_obtained":[{"floor":7,"key":"Calipers"},{"floor":9,"key":"Pantograph"},{"floor":12,"key":"Singing Bowl"},{"floor":25,"key":"WingedGreaves"},{"floor":26,"key":"Blood Vial"},{"floor":27,"key":"Necronomicon"},{"floor":36,"key":"Shovel"},{"floor":40,"key":"Kunai"},{"floor":41,"key":"Orichalcum"}],"event_choices":[{"damage_healed":0,"gold_gain":0,"player_choice":"Success","damage_taken":18,"relics_obtained":["Mercury Hourglass"],"max_hp_gain":0,"max_hp_loss":0,"event_name":"Scrap Ooze","floor":2,"gold_loss":0},{"damage_healed":18,"gold_gain":0,"player_choice":"Healed","damage_taken":0,"max_hp_gain":0,"max_hp_loss":0,"event_name":"The Cleric","floor":11,"gold_loss":35},{"damage_healed":0,"gold_gain":0,"player_choice":"Obtained Book","damage_taken":21,"max_hp_gain":0,"max_hp_loss":0,"event_name":"Cursed Tome","floor":27,"gold_loss":0},{"damage_healed":0,"gold_gain":0,"player_choice":"Fight","damage_taken":0,"max_hp_gain":0,"max_hp_loss":0,"event_name":"MindBloom","floor":36,"gold_loss":0},{"damage_healed":0,"gold_gain":50,"player_choice":"Pray","damage_taken":0,"max_hp_gain":0,"max_hp_loss":0,"event_name":"Golden Shrine","floor":38,"gold_loss":0}],"is_beta":false,"boss_relics":[{"not_picked":["Tiny House","Runic Pyramid"],"picked":"Coffee Dripper"},{"not_picked":["Mark of Pain","Runic Dome","Pandora\u0027s Box"]}],"items_purged_floors":[],"is_endless":false,"potions_floor_spawned":[1,3,5,18,28,31,33,36,39],"killed_by":"Nemesis","ascension_level":17}