{"path_per_floor":["M","M","?","M","?","E","R","$","T","E","?","E","R","M","R"],"character_chosen":"THE_SILENT","items_purchased":["Regen Potion"],"gold_per_floor":[14,34,34,48,48,80,80,28,58,91,91,130,130,155,155],"floor_reached":16,"campfire_rested":3,"playtime":1628,"current_hp_per_floor":[49,45,38,38,38,16,34,34,34,19,19,1,18,17,34],"items_purged":[],"gold":155,"score":207,"play_id":"de4e089c-a1f9-4c1c-b887-d9d1e701f362","is_prod":false,"is_daily":false,"is_ascension_mode":true,"campfire_upgraded":0,"path_taken":["M","M","?","M","?","E","R","?","T","E","?","E","R","M","R","BOSS"],"build_version":"2018-02-16-BETA2","purchased_purges":0,"victory":false,"master_deck":["Defend_G","Defend_G","Defend_G","Strike_G","Strike_G","Strike_G","Strike_G","Strike_G","Survivor","Neutralize+1","Infinite Blades","Backflip","Poisoned Stab","Dagger Spray","Quick Slash","Noxious Fumes","Backflip"],"max_hp_per_floor":[63,63,63,63,63,63,63,63,63,63,57,57,57,57,57],"relics":["Ring of the Snake","Juzu Bracelet","Tiny Chest","Calipers","Golden Idol","Anchor"],"card_choices":[{"not_picked":["Caltrops","Sucker Punch"],"picked":"Infinite Blades"},{"not_picked":["Burst","Prepared"],"picked":"Backflip"},{"not_picked":["Calculated Gamble","Escape Plan"],"picked":"Poisoned Stab"},{"not_picked":["Masterful Stab","Deflect"],"picked":"Dagger Spray"},{"not_picked":["Deflect","Endless Agony"],"picked":"Quick Slash"},{"not_picked":["Outmaneuver","Quick Slash"],"picked":"Noxious Fumes"},{"not_picked":["Poisoned Stab","All Out Attack"],"picked":"Backflip"}],"player_experience":713020,"potions_floor_usage":[6,10,10,10],"damage_taken":[{"damage":10,"enemies":"Small Slimes","floor":1,"turns":3},{"damage":4,"enemies":"Jaw Worm","floor":2,"turns":5},{"damage":0,"enemies":"Cultist","floor":4,"turns":4},{"damage":22,"enemies":"3 Sentries","floor":6,"turns":9},{"damage":27,"enemies":"Lagavulin","floor":10,"turns":8},{"damage":18,"enemies":"3 Sentries","floor":12,"turns":7},{"damage":1,"enemies":"Looter","floor":14,"turns":3},{"damage":34,"enemies":"Hexaghost","floor":16,"turns":9}],"event_choices":[{"event_name":"Golden Wing","player_choice":"Card Removal","floor":3,"damage_taken":0},{"event_name":"Accursed Blacksmith","player_choice":"Forge","floor":5,"damage_taken":0},{"event_name":"Golden Idol","player_choice":"Lose Max HP","floor":11,"damage_taken":0}],"boss_relics":[],"potions_floor_spawned":[1,2,6],"seed_played":"-4555319125235516946","killed_by":"Hexaghost","ascension_level":15,"is_trial":false}