{"path_per_floor":["M","M","M","M","?","R","E","?","T","M","M","E","M","E","R","B",null,"M","?","$","M","?"],"character_chosen":"THE_SILENT","items_purchased":["Tingsha"],"gold_per_floor":[113,130,142,153,253,253,288,288,340,351,369,402,422,449,449,521,521,446,446,82,82,82],"floor_reached":23,"campfire_rested":0,"playtime":3317,"current_hp_per_floor":[56,52,52,52,52,52,50,50,50,52,54,38,40,36,36,22,53,50,50,50,52,52],"items_purged":["Strike_G"],"gold":82,"score":362,"play_id":"f9961345-cfdc-4582-bd35-7103ca93737c","is_prod":false,"is_daily":false,"is_ascension_mode":true,"campfire_upgraded":2,"path_taken":["M","M","M","M","?","R","E","?","T","M","?","E","M","E","R","BOSS","M","?","$","M","?","E"],"build_version":"2018-02-14-BETA1","purchased_purges":1,"victory":false,"master_deck":["Defend_G","Defend_G","Defend_G","Defend_G","Defend_G","Strike_G","Strike_G","Strike_G","Strike_G","Survivor","Neutralize+1","Footwork","Blur","Unload+1","Footwork","Dagger Throw","Neutralize","Deadly Poison","PiercingWail","Flying Knee","Burst","Deadly Poison","Doppelganger","Prepared","Dash"],"max_hp_per_floor":[63,63,63,63,63,63,63,63,63,63,63,63,63,63,63,63,63,63,63,63,63,63],"relics":["Ring of the Snake","Blood Vial","Anchor","Happy Flower","Thread and Needle","Ectoplasm","Bag of Preparation","Tingsha"],"card_choices":[{"not_picked":["PiercingWail","Backflip"],"picked":"Footwork"},{"not_picked":["Poisoned Stab","Dodge and Roll"],"picked":"Blur"},{"not_picked":["Distraction","PiercingWail"],"picked":"Unload"},{"not_picked":["Deflect","Prepared"],"picked":"Footwork"},{"not_picked":["Deflect","Masterful Stab"],"picked":"Dagger Throw"},{"not_picked":["Dodge and Roll","Footwork"],"picked":"Deadly Poison"},{"not_picked":["Slice","Outmaneuver"],"picked":"PiercingWail"},{"not_picked":["Dagger Throw","Acrobatics"],"picked":"Flying Knee"},{"not_picked":["Slice","Masterful Stab"],"picked":"Burst"},{"not_picked":["Slice","Skewer"],"picked":"Deadly Poison"},{"not_picked":["Burst","Night Terror"],"picked":"Doppelganger"},{"not_picked":["PiercingWail","Slice"],"picked":"Prepared"}],"player_experience":237891,"potions_floor_usage":[7,10,12,23,23],"damage_taken":[{"damage":3,"enemies":"Small Slimes","floor":1,"turns":5},{"damage":4,"enemies":"Cultist","floor":2,"turns":5},{"damage":0,"enemies":"Blue Slaver","floor":3,"turns":7},{"damage":0,"enemies":"2 Fungi Beasts","floor":4,"turns":4},{"damage":2,"enemies":"Lagavulin","floor":7,"turns":12},{"damage":0,"enemies":"Gremlin Gang","floor":10,"turns":6},{"damage":0,"enemies":"Large Slime","floor":11,"turns":5},{"damage":18,"enemies":"Gremlin Nob","floor":12,"turns":5},{"damage":0,"enemies":"Red Slaver","floor":13,"turns":5},{"damage":6,"enemies":"3 Sentries","floor":14,"turns":9},{"damage":16,"enemies":"The Guardian","floor":16,"turns":12},{"damage":5,"enemies":"2 Thieves","floor":18,"turns":4},{"damage":0,"enemies":"Spheric Guardian","floor":21,"turns":3},{"damage":70,"enemies":"Gremlin Leader","floor":23,"turns":10}],"event_choices":[{"event_name":"Golden Shrine","player_choice":"Pray","floor":5,"damage_taken":0},{"event_name":"Match and Keep!","player_choice":"1 cards matched","floor":8,"damage_taken":0},{"event_name":"Match and Keep!","player_choice":"1 cards matched","floor":8,"damage_taken":0},{"event_name":"The Mausoleum","player_choice":"Yes","floor":19,"damage_taken":0},{"event_name":"The Library","player_choice":"Read","floor":22,"damage_taken":0}],"boss_relics":[{"not_picked":["Tiny House","Velvet Choker"],"picked":"Ectoplasm"}],"potions_floor_spawned":[2,3,4,10,21],"seed_played":"577468558433406234","killed_by":"Gremlin Leader","ascension_level":14,"is_trial":false}