{"gold_per_floor":[14,14,31,42,42,42,55,55,78,104,104,123,134,184,184,256,256,268,281,164,183,199,199,212,212,212,212],"floor_reached":27,"playtime":1775,"items_purged":["Strike_R"],"score":412,"play_id":"65d74c82-fab5-412d-9d90-3aca8a51aaf0","local_time":"20190220012519","is_ascension_mode":true,"campfire_choices":[{"data":"Pummel","floor":6,"key":"SMITH"},{"data":"Pommel Strike","floor":8,"key":"SMITH"},{"data":"Fiend Fire","floor":15,"key":"SMITH"},{"data":"Corruption","floor":23,"key":"SMITH"},{"data":"Limit Break","floor":25,"key":"SMITH"}],"neow_cost":"NO_GOLD","seed_source_timestamp":12034813143189,"circlet_count":0,"master_deck":["AscendersBane","Strike_R","Strike_R","Strike_R","Defend_R","Defend_R","Defend_R","Defend_R","Bash","Inflame+1","Pummel+1","Pommel Strike+1","Fire Breathing","Fiend Fire+1","Sword Boomerang","Cleave","Limit Break+1","Evolve","Corruption+1","Pummel","Shrug It Off"],"relics":["Burning Blood","Magic Flower","Red Skull","Orichalcum","Cursed Key"],"potions_floor_usage":[10,16,21,27],"damage_taken":[{"damage":1,"enemies":"2 Louse","floor":1,"turns":4},{"damage":11,"enemies":"Small Slimes","floor":3,"turns":4},{"damage":1,"enemies":"Cultist","floor":4,"turns":3},{"damage":2,"enemies":"Looter","floor":7,"turns":4},{"damage":30,"enemies":"3 Sentries","floor":10,"turns":8},{"damage":19,"enemies":"Gremlin Gang","floor":12,"turns":5},{"damage":7,"enemies":"Blue Slaver","floor":13,"turns":2},{"damage":32,"enemies":"Slime Boss","floor":16,"turns":5},{"damage":6,"enemies":"Chosen","floor":18,"turns":3},{"damage":5,"enemies":"Spheric Guardian","floor":19,"turns":3},{"damage":24,"enemies":"Snake Plant","floor":21,"turns":4},{"damage":0,"enemies":"Sentry and Sphere","floor":22,"turns":4},{"damage":8,"enemies":"Snecko","floor":24,"turns":3},{"damage":71,"enemies":"Slavers","floor":27,"turns":3}],"seed_played":"4793288742154802252","potions_obtained":[{"floor":1,"key":"PowerPotion"},{"floor":4,"key":"AttackPotion"},{"floor":10,"key":"BloodPotion"},{"floor":18,"key":"EssenceOfSteel"},{"floor":19,"key":"Weak Potion"},{"floor":22,"key":"SteroidPotion"}],"is_trial":false,"path_per_floor":["M","?","M","M","?","R","M","R","T","E","?","M","M","?","R","B",null,"M","M","$","M","M","R","M","R","T","E"],"character_chosen":"IRONCLAD","items_purchased":["Corruption"],"campfire_rested":0,"item_purchase_floors":[20],"current_hp_per_floor":[75,68,66,74,74,74,75,75,75,54,54,44,46,46,46,34,65,68,72,72,57,66,66,67,67,67,0],"gold":212,"neow_bonus":"ONE_RARE_RELIC","is_prod":false,"is_daily":false,"chose_seed":false,"campfire_upgraded":5,"win_rate":0,"timestamp":1550654719,"path_taken":["M","?","M","M","?","R","M","R","T","E","?","?","M","?","R","BOSS","M","M","$","?","M","R","M","R","T","E"],"build_version":"2019-01-23","purchased_purges":1,"victory":false,"max_hp_per_floor":[75,75,75,75,75,75,75,75,75,75,75,75,75,75,75,75,75,75,75,75,75,75,75,75,75,75,75],"card_choices":[{"not_picked":["Sentinel","Body Slam"],"picked":"Inflame","floor":1},{"not_picked":["Anger","Perfected Strike"],"picked":"Pummel","floor":3},{"not_picked":["Rage","Warcry"],"picked":"Pommel Strike","floor":4},{"not_picked":["Thunderclap","Havoc"],"picked":"Fire Breathing","floor":7},{"not_picked":["Flex","Entrench"],"picked":"Fiend Fire","floor":10},{"not_picked":["Rage","Clash"],"picked":"Sword Boomerang","floor":12},{"not_picked":["Flame Barrier","Perfected Strike"],"picked":"Cleave","floor":13},{"not_picked":["Juggernaut","Barricade"],"picked":"Limit Break","floor":16},{"not_picked":["Wild Strike","Shrug It Off"],"picked":"Evolve","floor":18},{"not_picked":["Whirlwind","Sword Boomerang","Seeing Red"],"picked":"SKIP","floor":19},{"not_picked":["Whirlwind","Sword Boomerang","Seeing Red"],"picked":"SKIP","floor":19},{"not_picked":["Flex","Havoc"],"picked":"Pummel","floor":21},{"not_picked":["Anger","Flex"],"picked":"Shrug It Off","floor":22},{"not_picked":["Uppercut","Iron Wave","Cleave+1"],"picked":"SKIP","floor":24}],"player_experience":847973,"relics_obtained":[{"floor":9,"key":"Red Skull"},{"floor":10,"key":"Orichalcum"}],"event_choices":[{"cards_removed":["Strike_R"],"damage_healed":0,"gold_gain":0,"player_choice":"Card Removal","damage_taken":7,"max_hp_gain":0,"max_hp_loss":0,"event_name":"Golden Wing","floor":2,"gold_loss":0},{"damage_healed":0,"gold_gain":0,"player_choice":"Grow","damage_taken":0,"max_hp_gain":0,"max_hp_loss":0,"event_name":"Living Wall","floor":5,"gold_loss":0,"cards_upgraded":["Inflame"]},{"damage_healed":0,"gold_gain":0,"player_choice":"0 cards matched","damage_taken":0,"max_hp_gain":0,"max_hp_loss":0,"event_name":"Match and Keep!","floor":11,"gold_loss":0,"cards_obtained":[]},{"damage_healed":0,"gold_gain":50,"player_choice":"Pray","damage_taken":0,"max_hp_gain":0,"max_hp_loss":0,"event_name":"Golden Shrine","floor":14,"gold_loss":0}],"is_beta":false,"boss_relics":[{"not_picked":["Sozu","Ectoplasm"],"picked":"Cursed Key"}],"items_purged_floors":[20],"is_endless":false,"potions_floor_spawned":[1,4,10,13,18,19,22,24],"killed_by":"Slavers","ascension_level":18}