{"path_per_floor":["M","M","M","M","?","R","M","R","T","M","E","$","R","?","R","B",null,"M","M","M","$","?","R","E","R","T","E","M","M","M","$","R","B",null,"M","M","M","?","M","R","M","E","T","M","R","E","R","M","R","B"],"character_chosen":"IRONCLAD","items_purchased":["Frozen Eye","Shrug It Off"],"gold_per_floor":[110,130,142,157,157,157,177,177,177,192,218,143,143,143,143,220,220,235,247,265,22,22,22,57,57,57,82,94,104,122,22,22,93,93,113,125,139,139,154,154,167,197,220,238,238,266,266,286,286,286],"floor_reached":51,"campfire_rested":4,"playtime":5579,"item_purchase_floors":[21,21],"current_hp_per_floor":[66,68,69,69,74,74,69,69,69,67,63,63,63,63,63,12,63,59,61,67,67,67,67,44,68,68,62,56,57,59,59,59,22,66,72,52,55,55,60,60,50,32,32,27,51,35,59,69,80,57],"items_purged":["Strike_R","Normality"],"gold":286,"score":1230,"play_id":"1d3ddf95-bf0e-4394-acc6-7cea838b0d92","local_time":"20180530023057","is_prod":false,"is_daily":false,"chose_seed":false,"is_ascension_mode":true,"campfire_upgraded":7,"win_rate":0,"timestamp":1527672657,"campfire_choices":[{"data":"Juggernaut","floor":6.0,"key":"SMITH"},{"data":"True Grit","floor":8.0,"key":"SMITH"},{"data":"True Grit","floor":13.0,"key":"SMITH"},{"data":"Fiend Fire","floor":15.0,"key":"SMITH"},{"data":"Offering","floor":23,"key":"SMITH"},{"floor":25,"key":"REST"},{"data":"Entrench","floor":32,"key":"SMITH"},{"data":"Power Through","floor":40,"key":"SMITH"},{"floor":45,"key":"REST"},{"floor":47,"key":"REST"},{"floor":49,"key":"REST"}],"path_taken":["M","M","M","M","?","R","M","R","T","?","E","$","R","?","R","BOSS","M","M","M","$","?","R","E","R","T","E","M","M","?","$","R","BOSS","M","M","M","?","M","R","M","E","T","M","R","E","R","?","R","BOSS"],"build_version":"2018-05-29","seed_source_timestamp":0,"purchased_purges":2,"victory":true,"master_deck":["Strike_R","Strike_R","Strike_R","Defend_R","Defend_R","Defend_R","Defend_R","Bash","AscendersBane","Juggernaut+1","True Grit+1","Shrug It Off","True Grit+1","Ghostly Armor","Power Through+1","Fiend Fire+1","Offering+1","Battle Trance","Disarm+1","Shrug It Off","Metallicize","Entrench+1","Dark Embrace","Shrug It Off","Disarm+1","Body Slam+1","Parasite","Metallicize","Feel No Pain+1"],"max_hp_per_floor":[75,75,75,75,80,80,80,80,80,80,80,80,80,80,80,80,80,80,80,80,80,80,80,80,80,80,80,80,80,80,80,80,80,80,80,80,80,80,80,80,80,80,80,80,80,80,80,80,80,80],"relics":["Black Blood","Bag of Marbles","Happy Flower","Cursed Key","Frozen Eye","Bottled Flame","Gambling Chip","Vajra","Potion Belt","Omamori","Girya"],"card_choices":[{"not_picked":["Flex","Warcry","Thunderclap"],"picked":"SKIP","floor":1.0},{"not_picked":["Heavy Blade","Thunderclap"],"picked":"True Grit","floor":2.0},{"not_picked":["Uppercut","Twin Strike"],"picked":"Shrug It Off","floor":3.0},{"not_picked":["Berserk","Warcry","Combust"],"picked":"SKIP","floor":4.0},{"not_picked":["Body Slam","Clash"],"picked":"True Grit","floor":7.0},{"not_picked":["Headbutt","Clothesline"],"picked":"Ghostly Armor","floor":10.0},{"not_picked":["Cleave","Havoc"],"picked":"Power Through","floor":11.0},{"not_picked":["Exhume","Limit Break"],"picked":"Offering","floor":16.0},{"not_picked":["Spot Weakness","Anger","Clash"],"picked":"SKIP","floor":18},{"not_picked":["Pommel Strike","Flex"],"picked":"Battle Trance","floor":19},{"not_picked":["Headbutt","Blood for Blood"],"picked":"Disarm+1","floor":20},{"not_picked":["Warcry+1","Perfected Strike+1","Uppercut"],"picked":"SKIP","floor":24},{"not_picked":["Pommel Strike","Intimidate","Corruption"],"picked":"SKIP","floor":27},{"not_picked":["Flame Barrier","Cleave"],"picked":"Metallicize","floor":28},{"not_picked":["Reckless Charge","Flex","Sentinel"],"picked":"SKIP","floor":29},{"not_picked":["Intimidate","Rampage"],"picked":"Entrench","floor":30},{"not_picked":["Bludgeon","Brutality"],"picked":"Dark Embrace","floor":33},{"not_picked":["Spot Weakness","Heavy Blade"],"picked":"Shrug It Off","floor":35},{"not_picked":["Wild Strike+1","Havoc","Entrench"],"picked":"SKIP","floor":36},{"not_picked":["Infernal Blade","Hemokinesis","Cleave"],"picked":"SKIP","floor":37},{"not_picked":["Fire Breathing","Heavy Blade"],"picked":"Disarm+1","floor":39},{"not_picked":["Shrug It Off","Shockwave"],"picked":"Body Slam+1","floor":41},{"not_picked":["Heavy Blade","Double Tap","Sword Boomerang"],"picked":"SKIP","floor":42},{"not_picked":["Corruption","Flex"],"picked":"Metallicize","floor":44},{"not_picked":["Wild Strike+1","Sentinel+1"],"picked":"Feel No Pain+1","floor":46},{"not_picked":["Warcry","Thunderclap","Searing Blow"],"picked":"SKIP","floor":48}],"player_experience":595482,"potions_floor_usage":[24,33,33,33,41,42,42,44,50],"damage_taken":[{"damage":8.0,"enemies":"2 Louse","floor":1.0,"turns":4.0},{"damage":4.0,"enemies":"Small Slimes","floor":2.0,"turns":5.0},{"damage":5.0,"enemies":"Cultist","floor":3.0,"turns":4.0},{"damage":6.0,"enemies":"2 Fungi Beasts","floor":4.0,"turns":5.0},{"damage":11.0,"enemies":"Red Slaver","floor":7.0,"turns":4.0},{"damage":8.0,"enemies":"Exordium Thugs","floor":10.0,"turns":5.0},{"damage":10.0,"enemies":"3 Sentries","floor":11.0,"turns":11.0},{"damage":67.0,"enemies":"The Guardian","floor":16.0,"turns":15.0},{"damage":10,"enemies":"Spheric Guardian","floor":18,"turns":5},{"damage":4,"enemies":"Chosen","floor":19,"turns":4},{"damage":0,"enemies":"Snake Plant","floor":20,"turns":1},{"damage":29,"enemies":"Slavers","floor":24,"turns":10},{"damage":12,"enemies":"Book of Stabbing","floor":27,"turns":7},{"damage":12,"enemies":"3 Cultists","floor":28,"turns":7},{"damage":5,"enemies":"Sentry and Sphere","floor":29,"turns":7},{"damage":4,"enemies":"Snecko","floor":30,"turns":1},{"damage":51,"enemies":"Champ","floor":33,"turns":22},{"damage":4,"enemies":"Flame Bruiser 1 Orb","floor":35,"turns":1},{"damage":30,"enemies":"3 Shapes","floor":36,"turns":5},{"damage":7,"enemies":"Maw","floor":37,"turns":11},{"damage":5,"enemies":"Spire Growth","floor":39,"turns":5},{"damage":20,"enemies":"4 Shapes","floor":41,"turns":7},{"damage":28,"enemies":"2 Orb Walkers","floor":42,"turns":7},{"damage":15,"enemies":"Maw","floor":44,"turns":8},{"damage":26,"enemies":"Nemesis","floor":46,"turns":7},{"damage":0,"enemies":"Sphere and 2 Shapes","floor":48,"turns":5},{"damage":33,"enemies":"Awakened One","floor":50,"turns":18}],"relics_obtained":[{"floor":9.0,"key":"Bag of Marbles"},{"floor":11.0,"key":"Happy Flower"},{"floor":24,"key":"Bottled Flame"},{"floor":26,"key":"Gambling Chip"},{"floor":27,"key":"Vajra"},{"floor":42,"key":"Potion Belt"},{"floor":43,"key":"Omamori"},{"floor":46,"key":"Girya"}],"event_choices":[{"event_name":"Big Fish","player_choice":"Donut","floor":5.0,"damage_taken":0.0},{"event_name":"Transmorgrifier","player_choice":"Transform","floor":14.0,"damage_taken":0.0},{"event_name":"The Mausoleum","player_choice":"No","floor":22,"damage_taken":0},{"event_name":"Match and Keep!","player_choice":"0 cards matched","floor":38,"damage_taken":0}],"boss_relics":[{"not_picked":["Tiny House","Runic Cube"],"picked":"Cursed Key"},{"not_picked":["Calling Bell","Lizard Tail"],"picked":"Black Blood"}],"items_purged_floors":[],"potions_floor_spawned":[3,4,7,20,27,28,29,30,35,39,41,46],"seed_played":"-9163700803083382587","ascension_level":15,"potions_obtained":[{"floor":3.0,"key":"Swift Potion"},{"floor":4.0,"key":"Fire Potion"},{"floor":7.0,"key":"Regen Potion"},{"floor":20,"key":"Weak Potion"},{"floor":27,"key":"SteroidPotion"},{"floor":28,"key":"BloodPotion"},{"floor":29,"key":"EntropicBrew"},{"floor":30,"key":"EssenceOfSteel"},{"floor":35,"key":"SkillPotion"},{"floor":41,"key":"SkillPotion"},{"floor":46,"key":"Energy Potion"}],"is_trial":false}