{"path_per_floor":["M","?","M","M","M","E","R","E","T","M","R","$","M","M","R"],"character_chosen":"DEFECT","items_purchased":["Fission"],"gold_per_floor":[111,111,124,134,154,184,184,213,238,256,256,112,130,142,142,142],"floor_reached":16,"campfire_rested":0,"playtime":1130,"item_purchase_floors":[12],"current_hp_per_floor":[68,68,67,74,66,51,51,58,58,59,59,59,59,62,62,0],"items_purged":["Strike_B"],"gold":142,"score":243,"play_id":"09474713-053e-4c12-a6c4-2dc0106a4406","local_time":"20180521185104","is_prod":false,"is_daily":false,"chose_seed":false,"is_ascension_mode":true,"campfire_upgraded":3,"timestamp":1526953864,"campfire_choices":[{"data":"Zap","floor":7,"key":"SMITH"},{"data":"Barrage","floor":11,"key":"SMITH"},{"data":"Chaos","floor":15,"key":"SMITH"}],"path_taken":["M","?","M","?","M","E","R","E","T","M","R","$","M","M","R","BOSS"],"build_version":"2018-05-18","seed_source_timestamp":304980507016744,"purchased_purges":1,"victory":false,"master_deck":["Strike_B","Strike_B","Strike_B","Defend_B","Defend_B","Defend_B","Defend_B","Zap+1","Dualcast","AscendersBane","Glacier","Self Repair","Melter","Auto Shields","Rip and Tear","Barrage+1","Seek","Fission","Chaos+1"],"max_hp_per_floor":[78,78,78,78,78,78,78,78,78,78,78,78,78,78,78,78],"relics":["Cracked Core","Ginger","Blood Vial","Regal Pillow"],"card_choices":[{"not_picked":["Skim","Reinforced Body"],"picked":"Glacier","floor":1},{"not_picked":["White Noise","Sweeping Beam"],"picked":"Self Repair","floor":3},{"not_picked":["Beam Cell","Skim"],"picked":"Melter","floor":4},{"not_picked":["Melter","Coolheaded"],"picked":"Auto Shields","floor":5},{"not_picked":["Stack","Creative AI"],"picked":"Rip and Tear","floor":6},{"not_picked":["Turbo","Ball Lightning"],"picked":"Barrage","floor":8},{"not_picked":["Rip and Tear","Stack"],"picked":"Seek","floor":10},{"not_picked":["Rebound","Go for the Eyes","Axe Kick"],"picked":"SKIP","floor":13},{"not_picked":["Hologram","Rip and Tear"],"picked":"Chaos","floor":14}],"player_experience":1561818,"potions_floor_usage":[5,16,16,16],"damage_taken":[{"damage":3,"enemies":"Jaw Worm","floor":1,"turns":4},{"damage":1,"enemies":"Small Slimes","floor":3,"turns":5},{"damage":0,"enemies":"Cultist","floor":4,"turns":4},{"damage":15,"enemies":"Lots of Slimes","floor":5,"turns":7},{"damage":22,"enemies":"Lagavulin","floor":6,"turns":9},{"damage":0,"enemies":"3 Sentries","floor":8,"turns":8},{"damage":8,"enemies":"Blue Slaver","floor":10,"turns":4},{"damage":2,"enemies":"3 Louse","floor":13,"turns":3},{"damage":6,"enemies":"Gremlin Gang","floor":14,"turns":6},{"damage":70,"enemies":"Hexaghost","floor":16,"turns":11}],"relics_obtained":[{"floor":6,"key":"Ginger"},{"floor":8,"key":"Blood Vial"},{"floor":9,"key":"Regal Pillow"}],"event_choices":[{"event_name":"Liars Game","player_choice":"disagreed","floor":2,"damage_taken":0}],"boss_relics":[],"items_purged_floors":[12],"potions_floor_spawned":[4,5,6,8],"seed_played":"571601335114742888","killed_by":"Hexaghost","ascension_level":15,"potions_obtained":[{"floor":4,"key":"SkillPotion"},{"floor":5,"key":"Fire Potion"},{"floor":6,"key":"SteroidPotion"},{"floor":8,"key":"FearPotion"}],"is_trial":false}