{"gold_per_floor":[116,116,266,0,0,0,19,19,19,19,38,38,79,99,99,193,193,213,213,237,237,252,252,276,276,321,361,23,44,60,94,94,183,183,203,536,555,569,582,582,609,609,609,619,631,631,649,297,297,297,297,297,52,83,83],"floor_reached":56,"playtime":6216,"items_purged":["Doubt"],"score":2015,"play_id":"42bbd9e7-5fad-496f-b8d8-a1f6e1074382","local_time":"20190216153027","is_ascension_mode":true,"campfire_choices":[{"data":"Panacea","floor":6,"key":"SMITH"},{"floor":8,"key":"REST"},{"data":"Cold Snap","floor":10,"key":"SMITH"},{"floor":15,"key":"REST"},{"floor":23,"key":"REST"},{"floor":25,"key":"REST"},{"floor":32,"key":"REST"},{"floor":40,"key":"RECALL"},{"floor":42,"key":"REST"},{"floor":49,"key":"REST"},{"floor":52,"key":"REST"}],"neow_cost":"NONE","seed_source_timestamp":167934797399350,"circlet_count":0,"master_deck":["AscendersBane","Zap","Dualcast","Panacea+1","Cold Snap+1","Armaments+1","Good Instincts+1","Doppelganger+1","Echo Form","Genetic Algorithm+1","Darkness+1","Darkness+1","Capacitor","Go for the Eyes","Coolheaded+1","Skim+1","Melter","Auto Shields+1","Buffer","Flame Barrier+1","Chill+1","Hologram+1","Prepared+1","Biased Cognition","Footwork","Disarm+1","Fission+1","Flame Barrier+1"],"relics":["Cracked Core","PrismaticShard","Toxic Egg 2","StoneCalendar","Incense Burner","Pandora\u0027s Box","Strawberry","Emotion Chip","FossilizedHelix","Anchor","Fusion Hammer","Blue Candle","Potion Belt","Happy Flower","Cables","Sundial"],"potions_floor_usage":[16,20,41,41,55,55,55,55],"damage_taken":[{"damage":0,"enemies":"2 Louse","floor":1,"turns":4},{"damage":0,"enemies":"Small Slimes","floor":7,"turns":2},{"damage":0,"enemies":"Cultist","floor":11,"turns":3},{"damage":18,"enemies":"3 Sentries","floor":13,"turns":7},{"damage":16,"enemies":"Exordium Thugs","floor":14,"turns":7},{"damage":29,"enemies":"Slime Boss","floor":16,"turns":7},{"damage":22,"enemies":"Spheric Guardian","floor":18,"turns":4},{"damage":3,"enemies":"Chosen","floor":20,"turns":3},{"damage":12,"enemies":"Shelled Parasite and Fungi","floor":22,"turns":4},{"damage":0,"enemies":"Sentry and Sphere","floor":24,"turns":3},{"damage":18,"enemies":"Slavers","floor":27,"turns":7},{"damage":13,"enemies":"3 Cultists","floor":29,"turns":6},{"damage":0,"enemies":"Chosen and Byrds","floor":30,"turns":5},{"damage":16,"enemies":"Book of Stabbing","floor":31,"turns":7},{"damage":22,"enemies":"Collector","floor":33,"turns":12},{"damage":0,"enemies":"Orb Walker","floor":35,"turns":4},{"damage":11,"enemies":"3 Darklings","floor":37,"turns":5},{"damage":0,"enemies":"Sphere and 2 Shapes","floor":38,"turns":5},{"damage":0,"enemies":"4 Shapes","floor":39,"turns":8},{"damage":0,"enemies":"Reptomancer","floor":41,"turns":8},{"damage":10,"enemies":"Jaw Worm Horde","floor":44,"turns":7},{"damage":13,"enemies":"Transient","floor":45,"turns":5},{"damage":0,"enemies":"Spire Growth","floor":47,"turns":7},{"damage":0,"enemies":"Time Eater","floor":50,"turns":10},{"damage":0,"enemies":"Shield and Spear","floor":54,"turns":8},{"damage":38,"enemies":"The Heart","floor":55,"turns":10}],"seed_played":"8617269950931729041","potions_obtained":[{"floor":11,"key":"FearPotion"},{"floor":13,"key":"Ancient Potion"},{"floor":18,"key":"Energy Potion"},{"floor":27,"key":"Fire Potion"},{"floor":30,"key":"SpeedPotion"},{"floor":41,"key":"Explosive Potion"},{"floor":44,"key":"LiquidBronze"},{"floor":54,"key":"Weak Potion"}],"is_trial":false,"path_per_floor":["M","?","?","$","?","R","M","R","T","R","M","T","E","M","R","B",null,"M","?","M","?","M","R","M","R","T","E","$","M","M","E","R","B",null,"M","?","M","M","M","R","E","R","T","M","M","?","M","$","R","B",null,"R","$","E","B",null],"character_chosen":"DEFECT","items_purchased":["PrismaticShard","Chill+1","FossilizedHelix","Potion Belt","Happy Flower","PowerPotion","Cables"],"campfire_rested":8,"item_purchase_floors":[4,28,28,48,48,48,53],"current_hp_per_floor":[64,40,40,40,40,40,40,61,61,61,61,61,43,27,48,19,58,36,36,33,33,21,42,42,63,70,52,52,39,39,23,46,24,65,65,65,54,54,54,54,54,77,77,67,54,54,54,54,77,77,78,78,78,78,40],"gold":83,"neow_bonus":"RANDOM_COLORLESS","is_prod":false,"is_daily":false,"chose_seed":false,"campfire_upgraded":2,"win_rate":0,"timestamp":1550359827,"path_taken":["M","?","?","$","?","R","M","R","T","R","M","?","E","M","R","BOSS","M","?","M","?","M","R","?","R","T","E","$","M","M","E","R","BOSS","M","?","M","M","M","R","E","R","T","M","M","?","?","$","R","BOSS","R","$","E","BOSS"],"build_version":"2019-02-06","purchased_purges":1,"victory":true,"max_hp_per_floor":[71,71,71,71,71,71,71,71,71,71,71,71,71,71,71,71,71,71,71,71,71,71,71,71,71,78,78,78,78,78,78,78,78,78,78,78,78,78,78,78,78,78,78,78,78,78,78,78,78,78,78,78,78,78,78],"card_choices":[{"not_picked":["Steam Power","Turbo","Redo"],"picked":"SKIP","floor":1},{"not_picked":["Blade Dance","Reflex"],"picked":"Cold Snap","floor":7},{"not_picked":["Inflame","Scrape"],"picked":"Armaments+1","floor":11},{"not_picked":["Predator","Clash"],"picked":"Good Instincts+1","floor":13},{"not_picked":["Sadistic Nature","Clothesline"],"picked":"Streamline","floor":14},{"not_picked":["Feed","Fiend Fire"],"picked":"Doppelganger+1","floor":16},{"not_picked":["Underhanded Strike","Whirlwind"],"picked":"Coolheaded+1","floor":18},{"not_picked":["Dropkick","Poisoned Stab"],"picked":"Auto Shields+1","floor":20},{"not_picked":["Poisoned Stab","Dagger Spray","Armaments+1"],"picked":"SKIP","floor":22},{"not_picked":["Poisoned Stab","Dagger Spray","Armaments+1"],"picked":"SKIP","floor":22},{"not_picked":["Cleave","Outmaneuver+1","Heavy Blade"],"picked":"SKIP","floor":24},{"not_picked":["Battle Trance+1","Dark Embrace"],"picked":"Flame Barrier+1","floor":27},{"not_picked":["Endless Agony","Anger"],"picked":"Hologram+1","floor":29},{"not_picked":["Mind Blast+1","Pummel"],"picked":"Prepared+1","floor":30},{"not_picked":["Finisher","Deadly Poison+1","Noxious Fumes"],"picked":"SKIP","floor":31},{"not_picked":["Grand Finale","The Bomb+1"],"picked":"Biased Cognition","floor":33},{"not_picked":["True Grit+1","Cleave+1"],"picked":"Footwork","floor":35},{"not_picked":["Pummel","Dagger Throw+1","Fusion+1"],"picked":"SKIP","floor":37},{"not_picked":["Body Slam","Deflect+1"],"picked":"Disarm+1","floor":38},{"not_picked":["Deep Breath+1","Concentrate+1","Dagger Throw"],"picked":"SKIP","floor":39},{"not_picked":["Quick Slash","Genetic Algorithm+1","Underhanded Strike"],"picked":"SKIP","floor":41},{"not_picked":["Bane+1","Blood for Blood","Deadly Poison+1"],"picked":"SKIP","floor":44},{"not_picked":["Flash of Steel","Masterful Stab"],"picked":"Fission+1","floor":45},{"not_picked":["Metallicize+1","Twin Strike","Trip+1"],"picked":"SKIP","floor":47},{"not_picked":["Headbutt","PanicButton+1"],"picked":"Flame Barrier+1","floor":54}],"player_experience":805995,"relics_obtained":[{"floor":9,"key":"Toxic Egg 2"},{"floor":12,"key":"StoneCalendar"},{"floor":13,"key":"Incense Burner"},{"floor":26,"key":"Strawberry"},{"floor":27,"key":"Emotion Chip"},{"floor":31,"key":"Anchor"},{"floor":41,"key":"Blue Candle"},{"floor":54,"key":"Sundial"}],"event_choices":[{"damage_healed":0,"gold_gain":0,"player_choice":"Take Damage","damage_taken":24,"relics_obtained":["Golden Idol"],"max_hp_gain":0,"max_hp_loss":0,"event_name":"Golden Idol","floor":2,"gold_loss":0},{"damage_healed":0,"gold_gain":150,"player_choice":"AGREE","damage_taken":0,"max_hp_gain":0,"max_hp_loss":0,"event_name":"Liars Game","floor":3,"gold_loss":0,"cards_obtained":["Doubt"]},{"damage_healed":0,"gold_gain":0,"player_choice":"Leave","damage_taken":0,"max_hp_gain":0,"max_hp_loss":0,"event_name":"The Cleric","floor":5,"gold_loss":0},{"damage_healed":0,"gold_gain":0,"cards_transformed":["Streamline","Meteor Strike"],"player_choice":"Became Test Subject","damage_taken":0,"max_hp_gain":0,"max_hp_loss":0,"event_name":"Drug Dealer","floor":19,"gold_loss":0,"cards_obtained":["Skim","Melter"]},{"damage_healed":0,"gold_gain":0,"cards_transformed":["Amplify"],"player_choice":"Transformed","damage_taken":0,"max_hp_gain":0,"max_hp_loss":0,"event_name":"Transmorgrifier","floor":21,"gold_loss":0,"cards_obtained":["Buffer"]},{"damage_healed":0,"gold_gain":333,"player_choice":"Gave Idol","damage_taken":0,"max_hp_gain":0,"max_hp_loss":0,"event_name":"The Moai Head","floor":36,"relics_lost":["Golden Idol"],"gold_loss":0},{"damage_healed":0,"gold_gain":0,"player_choice":"0 cards matched","damage_taken":0,"max_hp_gain":0,"max_hp_loss":0,"event_name":"Match and Keep!","floor":46,"gold_loss":0,"cards_obtained":[]}],"is_beta":true,"boss_relics":[{"not_picked":["Calling Bell","Coffee Dripper"],"picked":"Pandora\u0027s Box"},{"not_picked":["Snecko Eye","Philosopher\u0027s Stone"],"picked":"Fusion Hammer"}],"items_purged_floors":[4],"is_endless":false,"potions_floor_spawned":[11,13,18,27,29,30,37,41,44,54],"ascension_level":15}