{"path_per_floor":["M","$","?","T","T","E","M","R","T","E","?","?","M","M","R","B",null,"M","?","$","?","$","R","E","R","T","E","M","R","M","M","R","B",null,"M","M","$","M","?","R","E","M","T","M","R","E","R","?","R","B"],"character_chosen":"THE_SILENT","items_purchased":["Tiny Chest","Quick Slash","Strength Potion","Bag of Preparation","Footwork","Regen Potion"],"gold_per_floor":[368,106,106,106,106,134,148,148,198,226,226,226,236,255,255,334,364,377,377,145,173,22,22,52,52,79,108,128,128,139,154,154,226,226,236,255,130,144,144,144,176,189,189,206,206,241,241,463,463,463],"floor_reached":51,"campfire_rested":3,"playtime":5040,"current_hp_per_floor":[59,59,59,59,69,36,36,36,36,41,41,41,41,41,41,16,66,62,62,62,51,51,51,27,50,50,26,26,26,30,30,30,30,66,66,64,64,64,64,64,64,38,38,38,61,61,61,61,78,78],"items_purged":["Writhe","Parasite","Strike_G"],"gold":463,"score":1296,"play_id":"c40f34bd-b037-4c83-9ad0-e226d9531dec","is_prod":false,"is_daily":false,"is_ascension_mode":true,"campfire_upgraded":7,"path_taken":["M","$","?","?","?","E","M","R","T","E","?","?","M","M","R","BOSS","M","?","?","?","$","R","E","R","T","E","M","R","M","M","R","BOSS","M","M","$","M","?","R","E","M","T","M","R","E","R","?","R","BOSS"],"build_version":"2018-02-16-BETA2","purchased_purges":3,"victory":true,"master_deck":["Defend_G","Defend_G","Defend_G","Defend_G","Defend_G","Strike_G","Strike_G","Strike_G+1","Survivor","Neutralize+1","Dagger Throw","Quick Slash","Bouncing Flask+1","PiercingWail","Quick Slash","Acrobatics","Flying Knee","Dash+1","Blur+1","Footwork+1","Calculated Gamble+1","Footwork+1","Well Laid Plans","Backflip","Catalyst+1","Bullet Time","Footwork+1","Bouncing Flask+1","Dodge and Roll","Leg Sweep","Backflip","Crippling Poison+1","Blur"],"max_hp_per_floor":[66,66,66,66,76,76,76,76,76,76,76,76,76,76,76,76,81,81,81,81,81,78,78,78,78,78,78,78,78,78,78,78,78,78,78,78,78,78,78,78,78,78,78,78,78,78,78,78,78,78],"relics":["Ring of the Snake","Tiny Chest","Thread and Needle","Pear","Juzu Bracelet","Prayer Wheel","Vajra","Tiny House","Bag of Preparation","Red Mask","Orichalcum","Happy Flower","Toolbox","Snecko Eye","Frozen Egg 2","Girya","Snake Skull"],"card_choices":[{"not_picked":["Dagger Spray","Deadly Poison"],"picked":"Dagger Throw"},{"not_picked":["Eviscerate","Acrobatics"],"picked":"Bouncing Flask"},{"not_picked":["Skewer","Quick Slash"],"picked":"PiercingWail"},{"not_picked":["PiercingWail","Infinite Blades"],"picked":"Acrobatics"},{"not_picked":["Deadly Poison","Quick Slash"],"picked":"Flying Knee"},{"not_picked":["Skewer","Quick Slash"],"picked":"Dash"},{"not_picked":["Poisoned Stab","Dagger Throw"],"picked":"Blur"},{"not_picked":["Grand Finale","Prepared"],"picked":"Calculated Gamble"},{"not_picked":["Outmaneuver","Dagger Spray"],"picked":"Footwork"},{"not_picked":["Dagger Spray","Doppelganger"],"picked":"Cloak And Dagger"},{"not_picked":["Sucker Punch","Poisoned Stab"],"picked":"Well Laid Plans"},{"not_picked":["Dodge and Roll","Infinite Blades"],"picked":"Backflip"},{"not_picked":["Bane","Dagger Throw"],"picked":"Catalyst"},{"not_picked":["Wraith Form","Die Die Die"],"picked":"Bullet Time"},{"not_picked":["Well Laid Plans","Setup"],"picked":"Footwork"},{"not_picked":["Acrobatics","Deflect"],"picked":"Bouncing Flask"},{"not_picked":["Infinite Blades","Concentrate"],"picked":"Dodge and Roll"},{"not_picked":["Dagger Spray","Dagger Throw"],"picked":"Leg Sweep"},{"not_picked":["Choke","Backstab"],"picked":"Backflip"},{"not_picked":["Slice","Eviscerate"],"picked":"Crippling Poison"},{"not_picked":["Expertise","Deadly Poison"],"picked":"Blur"}],"player_experience":714648,"potions_floor_usage":[6,10,16,16,21,24,27,33,50],"damage_taken":[{"damage":0,"enemies":"2 Louse","floor":1,"turns":4},{"damage":33,"enemies":"Lagavulin","floor":6,"turns":9},{"damage":0,"enemies":"Small Slimes","floor":7,"turns":3},{"damage":7,"enemies":"3 Sentries","floor":10,"turns":10},{"damage":0,"enemies":"Jaw Worm","floor":13,"turns":3},{"damage":0,"enemies":"Exordium Wildlife","floor":14,"turns":3},{"damage":25,"enemies":"Slime Boss","floor":16,"turns":11},{"damage":4,"enemies":"Chosen","floor":18,"turns":4},{"damage":11,"enemies":"Masked Bandits","floor":21,"turns":6},{"damage":36,"enemies":"Slavers","floor":24,"turns":10},{"damage":24,"enemies":"Gremlin Leader","floor":27,"turns":12},{"damage":0,"enemies":"Shell Parasite","floor":28,"turns":4},{"damage":0,"enemies":"Snecko","floor":30,"turns":5},{"damage":0,"enemies":"Centurion and Healer","floor":31,"turns":7},{"damage":0,"enemies":"Champ","floor":33,"turns":12},{"damage":0,"enemies":"3 Shapes","floor":35,"turns":5},{"damage":2,"enemies":"Flame Bruiser 1 Orb","floor":36,"turns":4},{"damage":0,"enemies":"Sphere and 2 Shapes","floor":38,"turns":5},{"damage":0,"enemies":"Nemesis","floor":41,"turns":5},{"damage":26,"enemies":"3 Darklings","floor":42,"turns":5},{"damage":0,"enemies":"4 Shapes","floor":44,"turns":7},{"damage":0,"enemies":"Giant Head","floor":46,"turns":5},{"damage":0,"enemies":"Donu and Deca","floor":50,"turns":10}],"event_choices":[{"event_name":"Liars Game","player_choice":"disagreed","floor":3,"damage_taken":0},{"event_name":"The Lab","player_choice":"Got Potions","floor":11,"damage_taken":0},{"event_name":"Transmorgrifier","player_choice":"Transform","floor":12,"damage_taken":0},{"event_name":"Drug Dealer","player_choice":"Ignored","floor":19,"damage_taken":0},{"event_name":"Tomb of Lord Red Mask","player_choice":"Wore Mask","floor":48,"damage_taken":0}],"boss_relics":[{"not_picked":["Lizard Tail","The Specimen"],"picked":"Tiny House"},{"not_picked":["Black Star","Orrery"],"picked":"Snecko Eye"}],"potions_floor_spawned":[7,10,13,27,28,30,31,42,46],"seed_played":"-7765354768050092712","ascension_level":15,"is_trial":false}