{"path_per_floor":["M","M","M","M","M","E","?","E","T","E","M","?","?","E","R","B",null,"M","$","?","M","M","E","?","E","T","T","R","M","E","M","R","B",null,"M","$","M","?","$","R","E","$","T","R","$","M","T","E","R","B"],"character_chosen":"THE_SILENT","items_purchased":["Expertise","Bouncing Flask","Noxious Fumes","Poison Potion","Backflip","Well Laid Plans","Calculated Gamble"],"gold_per_floor":[112,128,146,157,167,198,198,232,232,267,287,287,287,316,316,414,414,425,58,58,68,78,107,32,60,84,111,111,125,153,171,171,269,269,289,90,100,145,20,20,52,52,76,76,8,27,27,61,61,61],"floor_reached":51,"campfire_rested":3,"playtime":6109,"current_hp_per_floor":[70,70,70,68,66,61,54,54,54,46,46,32,32,32,32,30,70,70,70,70,60,52,50,50,37,37,37,58,43,30,29,50,39,70,70,70,69,82,81,81,80,80,80,80,80,80,80,53,77,46],"items_purged":["Decay","Injury","Parasite"],"gold":61,"score":726,"play_id":"b98e257a-a659-4fb8-9405-24d8bda7309a","is_prod":false,"is_daily":false,"is_ascension_mode":true,"campfire_upgraded":3,"path_taken":["M","M","M","M","M","E","?","E","T","E","M","?","?","E","R","BOSS","M","$","?","M","?","E","?","E","T","?","R","M","E","M","R","BOSS","M","?","?","?","$","R","E","$","T","R","$","M","?","E","R","BOSS"],"build_version":"2018-02-08-BETA1","purchased_purges":3,"victory":true,"master_deck":["Defend_G","Defend_G","Defend_G","Defend_G","Strike_G","Strike_G","Strike_G","Strike_G","Survivor","Neutralize+1","Infinite Blades+1","Blur+1","Backstab","Tools of the Trade","Leg Sweep","Dagger Spray+1","Caltrops","Dagger Throw","Burst+1","Envenom","Prepared+1","Expertise+1","Bouncing Flask+1","Noxious Fumes+1","Backflip+1","Backflip+1","Catalyst+1","Blur+1","Dash","Dagger Spray","Deadly Poison+1","Envenom","Backflip+1","Well Laid Plans","Bouncing Flask+1","Writhe","Deadly Poison+1","Calculated Gamble+1","Catalyst+1","Regret","Deadly Poison+1","Venomology+1","PiercingWail+1"],"max_hp_per_floor":[70,70,70,70,70,70,70,70,70,70,70,70,70,70,70,70,70,70,70,70,70,70,70,70,70,70,70,70,70,70,70,70,70,70,70,70,70,84,81,81,81,81,81,81,81,81,81,81,81,81],"relics":["Runic Dome","Bag of Preparation","Snake Skull","Torii","Ancient Tea Set","Toxic Egg 2","Cursed Key","Happy Flower","Matryoshka","Dream Catcher","Orichalcum","Tough Bandages","Anchor","Prayer Wheel","The Specimen","Mango","Ice Cream","Vajra","Meat on the Bone","Kunai"],"card_choices":[{"not_picked":["Slice","Predator"],"picked":"Infinite Blades"},{"not_picked":["Flying Knee","Bane"],"picked":"Blur"},{"not_picked":["Outmaneuver","Deflect"],"picked":"Backstab"},{"not_picked":["Acrobatics","Quick Slash"],"picked":"Tools of the Trade"},{"not_picked":["Slice","Sucker Punch"],"picked":"Leg Sweep"},{"not_picked":["Catalyst","Skewer"],"picked":"Dagger Spray"},{"not_picked":["Acrobatics","Flying Knee"],"picked":"Caltrops"},{"not_picked":["Deadly Poison","Bane"],"picked":"Dagger Throw"},{"not_picked":["Calculated Gamble","Blur"],"picked":"Burst"},{"not_picked":["Night Terror","Unload"],"picked":"Envenom"},{"not_picked":["Quick Slash","Terror"],"picked":"Prepared"},{"not_picked":["Flying Knee","Prepared"],"picked":"Backflip"},{"not_picked":["Caltrops","Dodge and Roll"],"picked":"Backflip"},{"not_picked":["Flying Knee","All Out Attack"],"picked":"Catalyst"},{"not_picked":["Doppelganger","Slice"],"picked":"Blur"},{"not_picked":["Backflip","Slice"],"picked":"Dash"},{"not_picked":["Endless Agony","Sucker Punch"],"picked":"Dagger Spray"},{"not_picked":["Finisher","Quick Slash"],"picked":"Deadly Poison"},{"not_picked":["Die Die Die","A Thousand Cuts"],"picked":"Envenom"},{"not_picked":["Infinite Blades","Backstab"],"picked":"Bouncing Flask"},{"not_picked":["Outmaneuver","Quick Slash"],"picked":"Deadly Poison"},{"not_picked":["Sucker Punch","Caltrops"],"picked":"Catalyst"},{"not_picked":["Bane","Dodge and Roll"],"picked":"Deadly Poison"},{"not_picked":["Skewer","Poisoned Stab"],"picked":"Venomology"},{"not_picked":["Acrobatics","Predator"],"picked":"PiercingWail"}],"player_experience":21642,"potions_floor_usage":[8,16,16,23,25,25,30,38],"damage_taken":[{"damage":0,"enemies":"Small Slimes","floor":1,"turns":3},{"damage":0,"enemies":"2 Louse","floor":2,"turns":4},{"damage":0,"enemies":"Cultist","floor":3,"turns":4},{"damage":2,"enemies":"2 Fungi Beasts","floor":4,"turns":5},{"damage":2,"enemies":"Gremlin Gang","floor":5,"turns":7},{"damage":5,"enemies":"Lagavulin","floor":6,"turns":12},{"damage":0,"enemies":"3 Sentries","floor":8,"turns":5},{"damage":8,"enemies":"Lagavulin","floor":10,"turns":8},{"damage":0,"enemies":"Exordium Thugs","floor":11,"turns":4},{"damage":0,"enemies":"3 Sentries","floor":14,"turns":5},{"damage":2,"enemies":"Slime Boss","floor":16,"turns":8},{"damage":0,"enemies":"3 Byrds","floor":18,"turns":5},{"damage":10,"enemies":"Chosen","floor":21,"turns":4},{"damage":8,"enemies":"Centurion and Healer","floor":22,"turns":5},{"damage":2,"enemies":"Gremlin Leader","floor":23,"turns":5},{"damage":13,"enemies":"Slavers","floor":25,"turns":5},{"damage":15,"enemies":"Cultist and Chosen","floor":29,"turns":4},{"damage":13,"enemies":"Gremlin Leader","floor":30,"turns":6},{"damage":1,"enemies":"Slaver and Parasite","floor":31,"turns":4},{"damage":11,"enemies":"Champ","floor":33,"turns":6},{"damage":0,"enemies":"3 Shapes","floor":35,"turns":6},{"damage":1,"enemies":"3 Darklings","floor":37,"turns":5},{"damage":1,"enemies":"Mysterious Sphere","floor":38,"turns":5},{"damage":1,"enemies":"Giant Head","floor":41,"turns":4},{"damage":0,"enemies":"Sphere and 2 Shapes","floor":46,"turns":4},{"damage":27,"enemies":"Nemesis","floor":48,"turns":4},{"damage":43,"enemies":"Time Eater","floor":50,"turns":7}],"event_choices":[{"event_name":"Golden Wing","player_choice":"Card Removal","floor":7,"damage_taken":0},{"event_name":"Shining Light","player_choice":"Entered Light","floor":12,"damage_taken":0},{"event_name":"Wheel of Change","player_choice":"Curse","floor":13,"damage_taken":0},{"event_name":"N\u0027loth","player_choice":"Ignored","floor":20,"damage_taken":0},{"event_name":"Beggar","player_choice":"Gave Gold","floor":24,"damage_taken":0},{"event_name":"Mysterious Sphere","player_choice":"Fight","floor":38,"damage_taken":0}],"boss_relics":[{"not_picked":["Lizard Tail","Tiny House"],"picked":"Cursed Key"},{"not_picked":["Philosopher\u0027s Stone","Question Card"],"picked":"The Specimen"}],"potions_floor_spawned":[3,4,6,11,22,29,30,35,38],"seed_played":"6358219662727288469","ascension_level":1,"is_trial":false}