{"gold_per_floor":[115,135,146,146,163,193,193,220,291,291,291,261,261,275,275,376,376,389,409,19,39,53,53,80,80,151,169,169,219,236,249,249,249],"floor_reached":33,"playtime":2246,"items_purged":[],"score":318,"play_id":"190f4aae-ce51-4425-919e-8639c3d55d6c","local_time":"20190224010857","is_ascension_mode":true,"campfire_choices":[{"floor":7,"key":"REST"},{"floor":11,"key":"REST"},{"floor":13,"key":"REST"},{"floor":15,"key":"REST"},{"floor":23,"key":"REST"},{"floor":28,"key":"REST"},{"floor":32,"key":"REST"}],"neow_cost":"NONE","seed_source_timestamp":128726554733676,"circlet_count":0,"master_deck":["Defend_G","Defend_G","Defend_G","Defend_G","Defend_G","Strike_G","Strike_G","Strike_G","Strike_G","Strike_G","Survivor","Neutralize","Trip","Poisoned Stab","Dagger Spray","Bouncing Flask","Dodge and Roll","Accuracy","Burst","Blade Dance","Bane+1","Die Die Die+1","Quick Slash+1","Backflip","Poisoned Stab+1","Outmaneuver","Slice+1","Catalyst","After Image","Dodge and Roll+1","Deflect+1","Deadly Poison"],"relics":["Ring of the Snake","Molten Egg 2","Mango","Dodecahedron","Philosopher\u0027s Stone","Toy Ornithopter","Anchor","Dream Catcher","Blue Candle"],"potions_floor_usage":[5,8,21,21,24,24,24,33,33],"damage_taken":[{"damage":2,"enemies":"Jaw Worm","floor":1,"turns":4},{"damage":0,"enemies":"2 Louse","floor":2,"turns":2},{"damage":0,"enemies":"Cultist","floor":3,"turns":2},{"damage":4,"enemies":"Blue Slaver","floor":5,"turns":3},{"damage":36,"enemies":"3 Sentries","floor":6,"turns":8},{"damage":32,"enemies":"Gremlin Nob","floor":8,"turns":5},{"damage":3,"enemies":"Looter","floor":12,"turns":4},{"damage":0,"enemies":"3 Louse","floor":14,"turns":3},{"damage":57,"enemies":"Hexaghost","floor":16,"turns":9},{"damage":24,"enemies":"3 Byrds","floor":18,"turns":4},{"damage":23,"enemies":"Shell Parasite","floor":19,"turns":4},{"damage":21,"enemies":"Centurion and Healer","floor":21,"turns":5},{"damage":20,"enemies":"Snake Plant","floor":22,"turns":4},{"damage":7,"enemies":"Gremlin Leader","floor":24,"turns":5},{"damage":20,"enemies":"Shelled Parasite and Fungi","floor":27,"turns":4},{"damage":21,"enemies":"Cultist and Chosen","floor":30,"turns":6},{"damage":11,"enemies":"Centurion and Healer","floor":31,"turns":5},{"damage":51,"enemies":"Collector","floor":33,"turns":6}],"seed_played":"6201570379347422321","potions_obtained":[{"floor":3,"key":"Weak Potion"},{"floor":6,"key":"SpeedPotion"},{"floor":8,"key":"SpeedPotion"},{"floor":16,"key":"GhostInAJar"},{"floor":18,"key":"Swift Potion"},{"floor":21,"key":"PowerPotion"},{"floor":22,"key":"SpeedPotion"},{"floor":30,"key":"Explosive Potion"},{"floor":31,"key":"GamblersBrew"}],"is_trial":false,"path_per_floor":["M","M","M","?","M","E","R","E","T","?","R","M","R","M","R","B",null,"M","M","$","M","M","R","E","?","T","M","R","?","M","M","R","B"],"character_chosen":"THE_SILENT","items_purchased":["Toy Ornithopter","Anchor","Poisoned Stab+1"],"campfire_rested":7,"item_purchase_floors":[20,20,20],"current_hp_per_floor":[68,68,68,73,69,33,55,37,37,37,63,60,86,86,89,32,89,65,42,42,31,11,37,45,28,28,8,36,36,15,4,32,0],"gold":249,"neow_bonus":"RANDOM_COLORLESS","is_prod":false,"is_daily":false,"chose_seed":false,"campfire_upgraded":0,"win_rate":0,"timestamp":1550941737,"path_taken":["M","M","M","?","M","E","R","E","T","?","R","M","R","M","R","BOSS","M","M","$","M","M","R","E","?","T","M","R","?","?","M","R","BOSS"],"build_version":"2019-01-23","purchased_purges":0,"victory":false,"max_hp_per_floor":[70,70,70,75,75,75,75,89,89,89,89,89,89,89,89,89,89,89,89,89,89,89,89,89,94,94,94,94,94,94,94,94,94],"card_choices":[{"not_picked":["Quick Slash","Prepared"],"picked":"Poisoned Stab","floor":1},{"not_picked":["Acrobatics","Terror"],"picked":"Dagger Spray","floor":2},{"not_picked":["PiercingWail","Dagger Throw"],"picked":"Bouncing Flask","floor":3},{"not_picked":["Poisoned Stab","Quick Slash"],"picked":"Dodge and Roll","floor":5},{"not_picked":["Tactician","Doppelganger"],"picked":"Accuracy","floor":6},{"not_picked":["Bane+1","Tactician"],"picked":"Burst","floor":8},{"not_picked":["Acrobatics","Flying Knee+1"],"picked":"Blade Dance","floor":12},{"not_picked":["Dagger Throw+1","Acrobatics"],"picked":"Bane+1","floor":14},{"not_picked":["Adrenaline","Wraith Form v2"],"picked":"Die Die Die+1","floor":16},{"not_picked":["Escape Plan","Prepared+1"],"picked":"Quick Slash+1","floor":18},{"not_picked":["Quick Slash+1","Blur"],"picked":"Backflip","floor":19},{"not_picked":["Blade Dance","All Out Attack+1"],"picked":"Outmaneuver","floor":21},{"not_picked":["Sucker Punch+1","Blur"],"picked":"Slice+1","floor":22},{"not_picked":["Blur","Underhanded Strike+1"],"picked":"Catalyst","floor":24},{"not_picked":["Catalyst","Reflex"],"picked":"After Image","floor":27},{"not_picked":["Bane+1","Skewer+1"],"picked":"Dodge and Roll+1","floor":30},{"not_picked":["Well Laid Plans","Prepared"],"picked":"Deflect+1","floor":31},{"not_picked":["Bane+1","All Out Attack+1"],"picked":"Deadly Poison","floor":32}],"player_experience":56275,"relics_obtained":[{"floor":6,"key":"Molten Egg 2"},{"floor":8,"key":"Mango"},{"floor":9,"key":"Dodecahedron"},{"floor":24,"key":"Dream Catcher"},{"floor":26,"key":"Blue Candle"}],"event_choices":[{"damage_healed":0,"gold_gain":0,"player_choice":"Donut","damage_taken":0,"max_hp_gain":5,"max_hp_loss":0,"event_name":"Big Fish","floor":4,"gold_loss":0},{"damage_healed":0,"gold_gain":0,"player_choice":"Ignored","damage_taken":0,"max_hp_gain":0,"max_hp_loss":0,"event_name":"Golden Wing","floor":10,"gold_loss":0},{"damage_healed":0,"gold_gain":0,"player_choice":"Shed Blood","damage_taken":22,"max_hp_gain":5,"max_hp_loss":0,"event_name":"Forgotten Altar","floor":25,"gold_loss":0},{"damage_healed":0,"gold_gain":100,"player_choice":"Bet on Murderer","damage_taken":0,"max_hp_gain":0,"max_hp_loss":0,"event_name":"The Joust","floor":29,"gold_loss":50}],"is_beta":false,"boss_relics":[{"not_picked":["Tiny House","Empty Cage"],"picked":"Philosopher\u0027s Stone"}],"items_purged_floors":[],"is_endless":false,"potions_floor_spawned":[3,6,8,16,18,21,22,30,31],"killed_by":"Collector","ascension_level":1}