{"path_per_floor":["M","?","?","M","M","E","?","R","T","R","M","R","E","M","R","B",null,"M","M","M","?","?","R","M","R","T","E","$","R","?","?","R","B",null,"M","M","$","M","?","R","E","R","T","$","R","M","M","$","R","B"],"character_chosen":"IRONCLAD","items_purchased":["Bottled Tornado","Lantern","Anger","Metallicize"],"gold_per_floor":[116,116,116,131,151,176,236,236,260,260,279,279,309,324,324,420,420,434,444,460,460,460,460,473,473,473,505,175,175,175,175,175,279,279,295,309,29,39,39,39,74,74,74,74,74,93,105,30,30,30],"floor_reached":51,"campfire_rested":4,"playtime":3590,"current_hp_per_floor":[76,68,68,68,70,37,11,35,35,35,39,39,42,39,78,57,80,80,80,80,65,65,65,51,51,51,36,36,36,36,36,76,43,85,85,85,85,70,59,59,52,52,66,66,66,53,43,43,87,67],"items_purged":["Writhe","Strike_R"],"gold":30,"score":631,"play_id":"8ef4fa11-fbe9-43d5-a66b-a9b25074fbbc","is_prod":false,"is_daily":false,"is_ascension_mode":true,"campfire_upgraded":8,"path_taken":["M","?","?","M","?","E","?","R","T","R","?","R","E","M","R","BOSS","M","M","M","?","?","R","M","R","T","E","?","R","?","?","R","BOSS","M","M","$","M","?","R","E","R","T","$","R","M","M","$","R","BOSS"],"build_version":"2018-02-22-PROD2","purchased_purges":4,"victory":true,"master_deck":["Strike_R","Defend_R","Defend_R","Defend_R","Defend_R","Bash","Body Slam+1","Twin Strike","Inflame+1","Sword Boomerang+1","Battle Trance+1","Anger","Heavy Blade+1","Thunderclap","Pommel Strike","Brutality+1","Flex+1","Shrug It Off","Pommel Strike","Iron Wave","Headbutt+1","Carnage","Rupture+1","Anger","Bloodletting+1","Madness","Madness+1","Disarm","Limit Break","Disarm","Metallicize"],"max_hp_per_floor":[80,80,80,80,80,80,80,80,80,80,80,80,80,80,80,80,80,80,80,80,85,85,85,85,85,85,85,85,85,85,85,85,85,85,85,85,85,85,85,85,85,85,99,99,99,99,99,99,99,99],"relics":["Burning Blood","Matryoshka","Shuriken","Happy Flower","Vajra","Regal Pillow","Question Card","Bronze Scales","Oddly Smooth Stone","Thread and Needle","Juzu Bracelet","Bottled Tornado","Runic Dome","Lantern","Bag of Preparation","Mango"],"card_choices":[{"not_picked":["Thunderclap","Sword Boomerang"],"picked":"Body Slam"},{"not_picked":["Sword Boomerang","Perfected Strike"],"picked":"Twin Strike"},{"not_picked":["Evolve","Bloodletting"],"picked":"Inflame"},{"not_picked":["Blood for Blood","Perfected Strike"],"picked":"Sword Boomerang"},{"not_picked":["Juggernaut","Iron Wave"],"picked":"Battle Trance"},{"not_picked":["Thunderclap","Havoc"],"picked":"Anger"},{"not_picked":["Rage","Twin Strike"],"picked":"Heavy Blade"},{"not_picked":["Havoc","Combust"],"picked":"Thunderclap"},{"not_picked":["Perfected Strike","Exhume"],"picked":"Pommel Strike"},{"not_picked":["Dark Embrace","Barricade"],"picked":"Brutality"},{"not_picked":["Second Wind","Infernal Blade","Power Through"],"picked":"Flex"},{"not_picked":["Pommel Strike","Body Slam","Heavy Blade"],"picked":"Shrug It Off"},{"not_picked":["Second Wind","Thunderclap","Bludgeon"],"picked":"Pommel Strike"},{"not_picked":["True Grit","Body Slam","Thunderclap"],"picked":"Iron Wave"},{"not_picked":["Armaments","Shrug It Off","Bludgeon"],"picked":"Headbutt"},{"not_picked":["Sword Boomerang","Pommel Strike","Spot Weakness"],"picked":"Rupture"},{"not_picked":["Iron Wave","True Grit","Rampage"],"picked":"Bloodletting"},{"not_picked":["Flame Barrier","True Grit","Uppercut"],"picked":"Disarm"},{"not_picked":["Heavy Blade","True Grit","Iron Wave"],"picked":"Limit Break"},{"not_picked":["Twin Strike","Uppercut","Seeing Red"],"picked":"Disarm"}],"player_experience":106069,"potions_floor_usage":[13,16,16,20,27,27,38,50,50],"damage_taken":[{"damage":10,"enemies":"Jaw Worm","floor":1,"turns":5},{"damage":6,"enemies":"Cultist","floor":4,"turns":3},{"damage":4,"enemies":"Small Slimes","floor":5,"turns":3},{"damage":39,"enemies":"Gremlin Nob","floor":6,"turns":5},{"damage":32,"enemies":"Lagavulin Event","floor":7,"turns":5},{"damage":2,"enemies":"2 Fungi Beasts","floor":11,"turns":2},{"damage":3,"enemies":"3 Sentries","floor":13,"turns":3},{"damage":9,"enemies":"Red Slaver","floor":14,"turns":2},{"damage":27,"enemies":"Hexaghost","floor":16,"turns":6},{"damage":4,"enemies":"3 Byrds","floor":18,"turns":4},{"damage":1,"enemies":"Spheric Guardian","floor":19,"turns":3},{"damage":0,"enemies":"Snecko","floor":20,"turns":2},{"damage":20,"enemies":"Snake Plant","floor":24,"turns":2},{"damage":21,"enemies":"Slavers","floor":27,"turns":4},{"damage":39,"enemies":"Automaton","floor":33,"turns":7},{"damage":5,"enemies":"3 Shapes","floor":35,"turns":7},{"damage":0,"enemies":"Orb Walker","floor":36,"turns":2},{"damage":21,"enemies":"Maw","floor":38,"turns":6},{"damage":13,"enemies":"2 Orb Walkers","floor":41,"turns":3},{"damage":19,"enemies":"Sphere and 2 Shapes","floor":46,"turns":5},{"damage":16,"enemies":"4 Shapes","floor":47,"turns":6},{"damage":26,"enemies":"Time Eater","floor":50,"turns":5}],"event_choices":[{"event_name":"Wheel of Change","player_choice":"Damage","floor":2,"damage_taken":0},{"event_name":"Bonfire Elementals","player_choice":"BASIC","floor":3,"damage_taken":0},{"event_name":"Dead Adventurer","player_choice":"Searched \u00272\u0027 times","floor":7,"damage_taken":0},{"event_name":"Forgotten Altar","player_choice":"Shed Blood","floor":21,"damage_taken":0},{"event_name":"The Mausoleum","player_choice":"Yes","floor":22,"damage_taken":0},{"event_name":"Back to Basics","player_choice":"Elegance","floor":30,"damage_taken":0},{"event_name":"Transmorgrifier","player_choice":"Transform","floor":31,"damage_taken":0},{"event_name":"Winding Halls","player_choice":"Embrace Madness","floor":39,"damage_taken":0}],"boss_relics":[{"not_picked":["Snecko Eye","White Beast Statue"],"picked":"Question Card"},{"not_picked":["Tiny House","Runic Pyramid"],"picked":"Runic Dome"}],"potions_floor_spawned":[4,11,13,14,16,20,24,27,35,36],"seed_played":"-3071820539767472304","ascension_level":2,"is_trial":false}