{"gold_per_floor":[118,132,144,144,216,216,216,216,216,141,141,41,61,74,74,176,176,188,207,306,231,250,250,250,250,250,266,266,281,156,174,174,275,275,294,307,320,330,23,23,42,53,127,127,138,138,149,149,149,149],"floor_reached":51,"playtime":994,"items_purged":["Defend_R","Defend_R","Defend_R","Corruption"],"score":718,"play_id":"581b58a1-0086-43a9-8c0b-37846b18e0f7","local_time":"20190225155918","is_ascension_mode":false,"campfire_choices":[{"data":"Clash","floor":6.0,"key":"SMITH"},{"data":"Clash","floor":7.0,"key":"SMITH"},{"data":"Inflame","floor":8.0,"key":"SMITH"},{"data":"Sword Boomerang","floor":15.0,"key":"SMITH"},{"data":"True Grit","floor":23.0,"key":"SMITH"},{"data":"Rage","floor":25.0,"key":"SMITH"},{"data":"Bludgeon","floor":28.0,"key":"SMITH"},{"data":"Iron Wave","floor":32.0,"key":"SMITH"},{"data":"Limit Break","floor":40,"key":"SMITH"},{"floor":46,"key":"REST"},{"floor":49,"key":"REST"}],"neow_cost":"PERCENT_DAMAGE","seed_source_timestamp":10174770169077,"circlet_count":0,"master_deck":["Strike_R","Strike_R","Strike_R","Strike_R","Strike_R","Bash+1","Clash+1","Inflame+1","Clash+1","Iron Wave+1","Sword Boomerang+1","Bludgeon+1","Inflame+1","Rage+1","True Grit+1","Limit Break+1","Dual Wield+1","Uppercut+1"],"special_seed":0,"relics":["Burning Blood","WingedGreaves","Kunai","Velvet Choker","Gremlin Horn","Cursed Key","Vajra","Letter Opener"],"potions_floor_usage":[50,50,50],"damage_taken":[{"damage":1.0,"enemies":"Cultist","floor":1.0,"turns":4.0},{"damage":2.0,"enemies":"Small Slimes","floor":2.0,"turns":3.0},{"damage":6.0,"enemies":"Jaw Worm","floor":3.0,"turns":3.0},{"damage":1.0,"enemies":"2 Fungi Beasts","floor":13.0,"turns":3.0},{"damage":11.0,"enemies":"Lots of Slimes","floor":14.0,"turns":3.0},{"damage":0.0,"enemies":"Slime Boss","floor":16.0,"turns":7.0},{"damage":3.0,"enemies":"3 Byrds","floor":18.0,"turns":4.0},{"damage":10.0,"enemies":"2 Thieves","floor":19.0,"turns":2.0},{"damage":10.0,"enemies":"Chosen and Byrds","floor":22.0,"turns":3.0},{"damage":0.0,"enemies":"Cultist and Chosen","floor":27.0,"turns":3.0},{"damage":0.0,"enemies":"3 Cultists","floor":29.0,"turns":4.0},{"damage":6.0,"enemies":"Snake Plant","floor":31.0,"turns":2.0},{"damage":35.0,"enemies":"Automaton","floor":33.0,"turns":7.0},{"damage":14.0,"enemies":"3 Shapes","floor":35.0,"turns":4.0},{"damage":4.0,"enemies":"Orb Walker","floor":36.0,"turns":3.0},{"damage":18.0,"enemies":"Writhing Mass","floor":37.0,"turns":4.0},{"damage":16.0,"enemies":"Spire Growth","floor":38.0,"turns":3.0},{"damage":21,"enemies":"Sphere and 2 Shapes","floor":41,"turns":4},{"damage":13,"enemies":"Jaw Worm Horde","floor":42,"turns":3},{"damage":0,"enemies":"3 Darklings","floor":45,"turns":3},{"damage":22,"enemies":"Spire Growth","floor":47,"turns":4},{"damage":40,"enemies":"Donu and Deca","floor":50,"turns":6}],"seed_played":"-6344593051194616177","potions_obtained":[{"floor":1.0,"key":"Ancient Potion"},{"floor":2.0,"key":"Swift Potion"},{"floor":24.0,"key":"SpeedPotion"},{"floor":27.0,"key":"Regen Potion"},{"floor":31.0,"key":"Dexterity Potion"},{"floor":41,"key":"Strength Potion"},{"floor":42,"key":"SteroidPotion"}],"is_trial":false,"path_per_floor":["M","M","M","?","?","R","R","R","T","$","?","$","M","M","R","B",null,"M","M","?","?","M","R","?","R","T","M","R","M","$","M","R","B",null,"M","M","M","M","$","R","M","M","T","?","M","R","M","?","R","B",null],"character_chosen":"IRONCLAD","items_purchased":["Vajra"],"campfire_rested":2,"item_purchase_floors":[39],"current_hp_per_floor":[61,65,65,70,70,70,70,70,70,70,70,70,75,70,70,76,85,85,81,81,81,77,77,77,77,77,83,83,85,85,85,85,56,85,77,79,67,57,57,57,42,35,35,35,41,66,50,50,74,40],"gold":149,"neow_bonus":"ONE_RARE_RELIC","is_prod":false,"is_daily":false,"chose_seed":false,"campfire_upgraded":9,"win_rate":0,"timestamp":1551131958,"path_taken":["M","?","M","?","?","R","R","R","T","$","?","$","M","?","R","BOSS","M","M","?","?","M","R","?","R","T","?","R","M","$","M","R","BOSS","M","M","M","?","$","R","?","M","T","?","M","R","?","?","R","BOSS"],"build_version":"2019-01-23","purchased_purges":4,"victory":true,"max_hp_per_floor":[80,80,80,85,85,85,85,85,85,85,85,85,85,85,85,85,85,85,85,85,85,85,85,85,85,85,85,85,85,85,85,85,85,85,85,85,85,85,85,85,85,85,85,85,85,85,85,82,82,82],"card_choices":[{"not_picked":["Combust","Sword Boomerang"],"picked":"Clash","floor":1.0},{"not_picked":["Clash","Twin Strike"],"picked":"Inflame","floor":2.0},{"not_picked":["Wild Strike","Thunderclap"],"picked":"Clash","floor":3.0},{"not_picked":["Pommel Strike","Shrug It Off"],"picked":"Iron Wave","floor":13.0},{"not_picked":["Corruption","Anger"],"picked":"Sword Boomerang","floor":14.0},{"not_picked":["Berserk","Impervious"],"picked":"Bludgeon","floor":16.0},{"not_picked":["Sword Boomerang","Anger"],"picked":"Inflame+1","floor":18.0},{"not_picked":["Havoc","Twin Strike"],"picked":"Rage","floor":19.0},{"not_picked":["Twin Strike","True Grit","Headbutt"],"picked":"SKIP","floor":22.0},{"not_picked":["Twin Strike","Headbutt"],"picked":"True Grit","floor":22.0},{"not_picked":["Pommel Strike","Headbutt"],"picked":"Corruption","floor":27.0},{"not_picked":["Body Slam","Anger+1","Reckless Charge+1"],"picked":"SKIP","floor":29.0},{"not_picked":["Rupture","Brutality","Sentinel"],"picked":"SKIP","floor":31.0},{"not_picked":["Offering","Barricade"],"picked":"Limit Break","floor":33.0},{"not_picked":["Sword Boomerang+1","Bloodletting+1","Hemokinesis+1"],"picked":"SKIP","floor":35.0},{"not_picked":["Battle Trance+1","Disarm"],"picked":"Dual Wield+1","floor":36.0},{"not_picked":["Headbutt+1","Twin Strike+1"],"picked":"Uppercut+1","floor":37.0},{"not_picked":["Battle Trance+1","Body Slam","Armaments+1"],"picked":"SKIP","floor":38.0},{"not_picked":["Headbutt+1","Thunderclap","Twin Strike"],"picked":"SKIP","floor":41},{"not_picked":["Uppercut","Warcry","Reckless Charge"],"picked":"SKIP","floor":42},{"not_picked":["Sever Soul","Sword Boomerang","Clothesline"],"picked":"SKIP","floor":45},{"not_picked":["Seeing Red","Pommel Strike","Headbutt+1"],"picked":"SKIP","floor":47}],"player_experience":923557,"relics_obtained":[{"floor":9.0,"key":"Kunai"},{"floor":26.0,"key":"Gremlin Horn"},{"floor":43,"key":"Letter Opener"}],"event_choices":[{"damage_healed":0.0,"max_hp_gain":5.0,"max_hp_loss":0.0,"gold_gain":0.0,"event_name":"Big Fish","player_choice":"Donut","floor":4.0,"gold_loss":0.0,"damage_taken":0.0},{"damage_healed":0.0,"max_hp_gain":0.0,"max_hp_loss":0.0,"gold_gain":72.0,"event_name":"Golden Wing","player_choice":"Gained Gold","floor":5.0,"gold_loss":0.0,"damage_taken":0.0},{"damage_healed":0.0,"max_hp_gain":0.0,"max_hp_loss":0.0,"gold_gain":0.0,"event_name":"The Woman in Blue","player_choice":"Bought 0 Potions","floor":11.0,"gold_loss":0.0,"damage_taken":0.0},{"damage_healed":0.0,"max_hp_gain":0.0,"max_hp_loss":0.0,"gold_gain":99.0,"event_name":"Nest","player_choice":"Stole From Cult","floor":20.0,"gold_loss":0.0,"damage_taken":0.0},{"cards_removed":["Defend_R"],"damage_healed":0.0,"max_hp_gain":0.0,"max_hp_loss":0.0,"gold_gain":0.0,"event_name":"Beggar","player_choice":"Gave Gold","floor":21.0,"gold_loss":75.0,"damage_taken":0.0},{"damage_healed":0.0,"max_hp_gain":0.0,"max_hp_loss":0.0,"gold_gain":0.0,"event_name":"Lab","player_choice":"Got Potions","floor":24.0,"gold_loss":0.0,"damage_taken":0.0},{"damage_healed":0,"gold_gain":0,"player_choice":"Upgraded","damage_taken":0,"max_hp_gain":0,"max_hp_loss":0,"event_name":"Upgrade Shrine","floor":44,"gold_loss":0,"cards_upgraded":["Bash"]},{"cards_removed":["Parasite"],"damage_healed":0,"gold_gain":0,"player_choice":"Purged","damage_taken":0,"max_hp_gain":0,"max_hp_loss":0,"event_name":"Purifier","floor":48,"gold_loss":0}],"is_beta":false,"boss_relics":[{"not_picked":["Black Blood","Fusion Hammer"],"picked":"Velvet Choker"},{"not_picked":["Runic Dome","Black Star"],"picked":"Cursed Key"}],"items_purged_floors":[10,12,30,39],"is_endless":false,"potions_floor_spawned":[1,2,27,31,33,38,41,42],"ascension_level":0}