{"path_per_floor":["M","$","M","?","M","E","R","E","T","M","M","?","M","?","R"],"character_chosen":"IRONCLAD","items_purchased":["Second Wind"],"gold_per_floor":[118,7,23,23,47,86,86,117,169,184,199,199,224,189,189],"floor_reached":16,"campfire_rested":0,"playtime":1739,"current_hp_per_floor":[77,77,80,60,65,33,33,13,13,10,13,13,19,39,39],"items_purged":["Regret"],"gold":189,"score":112,"play_id":"758652ea-9767-451b-8ca1-155d7267cc56","is_prod":false,"is_daily":false,"is_ascension_mode":false,"campfire_upgraded":2,"path_taken":["M","$","M","?","M","E","R","E","T","M","M","?","M","?","R","BOSS"],"build_version":"2018-02-15-PROD1","purchased_purges":2,"victory":false,"master_deck":["Strike_R","Strike_R+1","Strike_R","Strike_R","Strike_R+1","Defend_R","Defend_R","Defend_R","Defend_R","Bash","Headbutt","Second Wind","Pommel Strike+1","Anger","Burning Pact","Seeing Red","Armaments+1","Inflame","Metallicize"],"max_hp_per_floor":[80,80,80,80,80,80,80,80,80,80,80,80,80,80,80],"relics":["Burning Blood","Frozen Eye","Golden Idol","Pen Nib","Omamori","Whetstone"],"card_choices":[{"not_picked":["Wild Strike","Anger"],"picked":"Headbutt"},{"not_picked":["Pummel","Body Slam"],"picked":"Pommel Strike"},{"not_picked":["Clash","Perfected Strike"],"picked":"Anger"},{"not_picked":["Perfected Strike","Twin Strike"],"picked":"Burning Pact"},{"not_picked":["Demon Form","True Grit"],"picked":"Seeing Red"},{"not_picked":["True Grit","Barricade"],"picked":"Armaments"},{"not_picked":["Seeing Red","Thunderclap"],"picked":"Inflame"},{"not_picked":["Shrug It Off","Anger"],"picked":"Metallicize"}],"player_experience":66643,"potions_floor_usage":[8,8,11,13,16,16],"damage_taken":[{"damage":9,"enemies":"Jaw Worm","floor":1,"turns":6},{"damage":0,"enemies":"Small Slimes","floor":3,"turns":3},{"damage":1,"enemies":"Cultist","floor":5,"turns":3},{"damage":38,"enemies":"3 Sentries","floor":6,"turns":10},{"damage":26,"enemies":"Lagavulin","floor":8,"turns":5},{"damage":9,"enemies":"Blue Slaver","floor":10,"turns":4},{"damage":3,"enemies":"Lots of Slimes","floor":11,"turns":4},{"damage":0,"enemies":"Gremlin Gang","floor":13,"turns":4},{"damage":41,"enemies":"Hexaghost","floor":16,"turns":9}],"event_choices":[{"event_name":"Golden Idol","player_choice":"Take Damage","floor":4,"damage_taken":0},{"event_name":"The Lab","player_choice":"Got Potions","floor":12,"damage_taken":0},{"event_name":"The Cleric","player_choice":"Healed","floor":14,"damage_taken":0}],"boss_relics":[],"potions_floor_spawned":[5,6,10,11],"seed_played":"-5155864086242511172","killed_by":"Hexaghost","ascension_level":0,"is_trial":false}