{"gold_per_floor":[115,25,125,140,155,183,183,197,197,229,229,18,18,18,18,122,122,140,27,0,0,18,44,63,63,63,88,117,117,127,146,146,146],"floor_reached":33,"playtime":2025,"items_purged":[],"score":322,"play_id":"3d0fac93-9670-4cde-b6cf-eb367e22c22f","local_time":"20190218131313","is_ascension_mode":true,"campfire_choices":[{"data":"Pommel Strike","floor":7,"key":"SMITH"},{"floor":11,"key":"REST"},{"data":"Metallicize","floor":15,"key":"SMITH"},{"floor":25,"key":"REST"},{"floor":29,"key":"REST"},{"floor":32,"key":"REST"}],"neow_cost":"NONE","seed_source_timestamp":2999112636298223,"circlet_count":0,"master_deck":["Strike_R","Strike_R","Strike_R","Strike_R","Strike_R","Defend_R","Defend_R","Defend_R","Defend_R","Bash","Seeing Red","Inflame","Pommel Strike+1","Pommel Strike","Flame Barrier","Feel No Pain","Anger","Metallicize+1","Burning Pact+1","Reaper","Clothesline","Hemokinesis","Normality","Brutality","Sentinel+1","Bloodletting+1","Blood for Blood","Injury","Dropkick","Armaments+1"],"relics":["Burning Blood","NeowsBlessing","Boot","Vajra","Toxic Egg 2","Bag of Preparation","Pen Nib","Cursed Key","Bag of Marbles","Omamori","Matryoshka"],"potions_floor_usage":[6,6,23,23,31],"damage_taken":[{"damage":0,"enemies":"2 Louse","floor":1,"turns":1},{"damage":0,"enemies":"Cultist","floor":4,"turns":1},{"damage":0,"enemies":"Small Slimes","floor":5,"turns":2},{"damage":31,"enemies":"3 Sentries","floor":6,"turns":11},{"damage":4,"enemies":"Red Slaver","floor":8,"turns":5},{"damage":28,"enemies":"Gremlin Nob","floor":10,"turns":4},{"damage":47,"enemies":"Hexaghost","floor":16,"turns":9},{"damage":0,"enemies":"Chosen","floor":18,"turns":4},{"damage":17,"enemies":"Shell Parasite","floor":22,"turns":7},{"damage":36,"enemies":"Book of Stabbing","floor":23,"turns":7},{"damage":29,"enemies":"Sentry and Sphere","floor":24,"turns":7},{"damage":33,"enemies":"Gremlin Leader","floor":28,"turns":5},{"damage":6,"enemies":"Snecko","floor":30,"turns":3},{"damage":45,"enemies":"Shelled Parasite and Fungi","floor":31,"turns":5},{"damage":74,"enemies":"Champ","floor":33,"turns":15}],"seed_played":"-2076385077798174597","potions_obtained":[{"floor":4,"key":"Strength Potion"},{"floor":5,"key":"Swift Potion"},{"floor":10,"key":"AttackPotion"},{"floor":18,"key":"Poison Potion"},{"floor":30,"key":"LiquidBronze"}],"is_trial":false,"path_per_floor":["M","$","?","M","M","E","R","M","T","E","R","$","?","?","R","B",null,"M","$","?","?","M","E","M","R","T","T","E","R","M","M","R","B"],"character_chosen":"IRONCLAD","items_purchased":["Inflame","Pommel Strike","Burning Pact+1","Bag of Preparation","Regen Potion","Hemokinesis"],"campfire_rested":4,"item_purchase_floors":[2,2,12,12,19,19],"current_hp_per_floor":[80,80,80,80,80,55,55,57,57,35,59,59,80,80,80,39,80,80,80,80,80,76,61,52,76,76,76,56,80,80,41,65,0],"gold":146,"neow_bonus":"THREE_ENEMY_KILL","is_prod":false,"is_daily":false,"chose_seed":false,"campfire_upgraded":2,"win_rate":0,"timestamp":1550513593,"path_taken":["M","$","?","?","M","E","R","M","T","E","R","?","?","?","R","BOSS","M","$","?","?","M","E","?","R","T","?","E","R","M","M","R","BOSS"],"build_version":"2019-02-06","purchased_purges":0,"victory":false,"max_hp_per_floor":[80,80,80,80,80,80,80,80,80,80,80,80,80,80,80,80,80,80,80,80,80,80,80,80,80,80,80,80,80,80,80,80,80],"card_choices":[{"not_picked":["Flex","Second Wind"],"picked":"Seeing Red","floor":1},{"not_picked":["Clothesline","Whirlwind"],"picked":"Pommel Strike","floor":4},{"not_picked":["Second Wind","Whirlwind"],"picked":"Flame Barrier","floor":5},{"not_picked":["Shrug It Off","Sword Boomerang"],"picked":"Feel No Pain","floor":6},{"not_picked":["True Grit","Twin Strike"],"picked":"Anger","floor":8},{"not_picked":["Offering","Exhume"],"picked":"Metallicize","floor":10},{"not_picked":["Immolate","Impervious+1"],"picked":"Reaper","floor":16},{"not_picked":["Rampage+1","Anger"],"picked":"Clothesline","floor":18},{"not_picked":["Heavy Blade","Body Slam"],"picked":"Sentinel+1","floor":22},{"not_picked":["Clash","Flex+1"],"picked":"Bloodletting+1","floor":23},{"not_picked":["Carnage","Uppercut+1"],"picked":"Blood for Blood","floor":24},{"not_picked":["Feed","Heavy Blade"],"picked":"Dropkick","floor":28},{"not_picked":["Evolve","Thunderclap"],"picked":"Armaments+1","floor":30},{"not_picked":["Armaments+1","Warcry+1","Ghostly Armor+1"],"picked":"SKIP","floor":31}],"player_experience":139330,"relics_obtained":[{"floor":6,"key":"Boot"},{"floor":9,"key":"Vajra"},{"floor":10,"key":"Toxic Egg 2"},{"floor":23,"key":"Bag of Marbles"},{"floor":27,"key":"Omamori"},{"floor":28,"key":"Matryoshka"}],"event_choices":[{"damage_healed":0,"gold_gain":100,"player_choice":"Gold","damage_taken":0,"max_hp_gain":0,"max_hp_loss":0,"event_name":"Wheel of Change","floor":3,"gold_loss":0},{"damage_healed":26,"gold_gain":0,"player_choice":"Banana","damage_taken":0,"max_hp_gain":0,"max_hp_loss":0,"event_name":"Big Fish","floor":13,"gold_loss":0},{"damage_healed":0,"gold_gain":0,"player_choice":"Gave Potion","damage_taken":0,"relics_obtained":["Pen Nib"],"max_hp_gain":0,"max_hp_loss":0,"event_name":"WeMeetAgain","floor":14,"gold_loss":0},{"damage_healed":0,"gold_gain":0,"player_choice":"Paid Fearfully","damage_taken":0,"max_hp_gain":0,"max_hp_loss":0,"event_name":"Masked Bandits","floor":20,"gold_loss":27},{"damage_healed":0,"gold_gain":0,"player_choice":"2 cards matched","damage_taken":0,"max_hp_gain":0,"max_hp_loss":0,"event_name":"Match and Keep!","floor":21,"gold_loss":0,"cards_obtained":["Normality","Brutality"]}],"is_beta":true,"boss_relics":[{"not_picked":["Runic Pyramid","Pandora\u0027s Box"],"picked":"Cursed Key"}],"items_purged_floors":[],"is_endless":false,"potions_floor_spawned":[4,5,10,18,30],"killed_by":"Champ","ascension_level":2}