{"gold_per_floor":[20,30,30,40,40,40,60,90,143,173,188,188,213,56,56,131,131,150,108,127,44,44,78,78,96,120,131,131],"floor_reached":28,"playtime":2076,"items_purged":[],"score":601,"play_id":"1ce05524-106d-4bbf-8d5a-054c7fede5de","local_time":"20190226152921","is_ascension_mode":true,"campfire_choices":[{"data":"Barrage","floor":6,"key":"SMITH"},{"data":"Loop","floor":12,"key":"SMITH"},{"data":"Chaos","floor":15,"key":"SMITH"},{"data":"Defragment","floor":24,"key":"SMITH"}],"neow_cost":"NO_GOLD","seed_source_timestamp":317323714481880,"circlet_count":0,"master_deck":["AscendersBane","Strike_B","Strike_B","Strike_B","Strike_B","Defend_B","Defend_B","Defend_B","Defend_B","Zap","Dualcast","Glacier","Cold Snap","Barrage+1","Loop+1","Chaos+1","Glacier","Self Repair","Genetic Algorithm","Echo Form","Consume","Defragment+1","Loop","Coolheaded"],"relics":["Cracked Core","Meat on the Bone","Pen Nib","DataDisk","Symbiotic Virus","Potion Belt","Eternal Feather","Omamori","Oddly Smooth Stone"],"potions_floor_usage":[23,25,28],"damage_taken":[{"damage":4,"enemies":"Small Slimes","floor":1,"turns":4},{"damage":0,"enemies":"2 Louse","floor":2,"turns":2},{"damage":0,"enemies":"Cultist","floor":4,"turns":3},{"damage":16,"enemies":"Gremlin Gang","floor":7,"turns":4},{"damage":13,"enemies":"Lagavulin","floor":8,"turns":6},{"damage":22,"enemies":"Gremlin Nob","floor":10,"turns":4},{"damage":0,"enemies":"2 Fungi Beasts","floor":11,"turns":5},{"damage":11,"enemies":"Lagavulin","floor":13,"turns":10},{"damage":0,"enemies":"The Guardian","floor":16,"turns":13},{"damage":16,"enemies":"Spheric Guardian","floor":18,"turns":4},{"damage":37,"enemies":"Chosen","floor":20,"turns":7},{"damage":36,"enemies":"Book of Stabbing","floor":23,"turns":8},{"damage":14,"enemies":"Snake Plant","floor":25,"turns":3},{"damage":1,"enemies":"Snecko","floor":27,"turns":7},{"damage":65,"enemies":"Gremlin Leader","floor":28,"turns":5}],"seed_played":"2655511451568412411","potions_obtained":[{"floor":1,"key":"FocusPotion"},{"floor":4,"key":"FearPotion"},{"floor":10,"key":"PowerPotion"},{"floor":16,"key":"FocusPotion"},{"floor":20,"key":"Explosive Potion"},{"floor":23,"key":"FearPotion"},{"floor":27,"key":"Energy Potion"}],"is_trial":false,"path_per_floor":["M","M","?","M","?","R","M","E","T","E","M","R","E","$","R","B",null,"M","$","M","$","?","E","R","M","T","M","E"],"character_chosen":"DEFECT","items_purchased":["Potion Belt","Defragment","Loop"],"campfire_rested":0,"item_purchase_floors":[14,19,21],"current_hp_per_floor":[74,74,74,74,74,74,58,45,45,35,47,47,55,55,55,62,79,70,70,52,52,52,42,54,52,52,65,0],"gold":131,"neow_bonus":"TWENTY_PERCENT_HP_BONUS","is_prod":false,"is_daily":false,"chose_seed":false,"campfire_upgraded":4,"win_rate":0,"timestamp":1551223761,"path_taken":["M","M","?","M","?","R","?","E","T","E","M","R","E","$","R","BOSS","M","$","?","$","?","E","R","M","T","M","E"],"build_version":"2019-01-23","purchased_purges":0,"victory":false,"max_hp_per_floor":[85,85,85,85,85,85,85,85,85,85,85,85,85,85,85,85,85,85,85,85,85,85,85,85,85,85,85,85],"card_choices":[{"not_picked":["White Noise","Rebound"],"picked":"Glacier","floor":1},{"not_picked":["Recycle","BootSequence"],"picked":"Cold Snap","floor":2},{"not_picked":["Hologram","Rebound"],"picked":"Barrage","floor":4},{"not_picked":["Hello World","Undo"],"picked":"Loop","floor":7},{"not_picked":["Barrage","Tempest"],"picked":"Chaos","floor":8},{"not_picked":["FTL","White Noise"],"picked":"Glacier","floor":10},{"not_picked":["Hologram","Rebound"],"picked":"Self Repair","floor":11},{"not_picked":["Coolheaded","Rebound"],"picked":"Genetic Algorithm","floor":13},{"not_picked":["Buffer","Rainbow"],"picked":"Echo Form","floor":16},{"not_picked":["Coolheaded","Turbo"],"picked":"Consume","floor":18},{"not_picked":["Sweeping Beam","Conserve Battery","Cold Snap"],"picked":"SKIP","floor":20},{"not_picked":["Barrage","Stack","Hyperbeam"],"picked":"SKIP","floor":23},{"not_picked":["Hologram","Chaos","Beam Cell+1"],"picked":"SKIP","floor":25},{"not_picked":["Force Field","Compile Driver"],"picked":"Coolheaded","floor":27}],"player_experience":876286,"relics_obtained":[{"floor":8,"key":"Pen Nib"},{"floor":9,"key":"DataDisk"},{"floor":13,"key":"Symbiotic Virus"},{"floor":23,"key":"Omamori"},{"floor":26,"key":"Oddly Smooth Stone"}],"event_choices":[{"damage_healed":0,"gold_gain":0,"player_choice":"Ignored","damage_taken":0,"max_hp_gain":0,"max_hp_loss":0,"event_name":"Liars Game","floor":3,"gold_loss":0},{"damage_healed":0,"gold_gain":0,"player_choice":"Gave Potion","damage_taken":0,"relics_obtained":["Meat on the Bone"],"max_hp_gain":0,"max_hp_loss":0,"event_name":"WeMeetAgain","floor":5,"gold_loss":0},{"damage_healed":0,"gold_gain":0,"player_choice":"Ignored","damage_taken":0,"max_hp_gain":0,"max_hp_loss":0,"event_name":"The Mausoleum","floor":22,"gold_loss":0}],"is_beta":false,"boss_relics":[{"not_picked":["FrozenCore","Calling Bell"],"picked":"Eternal Feather"}],"items_purged_floors":[],"is_endless":false,"potions_floor_spawned":[1,4,10,11,16,20,23,27],"killed_by":"Gremlin Leader","ascension_level":19}