{"gold_per_floor":[211,226,242,20,20,20,38,70,95,95,120,29,29,62,62,162,162,176,187,17,28,46,46,59,59,59,158,172,172,205,222,222,319,319,335,335,335,354,22,34,34,50,50,50,50,150,168,180,180,180],"floor_reached":50,"playtime":3920,"items_purged":["Strike_G"],"score":724,"play_id":"8237d0f6-8ab5-476c-8f59-acbcd26faf7c","local_time":"20190225003842","is_ascension_mode":true,"campfire_choices":[{"data":"Neutralize","floor":6,"key":"SMITH"},{"floor":10,"key":"REST"},{"floor":13,"key":"REST"},{"floor":15,"key":"REST"},{"floor":23,"key":"REST"},{"floor":25,"key":"REST"},{"data":"A Thousand Cuts","floor":32,"key":"SMITH"},{"floor":41,"key":"REST"},{"data":"Footwork","floor":45,"key":"SMITH"},{"floor":49,"key":"REST"}],"neow_cost":"NONE","seed_source_timestamp":3556701342425347,"circlet_count":0,"master_deck":["Defend_G","Defend_G","Defend_G","Defend_G","Defend_G","Strike_G","Strike_G","Strike_G","Survivor","Neutralize+1","Skewer","Slice","Dodge and Roll","Footwork+1","A Thousand Cuts+1","Cloak And Dagger","Cloak And Dagger","Caltrops","Infinite Blades","Deadly Poison","Adrenaline","Blur","Footwork","Sucker Punch","Dagger Throw","Quick Slash+1","Crippling Poison+1","Cloak And Dagger","Parasite","Deadly Poison+1","Well Laid Plans+1","Dodge and Roll"],"relics":["Ring of the Snake","Bag of Marbles","Dream Catcher","Bronze Scales","Odd Mushroom","Anchor","Happy Flower","Busted Crown","Sundial","Paper Crane","Orichalcum","Cursed Key","Gambling Chip","Question Card","Incense Burner"],"potions_floor_usage":[16,21,22,33,33,35,40,48,50],"damage_taken":[{"damage":0,"enemies":"Cultist","floor":1,"turns":4},{"damage":0,"enemies":"Jaw Worm","floor":2,"turns":4},{"damage":2,"enemies":"2 Louse","floor":3,"turns":3},{"damage":11,"enemies":"Gremlin Gang","floor":7,"turns":8},{"damage":18,"enemies":"Gremlin Nob","floor":8,"turns":4},{"damage":11,"enemies":"The Mushroom Lair","floor":11,"turns":4},{"damage":13,"enemies":"3 Sentries","floor":14,"turns":7},{"damage":30,"enemies":"Slime Boss","floor":16,"turns":11},{"damage":0,"enemies":"3 Byrds","floor":18,"turns":2},{"damage":12,"enemies":"Shell Parasite","floor":19,"turns":4},{"damage":11,"enemies":"Snecko","floor":21,"turns":7},{"damage":22,"enemies":"Snake Plant","floor":22,"turns":4},{"damage":6,"enemies":"Cultist and Chosen","floor":24,"turns":6},{"damage":0,"enemies":"Sentry and Sphere","floor":28,"turns":7},{"damage":0,"enemies":"Book of Stabbing","floor":30,"turns":5},{"damage":6,"enemies":"Centurion and Healer","floor":31,"turns":7},{"damage":41,"enemies":"Collector","floor":33,"turns":12},{"damage":1,"enemies":"Orb Walker","floor":35,"turns":4},{"damage":0,"enemies":"3 Shapes","floor":38,"turns":5},{"damage":9,"enemies":"Sphere and 2 Shapes","floor":40,"turns":6},{"damage":0,"enemies":"Jaw Worm Horde","floor":42,"turns":3},{"damage":0,"enemies":"Mind Bloom Boss Battle","floor":46,"turns":8},{"damage":45,"enemies":"4 Shapes","floor":47,"turns":6},{"damage":0,"enemies":"Transient","floor":48,"turns":5},{"damage":38,"enemies":"Time Eater","floor":50,"turns":15}],"seed_played":"8455104375946366680","potions_obtained":[{"floor":14,"key":"Energy Potion"},{"floor":18,"key":"Regen Potion"},{"floor":19,"key":"Weak Potion"},{"floor":24,"key":"Energy Potion"},{"floor":28,"key":"Strength Potion"},{"floor":33,"key":"EssenceOfSteel"},{"floor":38,"key":"EssenceOfSteel"},{"floor":40,"key":"PowerPotion"},{"floor":48,"key":"EssenceOfSteel"}],"is_trial":false,"path_per_floor":["M","M","M","$","?","R","M","E","T","R","?","?","R","E","R","B",null,"M","M","$","M","M","R","M","R","T","?","M","T","E","M","R","B",null,"M","?","?","M","$","M","R","M","T","?","R","?","M","M","R","B"],"character_chosen":"THE_SILENT","items_purchased":["Footwork","Bag of Marbles","Footwork","Sucker Punch","Cloak And Dagger","Gambling Chip"],"campfire_rested":7,"item_purchase_floors":[4,4,20,20,39,39],"current_hp_per_floor":[63,63,61,61,54,54,43,25,25,46,35,35,56,43,64,34,61,61,49,49,38,28,49,43,64,64,64,64,64,64,58,58,17,57,56,51,51,51,51,42,63,63,63,63,63,63,18,18,37,0],"gold":180,"neow_bonus":"HUNDRED_GOLD","is_prod":false,"is_daily":false,"chose_seed":false,"campfire_upgraded":3,"win_rate":0,"timestamp":1551073122,"path_taken":["M","M","M","$","?","R","M","E","T","R","?","?","R","E","R","BOSS","M","M","$","?","M","R","M","R","T","?","M","?","E","M","R","BOSS","M","?","?","M","$","M","R","M","T","?","R","?","?","M","R","BOSS"],"build_version":"2019-02-06","purchased_purges":1,"victory":false,"max_hp_per_floor":[70,70,70,70,70,70,70,70,70,70,70,70,70,70,70,70,70,70,70,70,70,70,70,70,70,70,70,70,70,70,70,70,70,70,70,70,70,70,70,70,70,70,70,66,66,66,66,66,66,66],"card_choices":[{"not_picked":["Quick Slash","PiercingWail"],"picked":"Skewer","floor":1},{"not_picked":["Prepared","Flying Knee"],"picked":"Slice","floor":2},{"not_picked":["Slice","Bouncing Flask"],"picked":"Dodge and Roll","floor":3},{"not_picked":["Terror","Prepared","Bane"],"picked":"SKIP","floor":7},{"not_picked":["Prepared","Blur"],"picked":"A Thousand Cuts","floor":8},{"not_picked":["Tactician","Acrobatics"],"picked":"Cloak And Dagger","floor":10},{"not_picked":["Flying Knee","Dash"],"picked":"Cloak And Dagger","floor":11},{"not_picked":["Dagger Throw","Flying Knee"],"picked":"Caltrops","floor":13},{"not_picked":["Unload","Quick Slash"],"picked":"Infinite Blades","floor":14},{"not_picked":["Dagger Throw","Dagger Spray"],"picked":"Deadly Poison","floor":15},{"not_picked":["Bullet Time","Burst"],"picked":"Adrenaline","floor":16},{"not_picked":["Prepared"],"picked":"SKIP","floor":18},{"not_picked":[],"picked":"Blur","floor":19},{"not_picked":["Deadly Poison"],"picked":"SKIP","floor":21},{"not_picked":["Setup+1"],"picked":"SKIP","floor":22},{"not_picked":["Bane"],"picked":"SKIP","floor":24},{"not_picked":[],"picked":"Dagger Throw","floor":28},{"not_picked":["Prepared"],"picked":"SKIP","floor":30},{"not_picked":["Finisher+1"],"picked":"SKIP","floor":31},{"not_picked":[],"picked":"Quick Slash+1","floor":35},{"not_picked":[],"picked":"Crippling Poison+1","floor":38},{"not_picked":["All Out Attack"],"picked":"SKIP","floor":40},{"not_picked":["Underhanded Strike+1"],"picked":"SKIP","floor":42},{"not_picked":["Masterful Stab"],"picked":"Deadly Poison+1","floor":46},{"not_picked":["Prepared+1"],"picked":"Well Laid Plans+1","floor":47},{"not_picked":["Slice+1","Escape Plan+1"],"picked":"SKIP","floor":48},{"not_picked":["Outmaneuver"],"picked":"Dodge and Roll","floor":49}],"player_experience":236303,"relics_obtained":[{"floor":8,"key":"Dream Catcher"},{"floor":9,"key":"Bronze Scales"},{"floor":11,"key":"Odd Mushroom"},{"floor":14,"key":"Happy Flower"},{"floor":26,"key":"Sundial"},{"floor":29,"key":"Paper Crane"},{"floor":30,"key":"Orichalcum"},{"floor":43,"key":"Question Card"},{"floor":46,"key":"Incense Burner"}],"event_choices":[{"cards_removed":["Strike_G"],"damage_healed":0,"gold_gain":0,"player_choice":"Card Removal","damage_taken":7,"max_hp_gain":0,"max_hp_loss":0,"event_name":"Golden Wing","floor":5,"gold_loss":0},{"damage_healed":0,"gold_gain":0,"player_choice":"Fought Mushrooms","damage_taken":0,"max_hp_gain":0,"max_hp_loss":0,"event_name":"Mushrooms","floor":11,"gold_loss":0},{"damage_healed":0,"gold_gain":0,"player_choice":"Paid Gold","damage_taken":0,"relics_obtained":["Anchor"],"max_hp_gain":0,"max_hp_loss":0,"event_name":"WeMeetAgain","floor":12,"gold_loss":91},{"damage_healed":0,"gold_gain":99,"player_choice":"Stole From Cult","damage_taken":0,"max_hp_gain":0,"max_hp_loss":0,"event_name":"Nest","floor":27,"gold_loss":0},{"damage_healed":0,"gold_gain":0,"player_choice":"Memory 2","damage_taken":5,"max_hp_gain":0,"max_hp_loss":0,"event_name":"SensoryStone","floor":36,"gold_loss":0},{"damage_healed":0,"gold_gain":0,"player_choice":"Ignored","damage_taken":0,"max_hp_gain":0,"max_hp_loss":0,"event_name":"Tomb of Lord Red Mask","floor":37,"gold_loss":0},{"damage_healed":0,"gold_gain":0,"player_choice":"Max HP","damage_taken":0,"max_hp_gain":0,"max_hp_loss":4,"event_name":"Winding Halls","floor":44,"gold_loss":0},{"damage_healed":0,"gold_gain":0,"player_choice":"Fight","damage_taken":0,"max_hp_gain":0,"max_hp_loss":0,"event_name":"MindBloom","floor":46,"gold_loss":0}],"is_beta":true,"boss_relics":[{"not_picked":["Ectoplasm","Eternal Feather"],"picked":"Busted Crown"},{"not_picked":["Ring of the Serpent","Sozu"],"picked":"Cursed Key"}],"items_purged_floors":[20],"is_endless":false,"potions_floor_spawned":[14,18,19,24,28,33,38,40,48],"killed_by":"Time Eater","ascension_level":9}