{"gold_per_floor":[116,116,128,139,158,193,193,193,193,38,54,84,84,104,104,203,203,220,233,247,258,173,173,203,203,203,203],"floor_reached":27,"playtime":2355,"items_purged":[],"score":307,"play_id":"dd997931-03d9-4ee9-9ec0-abe32764dbd3","local_time":"20190221010519","is_ascension_mode":true,"campfire_choices":[{"floor":8,"key":"REST"},{"data":"Defragment","floor":13,"key":"SMITH"},{"floor":15,"key":"REST"},{"data":"Defragment","floor":23,"key":"SMITH"},{"floor":25,"key":"REST"}],"neow_cost":"NONE","seed_source_timestamp":501689116694031,"circlet_count":0,"master_deck":["Defend_B","Defend_B","Defend_B+1","Zap","Dualcast","Cold Snap","BootSequence+1","Defragment+1","Doom and Gloom","Defragment","Conserve Battery+1","Defragment+1","Echo Form","Double Energy+1","Undo+1","Force Field+1","White Noise+1","Skim+1","Defragment+1"],"relics":["Cracked Core","Peace Pipe","Dead Branch","Oddly Smooth Stone","Toxic Egg 2","Astrolabe","Sundial","Potion Belt","Ornamental Fan"],"potions_floor_usage":[6,12,16,20,24,24,24],"damage_taken":[{"damage":8,"enemies":"Small Slimes","floor":1,"turns":3},{"damage":0,"enemies":"Cultist","floor":3,"turns":3},{"damage":0,"enemies":"2 Louse","floor":4,"turns":2},{"damage":18,"enemies":"Exordium Wildlife","floor":5,"turns":7},{"damage":15,"enemies":"Lagavulin","floor":6,"turns":7},{"damage":4,"enemies":"Gremlin Gang","floor":11,"turns":3},{"damage":1,"enemies":"3 Sentries","floor":12,"turns":6},{"damage":0,"enemies":"Looter","floor":14,"turns":3},{"damage":6,"enemies":"The Guardian","floor":16,"turns":9},{"damage":0,"enemies":"Shell Parasite","floor":18,"turns":6},{"damage":0,"enemies":"3 Byrds","floor":19,"turns":2},{"damage":28,"enemies":"Cultist and Chosen","floor":20,"turns":6},{"damage":10,"enemies":"Snake Plant","floor":21,"turns":7},{"damage":32,"enemies":"Slavers","floor":24,"turns":7},{"damage":41,"enemies":"Gremlin Leader","floor":27,"turns":7}],"seed_played":"9129648986275807347","potions_obtained":[{"floor":3,"key":"PowerPotion"},{"floor":6,"key":"SpeedPotion"},{"floor":11,"key":"Dexterity Potion"},{"floor":12,"key":"Energy Potion"},{"floor":14,"key":"Block Potion"},{"floor":16,"key":"Poison Potion"},{"floor":21,"key":"EssenceOfSteel"}],"is_trial":false,"path_per_floor":["M","?","M","M","M","E","?","R","T","$","M","E","R","M","R","B",null,"M","M","M","M","?","R","E","R","T","E"],"character_chosen":"DEFECT","items_purchased":["Oddly Smooth Stone"],"campfire_rested":3,"item_purchase_floors":[10],"current_hp_per_floor":[67,67,67,67,49,34,19,41,41,41,37,36,36,36,58,52,75,75,75,47,37,37,37,5,27,27,0],"gold":203,"neow_bonus":"REMOVE_CARD","is_prod":false,"is_daily":false,"chose_seed":false,"campfire_upgraded":2,"win_rate":0,"timestamp":1550707519,"path_taken":["M","?","M","?","M","E","?","R","T","$","M","E","R","M","R","BOSS","M","M","M","M","?","R","E","R","T","E"],"build_version":"2019-01-23","purchased_purges":0,"victory":false,"max_hp_per_floor":[75,75,75,75,75,75,75,75,75,75,75,75,75,75,75,75,75,75,75,75,75,75,75,75,75,75,75],"card_choices":[{"not_picked":["Beam Cell","Steam"],"picked":"Cold Snap","floor":1},{"not_picked":["Recycle","Barrage"],"picked":"BootSequence","floor":3},{"not_picked":["Static Discharge","Go for the Eyes"],"picked":"Defragment","floor":4},{"not_picked":["Hologram","Heatsinks"],"picked":"Doom and Gloom","floor":5},{"not_picked":["Double Energy","Leap","Cold Snap"],"picked":"SKIP","floor":6},{"not_picked":["Fusion","Creative AI"],"picked":"Defragment","floor":11},{"not_picked":["Storm","Go for the Eyes"],"picked":"Conserve Battery","floor":12},{"not_picked":["Sweeping Beam","Steam+1"],"picked":"Defragment","floor":14},{"not_picked":["Machine Learning","Thunder Strike"],"picked":"Echo Form","floor":16},{"not_picked":["Blizzard","Stack+1","Coolheaded+1"],"picked":"SKIP","floor":18},{"not_picked":["Reprogram+1","Sweeping Beam+1","Chill+1"],"picked":"SKIP","floor":19},{"not_picked":["Sweeping Beam+1","Ball Lightning+1"],"picked":"White Noise+1","floor":20},{"not_picked":["Hologram+1","Undo+1"],"picked":"Skim+1","floor":21},{"not_picked":["Chaos+1","Streamline"],"picked":"Defragment+1","floor":24}],"player_experience":265745,"relics_obtained":[{"floor":6,"key":"Peace Pipe"},{"floor":9,"key":"Dead Branch"},{"floor":12,"key":"Toxic Egg 2"},{"floor":24,"key":"Potion Belt"},{"floor":26,"key":"Ornamental Fan"}],"event_choices":[{"cards_removed":["Strike_B"],"damage_healed":0,"gold_gain":0,"player_choice":"Purged","damage_taken":0,"max_hp_gain":0,"max_hp_loss":0,"event_name":"Purifier","floor":2,"gold_loss":0},{"damage_healed":0,"gold_gain":0,"player_choice":"Entered Light","damage_taken":15,"max_hp_gain":0,"max_hp_loss":0,"event_name":"Shining Light","floor":7,"gold_loss":0,"cards_upgraded":["BootSequence","Defend_B"]},{"damage_healed":0,"gold_gain":0,"player_choice":"Obtained Relic","damage_taken":0,"relics_obtained":["Sundial"],"max_hp_gain":0,"max_hp_loss":0,"event_name":"Addict","floor":22,"gold_loss":85}],"is_beta":false,"boss_relics":[{"not_picked":["Pandora\u0027s Box","Fusion Hammer"],"picked":"Astrolabe"}],"items_purged_floors":[],"is_endless":false,"potions_floor_spawned":[3,6,11,12,14,16,19,21],"killed_by":"Gremlin Leader","ascension_level":3}