{"path_per_floor":["M","M","?","?","M","R","M","R","T","M","E","M","$","M","R","B",null,"M","$","M","?","?","M","R","?","T","R","E","?","M","?","R"],"character_chosen":"DEFECT","items_purchased":[],"gold_per_floor":[114,128,128,128,139,139,159,159,206,220,248,259,184,200,200,301,301,312,212,224,224,224,235,235,235,235,235,270,195,209,209,209,209],"floor_reached":33,"campfire_rested":1,"playtime":1490,"item_purchase_floors":[],"current_hp_per_floor":[74,67,60,45,45,45,45,45,45,47,45,41,41,35,35,21,75,70,70,72,72,72,71,71,75,75,75,58,58,30,30,52,0],"items_purged":["Defend_B","Strike_B"],"gold":209,"score":267,"play_id":"27914f23-ff8f-4ead-90a9-86344f47094e","local_time":"20180603213312","is_prod":false,"is_daily":false,"chose_seed":false,"is_ascension_mode":false,"campfire_upgraded":5,"win_rate":0,"timestamp":1528086792,"campfire_choices":[{"data":"Chaos","floor":6,"key":"SMITH"},{"data":"Coolheaded","floor":8,"key":"SMITH"},{"data":"Consume","floor":15,"key":"SMITH"},{"data":"Gash","floor":24,"key":"SMITH"},{"data":"Dualcast","floor":27,"key":"SMITH"},{"floor":32,"key":"REST"}],"path_taken":["M","M","?","?","?","R","M","R","T","?","E","M","$","M","R","BOSS","M","$","M","?","?","?","R","?","T","R","E","?","M","?","R","BOSS"],"build_version":"2018-05-30v2","seed_source_timestamp":544604662117541,"purchased_purges":2,"victory":false,"master_deck":["Defend_B","Defend_B+1","Defend_B+1","Zap+1","Dualcast+1","Chaos+1","Coolheaded+1","Consume+1","Gash+1"],"max_hp_per_floor":[75,75,75,75,75,75,75,75,75,75,75,75,75,75,75,75,75,75,75,75,75,75,75,75,75,75,75,75,75,75,75,75,75],"relics":["Cracked Core","Blood Vial","Art of War","Cursed Key","Ornamental Fan"],"card_choices":[{"not_picked":["Turbo","Barrage"],"picked":"Chaos","floor":1},{"not_picked":["Hologram","Blizzard","Tempest"],"picked":"SKIP","floor":2},{"not_picked":["Redo","Sweeping Beam","Go for the Eyes"],"picked":"SKIP","floor":5},{"not_picked":["Turbo","Melter"],"picked":"Coolheaded","floor":7},{"not_picked":["Buffer","Rip and Tear"],"picked":"Consume","floor":10},{"not_picked":["Ball Lightning","Sweeping Beam","Hologram"],"picked":"SKIP","floor":11},{"not_picked":["Sweeping Beam","Turbo","Force Field"],"picked":"SKIP","floor":12},{"not_picked":["Ball Lightning","Skim"],"picked":"Gash","floor":14},{"not_picked":["Glacier+1","Barrage","Gash+1"],"picked":"SKIP","floor":18},{"not_picked":["Steam Power","Stack","Gash+1"],"picked":"SKIP","floor":20},{"not_picked":["Ball Lightning","Blizzard+1","Leap"],"picked":"SKIP","floor":23},{"not_picked":["Self Repair+1","Barrage","Redo+1"],"picked":"SKIP","floor":28},{"not_picked":["Cold Snap","Compile Driver","Turbo+1"],"picked":"SKIP","floor":30}],"player_experience":1757530,"potions_floor_usage":[16,18,28,33,33],"damage_taken":[{"damage":1,"enemies":"Jaw Worm","floor":1,"turns":3},{"damage":7,"enemies":"2 Louse","floor":2,"turns":3},{"damage":0,"enemies":"Small Slimes","floor":5,"turns":3},{"damage":0,"enemies":"3 Louse","floor":7,"turns":3},{"damage":0,"enemies":"Red Slaver","floor":10,"turns":3},{"damage":4,"enemies":"3 Sentries","floor":11,"turns":8},{"damage":6,"enemies":"Exordium Thugs","floor":12,"turns":4},{"damage":8,"enemies":"Blue Slaver","floor":14,"turns":3},{"damage":16,"enemies":"Hexaghost","floor":16,"turns":10},{"damage":5,"enemies":"2 Thieves","floor":18,"turns":4},{"damage":0,"enemies":"Spheric Guardian","floor":20,"turns":4},{"damage":3,"enemies":"Snake Plant","floor":23,"turns":4},{"damage":17,"enemies":"Slavers","floor":28,"turns":6},{"damage":30,"enemies":"Chosen and Byrds","floor":30,"turns":7},{"damage":75,"enemies":"Champ","floor":33,"turns":13}],"relics_obtained":[{"floor":9,"key":"Blood Vial"},{"floor":11,"key":"Art of War"},{"floor":28,"key":"Ornamental Fan"}],"event_choices":[{"event_name":"Golden Wing","player_choice":"Card Removal","floor":3,"damage_taken":0},{"event_name":"Shining Light","player_choice":"Entered Light","floor":4,"damage_taken":0},{"event_name":"Back to Basics","player_choice":"Elegance","floor":21,"damage_taken":0},{"event_name":"Drug Dealer","player_choice":"Ignored","floor":22,"damage_taken":0},{"event_name":"The Library","player_choice":"Heal","floor":25,"damage_taken":0},{"event_name":"Beggar","player_choice":"Gave Gold","floor":29,"damage_taken":0},{"event_name":"Ghosts","player_choice":"Ignored","floor":31,"damage_taken":0}],"boss_relics":[{"not_picked":["Astrolabe","Philosopher\u0027s Stone"],"picked":"Cursed Key"}],"items_purged_floors":[13,19],"potions_floor_spawned":[1,5,11,12,16,18,23,30],"seed_played":"8752935882744537716","killed_by":"Champ","ascension_level":0,"potions_obtained":[{"floor":1,"key":"Explosive Potion"},{"floor":5,"key":"GamblersBrew"},{"floor":11,"key":"Dexterity Potion"},{"floor":16,"key":"FearPotion"},{"floor":18,"key":"Ancient Potion"},{"floor":30,"key":"AttackPotion"}],"is_trial":false}