{"gold_per_floor":[109,120,132,150,164,164,182,211,235,249,276,287,287,33,33,33],"floor_reached":16,"playtime":1554,"items_purged":[],"score":106,"play_id":"7b793561-f12d-47dd-85fd-b16c3a5e93f2","local_time":"20190216110031","is_ascension_mode":false,"campfire_choices":[{"data":"Dualcast","floor":6,"key":"SMITH"},{"floor":13,"key":"REST"},{"data":"White Noise","floor":15,"key":"SMITH"}],"neow_cost":"NONE","seed_source_timestamp":106196306967245,"circlet_count":0,"master_deck":["Strike_B","Strike_B","Strike_B","Defend_B","Defend_B","Defend_B","Defend_B","Zap","Dualcast+1","Conserve Battery","Melter","Beam Cell","Cold Snap","FTL","Hologram","White Noise+1","Consume","Chaos","Biased Cognition"],"relics":["Cracked Core","Pen Nib","Blood Vial","Odd Mushroom","Bottled Lightning"],"potions_floor_usage":[8,8,16,16],"damage_taken":[{"damage":1,"enemies":"Cultist","floor":1,"turns":3},{"damage":0,"enemies":"2 Louse","floor":2,"turns":2},{"damage":0,"enemies":"Jaw Worm","floor":3,"turns":3},{"damage":6,"enemies":"Large Slime","floor":4,"turns":4},{"damage":7,"enemies":"3 Louse","floor":5,"turns":4},{"damage":2,"enemies":"Blue Slaver","floor":7,"turns":3},{"damage":10,"enemies":"Lagavulin","floor":8,"turns":5},{"damage":0,"enemies":"Exordium Wildlife","floor":10,"turns":3},{"damage":26,"enemies":"The Mushroom Lair","floor":11,"turns":5},{"damage":1,"enemies":"Large Slime","floor":12,"turns":3},{"damage":59,"enemies":"Slime Boss","floor":16,"turns":12}],"seed_played":"-5662305880427434032","potions_obtained":[{"floor":4,"key":"PowerPotion"},{"floor":5,"key":"AttackPotion"},{"floor":8,"key":"Weak Potion"},{"floor":12,"key":"SkillPotion"}],"is_trial":false,"path_per_floor":["M","M","M","M","M","R","M","E","T","M","?","M","R","$","R","B"],"character_chosen":"DEFECT","items_purchased":["Bottled Lightning"],"campfire_rested":1,"item_purchase_floors":[14],"current_hp_per_floor":[74,74,74,68,61,61,59,49,49,51,27,28,50,50,50,0],"gold":33,"neow_bonus":"REMOVE_CARD","is_prod":false,"is_daily":false,"chose_seed":false,"campfire_upgraded":2,"win_rate":0.0,"timestamp":1550311231,"path_taken":["M","M","M","M","M","R","?","E","T","M","?","M","R","$","R","BOSS"],"build_version":"2019-01-23","purchased_purges":0,"victory":false,"max_hp_per_floor":[75,75,75,75,75,75,75,75,75,75,75,75,75,75,75,75],"card_choices":[{"not_picked":["Turbo","Leap"],"picked":"Conserve Battery","floor":1},{"not_picked":["Hologram","Sunder"],"picked":"Melter","floor":2},{"not_picked":["Glacier","Fission"],"picked":"Beam Cell","floor":3},{"not_picked":["Compile Driver","Turbo"],"picked":"Cold Snap","floor":4},{"not_picked":["Turbo","Heatsinks"],"picked":"FTL","floor":5},{"not_picked":["Barrage","Storm"],"picked":"Hologram","floor":7},{"not_picked":["Coolheaded","Rebound"],"picked":"White Noise","floor":8},{"not_picked":["Fusion","Heatsinks"],"picked":"Consume","floor":10},{"not_picked":["Barrage","Steam"],"picked":"Chaos","floor":11},{"not_picked":["Rip and Tear","Barrage"],"picked":"Biased Cognition","floor":12}],"player_experience":16183,"relics_obtained":[{"floor":8,"key":"Pen Nib"},{"floor":9,"key":"Blood Vial"},{"floor":11,"key":"Odd Mushroom"}],"event_choices":[{"damage_healed":0,"gold_gain":0,"player_choice":"Fought Mushrooms","damage_taken":0,"max_hp_gain":0,"max_hp_loss":0,"event_name":"Mushrooms","floor":11,"gold_loss":0}],"is_beta":false,"boss_relics":[],"items_purged_floors":[],"is_endless":false,"potions_floor_spawned":[4,5,8,12],"killed_by":"Slime Boss","ascension_level":0}