{"gold_per_floor":[116,116,130,55,69,100,100,117,167,67,92,104,145,168,180,293,305,334,121,121,121,121,121,139,139,192,210,230,230,230,31,31,129,129,146,165,76,76,89,89,0,0,24,24,24,35,135,152,152,152],"floor_reached":51,"playtime":2909,"items_purged":["Strike_G","Strike_G"],"score":716,"play_id":"0cb2031d-7b7f-4bc1-ae65-133b1e0d573f","local_time":"20190228120602","is_ascension_mode":true,"campfire_choices":[{"floor":7.0,"key":"REST"},{"data":"Deadly Poison","floor":12.0,"key":"SMITH"},{"floor":15.0,"key":"REST"},{"floor":23.0,"key":"REST"},{"floor":25.0,"key":"REST"},{"data":"Catalyst","floor":30.0,"key":"SMITH"},{"floor":32.0,"key":"REST"},{"floor":40,"key":"REST"},{"floor":42,"key":"REST"},{"data":"After Image","floor":45,"key":"SMITH"},{"data":"Footwork","floor":49,"key":"SMITH"}],"neow_cost":"NONE","seed_source_timestamp":0,"circlet_count":0,"master_deck":["Defend_G","Defend_G","Defend_G","Survivor","Neutralize","Deadly Poison+1","Deflect","Dash+1","Noxious Fumes","Poisoned Stab+1","Adrenaline","Poisoned Stab+1","Footwork+1","Necronomicurse","After Image+1","Catalyst+1","Leg Sweep+1","Dash+1","Bandage Up","Poisoned Stab+1"],"special_seed":0,"relics":["Runic Pyramid","Molten Egg 2","Happy Flower","MawBank","Anchor","HoveringKite","TheAbacus","MutagenicStrength","Necronomicon","Ancient Tea Set","Snake Skull","Empty Cage","Vajra"],"potions_floor_usage":[50,50,50],"damage_taken":[{"damage":0.0,"enemies":"Small Slimes","floor":1.0,"turns":5.0},{"damage":0.0,"enemies":"Cultist","floor":3.0,"turns":4.0},{"damage":2.0,"enemies":"2 Louse","floor":5.0,"turns":4.0},{"damage":12.0,"enemies":"Lagavulin","floor":6.0,"turns":8.0},{"damage":2.0,"enemies":"2 Fungi Beasts","floor":8.0,"turns":4.0},{"damage":1.0,"enemies":"3 Sentries","floor":13.0,"turns":10.0},{"damage":11.0,"enemies":"Large Slime","floor":14.0,"turns":6.0},{"damage":14.0,"enemies":"Hexaghost","floor":16.0,"turns":8.0},{"damage":7.0,"enemies":"Chosen","floor":18.0,"turns":5.0},{"damage":18.0,"enemies":"2 Thieves","floor":24.0,"turns":4.0},{"damage":9.0,"enemies":"Snake Plant","floor":27.0,"turns":4.0},{"damage":0.0,"enemies":"Chosen and Byrds","floor":28.0,"turns":6.0},{"damage":23.0,"enemies":"Automaton","floor":33.0,"turns":9.0},{"damage":24,"enemies":"3 Shapes","floor":35,"turns":6},{"damage":9,"enemies":"Orb Walker","floor":36,"turns":5},{"damage":5,"enemies":"3 Darklings","floor":39,"turns":4},{"damage":2,"enemies":"Writhing Mass","floor":46,"turns":5},{"damage":0,"enemies":"Maw","floor":48,"turns":6},{"damage":19,"enemies":"Time Eater","floor":50,"turns":16}],"seed_played":"-1506072556713335441","potions_obtained":[{"floor":3.0,"key":"LiquidBronze"},{"floor":6.0,"key":"Explosive Potion"},{"floor":24.0,"key":"EssenceOfSteel"},{"floor":27.0,"key":"Block Potion"},{"floor":35,"key":"LiquidBronze"},{"floor":48,"key":"Fire Potion"}],"is_trial":false,"path_per_floor":["M","?","M","$","M","E","R","M","T","$","T","R","E","M","R","B",null,"M","$","?","?","?","R","M","R","T","M","M","?","R","$","R","B",null,"M","M","$","?","M","R","$","R","T","$","R","M","?","M","R","B",null],"character_chosen":"THE_SILENT","items_purchased":["Footwork","TheAbacus","Snake Skull","Poison Potion","Dash+1","Dexterity Potion","Bandage Up"],"campfire_rested":7,"item_purchase_floors":[19,19,31,31,37,37,41],"current_hp_per_floor":[70,70,70,70,68,56,70,68,68,68,68,68,67,56,70,56,70,63,63,63,47,47,68,50,70,70,61,61,61,61,61,70,47,70,46,37,37,37,32,53,53,70,70,70,70,68,68,70,70,55],"gold":152,"neow_bonus":"BOSS_RELIC","is_prod":false,"is_daily":false,"chose_seed":false,"campfire_upgraded":4,"win_rate":0,"timestamp":1551326762,"path_taken":["M","?","M","$","M","E","R","?","T","$","?","R","E","M","R","BOSS","M","$","?","?","?","R","?","R","T","M","M","?","R","$","R","BOSS","M","M","$","?","M","R","?","R","T","$","R","M","?","M","R","BOSS"],"build_version":"2019-01-23","purchased_purges":2,"victory":true,"max_hp_per_floor":[70,70,70,70,70,70,70,70,70,70,70,70,70,70,70,70,70,70,70,70,70,70,70,70,70,70,70,70,70,70,70,70,70,70,70,70,70,70,70,70,70,70,70,70,70,70,70,70,70,70],"card_choices":[{"not_picked":["Bane","Predator"],"picked":"Deadly Poison","floor":1.0},{"not_picked":["Calculated Gamble","Prepared"],"picked":"Deflect","floor":3.0},{"not_picked":["Blade Dance","Unload","Concentrate"],"picked":"SKIP","floor":5.0},{"not_picked":["Calculated Gamble","Dagger Spray","Blade Dance"],"picked":"SKIP","floor":6.0},{"not_picked":["Leg Sweep","Choke+1"],"picked":"Dash+1","floor":8.0},{"not_picked":["Catalyst","Storm of Steel"],"picked":"Noxious Fumes","floor":13.0},{"not_picked":["Flying Knee+1","Slice+1"],"picked":"Poisoned Stab+1","floor":14.0},{"not_picked":["Storm of Steel","A Thousand Cuts"],"picked":"Adrenaline","floor":16.0},{"not_picked":["Underhanded Strike+1","Dodge and Roll"],"picked":"Poisoned Stab+1","floor":18.0},{"not_picked":["Masterful Stab+1","Finisher+1"],"picked":"After Image","floor":24.0},{"not_picked":["Flying Knee+1","Bouncing Flask"],"picked":"Catalyst","floor":27.0},{"not_picked":["Setup","Terror","Finisher+1"],"picked":"SKIP","floor":28.0},{"not_picked":["Flying Knee+1","Backflip+1"],"picked":"Leg Sweep+1","floor":35},{"not_picked":["Finisher+1","Well Laid Plans","Terror"],"picked":"SKIP","floor":36},{"not_picked":["Backflip","Endless Agony+1","Dagger Throw+1"],"picked":"SKIP","floor":39},{"not_picked":["Cloak And Dagger+1","Dash+1"],"picked":"Poisoned Stab+1","floor":46},{"not_picked":["PiercingWail","Cloak And Dagger","Outmaneuver"],"picked":"SKIP","floor":48}],"player_experience":105954,"relics_obtained":[{"floor":6.0,"key":"Molten Egg 2"},{"floor":9.0,"key":"Happy Flower"},{"floor":11.0,"key":"MawBank"},{"floor":13.0,"key":"Anchor"},{"floor":21.0,"key":"Necronomicon"},{"floor":26.0,"key":"Ancient Tea Set"},{"floor":43,"key":"Vajra"}],"event_choices":[{"cards_removed":["Strike_G"],"damage_healed":0.0,"max_hp_gain":0.0,"max_hp_loss":0.0,"gold_gain":0.0,"event_name":"Bonfire Elementals","player_choice":"Offered Basic","floor":2.0,"gold_loss":0.0,"damage_taken":0.0},{"damage_healed":0.0,"max_hp_gain":0.0,"max_hp_loss":0.0,"gold_gain":0.0,"event_name":"Drug Dealer","player_choice":"Inject Mutagens","floor":20.0,"gold_loss":0.0,"damage_taken":0.0,"relics_obtained":["MutagenicStrength"]},{"damage_healed":0.0,"max_hp_gain":0.0,"max_hp_loss":0.0,"gold_gain":0.0,"event_name":"Cursed Tome","player_choice":"Obtained Book","floor":21.0,"gold_loss":0.0,"damage_taken":16.0},{"cards_removed":["Strike_G"],"damage_healed":0.0,"max_hp_gain":0.0,"max_hp_loss":0.0,"gold_gain":0.0,"event_name":"Purifier","player_choice":"Purged","floor":22.0,"gold_loss":0.0,"damage_taken":0.0},{"damage_healed":0.0,"max_hp_gain":0.0,"max_hp_loss":0.0,"gold_gain":0.0,"event_name":"Match and Keep!","player_choice":"0 cards matched","floor":29.0,"gold_loss":0.0,"damage_taken":0.0,"cards_obtained":[]},{"cards_removed":["Defend_G"],"damage_healed":0,"gold_gain":0,"player_choice":"Card Removal","damage_taken":0,"max_hp_gain":0,"max_hp_loss":0,"event_name":"Wheel of Change","floor":38,"gold_loss":0},{"damage_healed":0,"gold_gain":100,"player_choice":"Pray","damage_taken":0,"max_hp_gain":0,"max_hp_loss":0,"event_name":"Golden Shrine","floor":47,"gold_loss":0}],"is_beta":false,"boss_relics":[{"not_picked":["Fusion Hammer","Snecko Eye"],"picked":"HoveringKite"},{"not_picked":["Busted Crown","Runic Dome"],"picked":"Empty Cage"}],"items_purged_floors":[4,10],"is_endless":false,"potions_floor_spawned":[3,6,24,27,35,48],"ascension_level":2}