{"gold_per_floor":[116,134,16,16,16,16,0,32,32,61,61,5,5,25,25,97,97,109,109,21,36,36,71,71,94,118,136,136,154,170,201,201,277,277,290,290,81,92,12,12,12,12,12,12,12],"floor_reached":45,"playtime":2540,"items_purged":["Strike_R"],"score":890,"play_id":"989884fe-3894-48fa-bd86-c119ff3b91b6","local_time":"20190221135812","is_ascension_mode":true,"campfire_choices":[{"data":"Immolate","floor":6,"key":"SMITH"},{"data":"Shockwave","floor":11,"key":"SMITH"},{"data":"Warcry","floor":13,"key":"SMITH"},{"data":"Headbutt","floor":15,"key":"SMITH"},{"data":"Corruption","floor":24,"key":"SMITH"},{"data":"Bite","floor":28,"key":"SMITH"},{"data":"Entrench","floor":32,"key":"SMITH"},{"data":"Bite","floor":40,"key":"SMITH"},{"data":"Armaments","floor":42,"key":"SMITH"}],"neow_cost":"NONE","seed_source_timestamp":49589734344950,"circlet_count":0,"master_deck":["AscendersBane","Defend_R+1","Defend_R","Defend_R+1","Defend_R","Bash","Headbutt+1","Immolate+1","Shockwave+1","Warcry+1","Corruption+1","Armaments+1","Bite+1","Bite+1","Bite","Bite","Bite","Inflame","Shrug It Off","Entrench+1","Barricade+1","True Grit+1","Shrug It Off","Inflame","Bash"],"relics":["Burning Blood","Orichalcum","Bottled Flame","War Paint","Coffee Dripper","Bag of Preparation","Champion Belt","Strawberry","Juzu Bracelet","Runic Cube","HandDrill","Ornamental Fan"],"potions_floor_usage":[10,30,31,33,33],"damage_taken":[{"damage":7,"enemies":"Small Slimes","floor":1,"turns":5},{"damage":1,"enemies":"2 Louse","floor":2,"turns":2},{"damage":30,"enemies":"Lagavulin","floor":8,"turns":6},{"damage":7,"enemies":"3 Sentries","floor":10,"turns":3},{"damage":0,"enemies":"Cultist","floor":14,"turns":3},{"damage":9,"enemies":"Slime Boss","floor":16,"turns":7},{"damage":10,"enemies":"Spheric Guardian","floor":18,"turns":4},{"damage":8,"enemies":"Chosen","floor":21,"turns":4},{"damage":70,"enemies":"Book of Stabbing","floor":23,"turns":6},{"damage":12,"enemies":"Snake Plant","floor":27,"turns":3},{"damage":12,"enemies":"Centurion and Healer","floor":29,"turns":6},{"damage":21,"enemies":"Sentry and Sphere","floor":30,"turns":5},{"damage":28,"enemies":"Slavers","floor":31,"turns":2},{"damage":77,"enemies":"Collector","floor":33,"turns":11},{"damage":5,"enemies":"3 Darklings","floor":35,"turns":4},{"damage":14,"enemies":"3 Shapes","floor":38,"turns":6},{"damage":92,"enemies":"Giant Head","floor":45,"turns":8}],"seed_played":"3585878959037205847","potions_obtained":[{"floor":2,"key":"SpeedPotion"},{"floor":8,"key":"Explosive Potion"},{"floor":18,"key":"SteroidPotion"},{"floor":27,"key":"AttackPotion"},{"floor":30,"key":"BloodPotion"},{"floor":31,"key":"SteroidPotion"},{"floor":38,"key":"Fire Potion"}],"is_trial":false,"path_per_floor":["M","M","$","?","?","R","?","E","T","E","R","$","R","M","R","B",null,"M","?","$","M","?","E","R","T","T","M","R","M","M","E","R","B",null,"M","?","$","M","$","R","?","R","T","?","E"],"character_chosen":"IRONCLAD","items_purchased":["Shockwave","Warcry","Corruption","HandDrill","Inflame"],"campfire_rested":0,"item_purchase_floors":[3,12,20,37,39],"current_hp_per_floor":[74,79,79,74,74,74,74,50,50,49,49,49,49,55,55,52,75,74,74,74,78,57,9,9,9,16,18,18,48,54,43,43,27,55,64,64,64,64,64,64,64,64,64,64,0],"gold":12,"neow_bonus":"TEN_PERCENT_HP_BONUS","is_prod":false,"is_daily":false,"chose_seed":false,"campfire_upgraded":9,"win_rate":0,"timestamp":1550786292,"path_taken":["M","M","$","?","?","R","?","E","T","E","R","$","R","M","R","BOSS","M","?","?","M","?","E","R","?","T","?","R","M","M","E","R","BOSS","M","?","$","M","?","R","?","R","T","?","E"],"build_version":"2019-01-23","purchased_purges":1,"victory":false,"max_hp_per_floor":[82,82,82,82,82,82,82,82,82,82,82,82,82,82,82,82,82,82,82,82,82,57,57,57,57,64,64,64,64,64,64,64,64,64,64,64,64,64,64,64,64,64,64,64,64],"card_choices":[{"not_picked":["Pommel Strike","True Grit"],"picked":"Headbutt","floor":1},{"not_picked":["Battle Trance","Metallicize"],"picked":"Immolate","floor":2},{"not_picked":["Body Slam","Wild Strike","Infernal Blade"],"picked":"SKIP","floor":8},{"not_picked":["Clothesline","Flex","Fire Breathing"],"picked":"SKIP","floor":10},{"not_picked":["Sever Soul","Flex","Shrug It Off"],"picked":"SKIP","floor":14},{"not_picked":["Impervious","Limit Break"],"picked":"Reaper","floor":16},{"not_picked":["Whirlwind","Hemokinesis","Fire Breathing"],"picked":"SKIP","floor":18},{"not_picked":["Headbutt","Havoc+1"],"picked":"Armaments","floor":21},{"not_picked":["Intimidate","Shockwave+1"],"picked":"Inflame","floor":23},{"not_picked":["Anger","Wild Strike","Spot Weakness"],"picked":"SKIP","floor":27},{"not_picked":["Cleave+1","Heavy Blade","Bloodletting"],"picked":"SKIP","floor":29},{"not_picked":["Havoc","Clothesline"],"picked":"Shrug It Off","floor":30},{"not_picked":["Inflame","Power Through+1"],"picked":"Entrench","floor":31},{"not_picked":["Offering","Double Tap"],"picked":"Barricade","floor":33},{"not_picked":["Warcry","Hemokinesis"],"picked":"True Grit+1","floor":35},{"not_picked":["Havoc","Sword Boomerang"],"picked":"Shrug It Off","floor":38}],"player_experience":855006,"relics_obtained":[{"floor":8,"key":"Orichalcum"},{"floor":9,"key":"Bottled Flame"},{"floor":10,"key":"War Paint"},{"floor":23,"key":"Champion Belt"},{"floor":26,"key":"Strawberry"},{"floor":31,"key":"Juzu Bracelet"},{"floor":43,"key":"Ornamental Fan"}],"event_choices":[{"damage_healed":0,"gold_gain":0,"player_choice":"Fled","damage_taken":5,"max_hp_gain":0,"max_hp_loss":0,"event_name":"Scrap Ooze","floor":4,"gold_loss":0},{"cards_removed":["Strike_R"],"damage_healed":0,"gold_gain":0,"player_choice":"Forget","damage_taken":0,"max_hp_gain":0,"max_hp_loss":0,"event_name":"Living Wall","floor":5,"gold_loss":0},{"damage_healed":0,"gold_gain":0,"player_choice":"Left Gold","damage_taken":0,"max_hp_gain":0,"max_hp_loss":0,"event_name":"World of Goop","floor":7,"gold_loss":16},{"damage_healed":0,"gold_gain":0,"player_choice":"Gave Potion","damage_taken":0,"relics_obtained":["Bag of Preparation"],"max_hp_gain":0,"max_hp_loss":0,"event_name":"WeMeetAgain","floor":19,"gold_loss":0},{"damage_healed":0,"gold_gain":0,"player_choice":"Became a vampire","damage_taken":0,"max_hp_gain":0,"max_hp_loss":25,"event_name":"Vampires","floor":22,"gold_loss":0,"cards_obtained":["Bite","Bite","Bite","Bite","Bite"]},{"damage_healed":0,"gold_gain":0,"player_choice":"Upgraded","damage_taken":0,"max_hp_gain":0,"max_hp_loss":0,"event_name":"Upgrade Shrine","floor":36,"gold_loss":0,"cards_upgraded":["Barricade"]},{"cards_removed":["Reaper"],"damage_healed":0,"gold_gain":0,"player_choice":"Removed Attack","damage_taken":0,"max_hp_gain":0,"max_hp_loss":0,"event_name":"Falling","floor":41,"gold_loss":0},{"damage_healed":0,"gold_gain":0,"player_choice":"1 cards matched","damage_taken":0,"max_hp_gain":0,"max_hp_loss":0,"event_name":"Match and Keep!","floor":44,"gold_loss":0,"cards_obtained":["Bash"]}],"is_beta":false,"boss_relics":[{"not_picked":["Lizard Tail","Orrery"],"picked":"Coffee Dripper"},{"not_picked":["Black Star","Runic Dome"],"picked":"Runic Cube"}],"items_purged_floors":[3],"is_endless":false,"potions_floor_spawned":[2,8,18,27,30,31,38],"killed_by":"Giant Head","ascension_level":18}