{"gold_per_floor":[115,115,140,140,156,156,179,215,240,66,80,7,7,43,43,163,163,156,177,191,226,250,250,286,301,375,395,408,408,30,53,53,176,176,201,201,201,220,220,220,261,6,6,6,32,32,254,275,275,275],"floor_reached":51,"playtime":3028,"items_purged":["Strike_G","Strike_G","Strike_G"],"score":1114,"play_id":"85a7e113-19b5-4315-9359-4dd1be867cc2","local_time":"20190225014431","is_ascension_mode":true,"campfire_choices":[{"floor":6,"key":"REST"},{"floor":13,"key":"REST"},{"data":"Footwork","floor":15,"key":"SMITH"},{"floor":23,"key":"REST"},{"floor":32,"key":"REST"},{"floor":40,"key":"REST"},{"data":"Dodge and Roll","floor":44,"key":"SMITH"},{"floor":49,"key":"REST"}],"neow_cost":"NONE","seed_source_timestamp":3561580855817013,"circlet_count":0,"master_deck":["Defend_G","Defend_G","Defend_G","Defend_G+1","Defend_G","Strike_G","Survivor+1","Neutralize","Backstab","Dagger Spray","Noxious Fumes","Sucker Punch","Footwork+1","Sucker Punch","Dodge and Roll+1","Skewer","Caltrops","Noxious Fumes","Predator","Leg Sweep","Caltrops","Noxious Fumes","Acrobatics+1","Calculated Gamble","Noxious Fumes","PiercingWail","Backflip","Shame","Writhe"],"relics":["Ring of the Snake","Golden Idol","Bag of Preparation","Bag of Marbles","Snake Skull","Bottled Tornado","Velvet Choker","Red Mask","Unceasing Top","The Courier","Paper Crane","Bronze Scales","Cursed Key","Strawberry","Happy Flower","Turnip","Vajra"],"potions_floor_usage":[0,7,16,16,21,21,25,28,31,33,33,41,50,50],"damage_taken":[{"damage":3,"enemies":"2 Louse","floor":1,"turns":5},{"damage":0,"enemies":"Small Slimes","floor":3,"turns":5},{"damage":0,"enemies":"Cultist","floor":5,"turns":3},{"damage":2,"enemies":"Large Slime","floor":7,"turns":3},{"damage":16,"enemies":"3 Sentries","floor":8,"turns":8},{"damage":0,"enemies":"3 Louse","floor":11,"turns":1},{"damage":5,"enemies":"Lagavulin","floor":14,"turns":8},{"damage":11,"enemies":"Slime Boss","floor":16,"turns":11},{"damage":0,"enemies":"2 Thieves","floor":18,"turns":4},{"damage":9,"enemies":"Spheric Guardian","floor":19,"turns":4},{"damage":17,"enemies":"Shelled Parasite and Fungi","floor":20,"turns":5},{"damage":31,"enemies":"Masked Bandits","floor":21,"turns":5},{"damage":7,"enemies":"Centurion and Healer","floor":22,"turns":6},{"damage":3,"enemies":"Gremlin Leader","floor":24,"turns":7},{"damage":13,"enemies":"Snecko","floor":25,"turns":5},{"damage":13,"enemies":"Snake Plant","floor":27,"turns":4},{"damage":0,"enemies":"Centurion and Healer","floor":28,"turns":6},{"damage":0,"enemies":"3 Cultists","floor":31,"turns":4},{"damage":13,"enemies":"Champ","floor":33,"turns":11},{"damage":13,"enemies":"3 Darklings","floor":35,"turns":5},{"damage":10,"enemies":"3 Shapes","floor":38,"turns":5},{"damage":0,"enemies":"Giant Head","floor":41,"turns":10},{"damage":16,"enemies":"Jaw Worm Horde","floor":48,"turns":4},{"damage":73,"enemies":"Awakened One","floor":50,"turns":19}],"seed_played":"-7532470559435426258","potions_obtained":[{"floor":0,"key":"FearPotion"},{"floor":0,"key":"FairyPotion"},{"floor":0,"key":"Fruit Juice"},{"floor":5,"key":"AttackPotion"},{"floor":14,"key":"Fire Potion"},{"floor":16,"key":"AttackPotion"},{"floor":20,"key":"SkillPotion"},{"floor":24,"key":"EssenceOfSteel"},{"floor":27,"key":"SpeedPotion"},{"floor":28,"key":"GhostInAJar"},{"floor":35,"key":"GhostInAJar"},{"floor":38,"key":"Regen Potion"}],"is_trial":false,"path_per_floor":["M","?","M","?","M","R","M","E","T","$","M","?","R","E","R","B",null,"M","M","M","?","M","R","E","M","T","M","M","?","$","M","R","B",null,"M","?","?","M","?","R","E","$","T","R","T","$","?","M","R","B",null],"character_chosen":"THE_SILENT","items_purchased":["Block Potion","Sucker Punch","Bronze Scales","Calculated Gamble","Regen Potion","EssenceOfSteel","Happy Flower","Block Potion"],"campfire_rested":6,"item_purchase_floors":[10,10,30,30,30,30,42,42],"current_hp_per_floor":[65,47,47,32,32,54,52,36,36,36,36,36,58,53,53,42,67,67,58,41,10,3,25,22,9,9,7,7,7,7,21,43,30,64,51,51,51,41,41,62,69,69,69,69,69,69,69,53,76,18],"gold":275,"neow_bonus":"THREE_SMALL_POTIONS","is_prod":false,"is_daily":false,"chose_seed":false,"campfire_upgraded":2,"win_rate":0,"timestamp":1551077071,"path_taken":["M","?","M","?","M","R","M","E","T","$","M","?","R","E","R","BOSS","M","M","M","?","M","R","E","M","T","M","M","?","$","M","R","BOSS","M","?","?","M","?","R","E","$","T","R","?","$","?","?","R","BOSS"],"build_version":"2019-02-06","purchased_purges":3,"victory":true,"max_hp_per_floor":[75,75,75,75,75,75,75,75,75,75,75,75,75,75,75,75,75,75,75,75,75,75,75,75,75,75,75,75,75,75,75,75,75,75,75,71,71,71,71,71,78,78,78,78,78,78,78,78,78,78],"card_choices":[{"not_picked":["Dagger Spray","Well Laid Plans"],"picked":"Backstab","floor":1},{"not_picked":["Infinite Blades","Masterful Stab"],"picked":"Dagger Spray","floor":3},{"not_picked":["Dash","Underhanded Strike"],"picked":"Noxious Fumes","floor":5},{"not_picked":["Escape Plan","Quick Slash"],"picked":"Sucker Punch","floor":7},{"not_picked":["Deflect","Calculated Gamble"],"picked":"Footwork","floor":8},{"not_picked":["PiercingWail","Outmaneuver"],"picked":"Dodge and Roll","floor":11},{"not_picked":["Choke","Deadly Poison"],"picked":"Skewer","floor":14},{"not_picked":["Deadly Poison+1","Distraction+1"],"picked":"Caltrops","floor":18},{"not_picked":["Dagger Throw","Bouncing Flask"],"picked":"Noxious Fumes","floor":19},{"not_picked":["Quick Slash","Cloak And Dagger"],"picked":"Predator","floor":20},{"not_picked":["Backflip","Terror+1"],"picked":"Leg Sweep","floor":21},{"not_picked":["Deadly Poison","Blade Dance+1","Quick Slash"],"picked":"SKIP","floor":22},{"not_picked":["Grand Finale","Outmaneuver"],"picked":"Caltrops","floor":24},{"not_picked":["Blade Dance","Calculated Gamble+1"],"picked":"Noxious Fumes","floor":25},{"not_picked":["Catalyst","Sucker Punch"],"picked":"Acrobatics+1","floor":27},{"not_picked":["Concentrate","Deadly Poison+1","Distraction"],"picked":"SKIP","floor":28},{"not_picked":["Distraction","Calculated Gamble"],"picked":"Noxious Fumes","floor":31},{"not_picked":["Quick Slash+1","Riddle With Holes+1","Underhanded Strike"],"picked":"SKIP","floor":35},{"not_picked":["Endless Agony+1","Bane"],"picked":"PiercingWail","floor":38},{"not_picked":["Bullet Time","Prepared+1"],"picked":"Backflip","floor":41},{"not_picked":["Quick Slash","Deflect","Deadly Poison+1"],"picked":"SKIP","floor":48}],"player_experience":241060,"relics_obtained":[{"floor":8,"key":"Bag of Preparation"},{"floor":9,"key":"Bag of Marbles"},{"floor":14,"key":"Bottled Tornado"},{"floor":21,"key":"Red Mask"},{"floor":24,"key":"Unceasing Top"},{"floor":26,"key":"The Courier"},{"floor":41,"key":"Strawberry"},{"floor":43,"key":"Turnip"},{"floor":45,"key":"Vajra"}],"event_choices":[{"damage_healed":0,"gold_gain":0,"player_choice":"Take Damage","damage_taken":18,"relics_obtained":["Golden Idol"],"max_hp_gain":0,"max_hp_loss":0,"event_name":"Golden Idol","floor":2,"gold_loss":0},{"damage_healed":0,"gold_gain":0,"player_choice":"Entered Light","damage_taken":15,"max_hp_gain":0,"max_hp_loss":0,"event_name":"Shining Light","floor":4,"gold_loss":0,"cards_upgraded":["Survivor","Defend_G"]},{"damage_healed":0,"gold_gain":0,"player_choice":"Paid Gold","damage_taken":0,"relics_obtained":["Snake Skull"],"max_hp_gain":0,"max_hp_loss":0,"event_name":"WeMeetAgain","floor":12,"gold_loss":73},{"damage_healed":0,"gold_gain":0,"player_choice":"Fought Bandits","damage_taken":0,"max_hp_gain":0,"max_hp_loss":0,"event_name":"Masked Bandits","floor":21,"gold_loss":0},{"damage_healed":0,"gold_gain":0,"player_choice":"Opened","damage_taken":0,"relics_obtained":["Paper Crane"],"max_hp_gain":0,"max_hp_loss":0,"event_name":"The Mausoleum","floor":29,"gold_loss":0},{"damage_healed":0,"gold_gain":0,"player_choice":"Max HP","damage_taken":0,"max_hp_gain":0,"max_hp_loss":4,"event_name":"Winding Halls","floor":36,"gold_loss":0},{"cards_removed":["Strike_G"],"damage_healed":0,"gold_gain":0,"player_choice":"Removed Attack","damage_taken":0,"max_hp_gain":0,"max_hp_loss":0,"event_name":"Falling","floor":37,"gold_loss":0},{"damage_healed":0,"gold_gain":0,"player_choice":"Ignored","damage_taken":0,"max_hp_gain":0,"max_hp_loss":0,"event_name":"Mysterious Sphere","floor":39,"gold_loss":0},{"damage_healed":0,"gold_gain":222,"player_choice":"Wore Mask","damage_taken":0,"max_hp_gain":0,"max_hp_loss":0,"event_name":"Tomb of Lord Red Mask","floor":47,"gold_loss":0}],"is_beta":true,"boss_relics":[{"not_picked":["Fusion Hammer","HoveringKite"],"picked":"Velvet Choker"},{"not_picked":["Busted Crown","Coffee Dripper"],"picked":"Cursed Key"}],"items_purged_floors":[10,30,42],"is_endless":false,"potions_floor_spawned":[5,14,16,20,24,27,28,35,38],"ascension_level":9}