{"gold_per_floor":[109,37,37,52,64,64,96,110,110,110,35,35,35,50,50,150,150,161,161,179,190,205,205,205,55,55,74,94,94,0,17,17,118,118,129,140,160,176,276,276,292,292,319,319,319,31,47,47,47,47],"floor_reached":51,"playtime":2697,"items_purged":["Strike_B","Tempest+1"],"score":1037,"play_id":"355b7b7c-b3a6-40a5-b913-b4fdba770011","local_time":"20190228231702","is_ascension_mode":true,"campfire_choices":[{"data":"Hologram","floor":6,"key":"SMITH"},{"data":"Go for the Eyes","floor":10,"key":"SMITH"},{"data":"Zap","floor":12,"key":"SMITH"},{"floor":15,"key":"REST"},{"data":"Hologram","floor":23,"key":"SMITH"},{"data":"Dualcast","floor":29,"key":"SMITH"},{"floor":32,"key":"REST"},{"floor":40,"key":"REST"},{"floor":42,"key":"REST"},{"data":"Chill","floor":44,"key":"SMITH"},{"floor":49,"key":"REST"}],"neow_cost":"NONE","seed_source_timestamp":1186052935638425,"circlet_count":0,"master_deck":["AscendersBane","Defend_B","Defend_B","Defend_B","Defend_B","Zap+1","Dualcast+1","Go for the Eyes+1","Hologram+1","Sweeping Beam","Reinforced Body+1","Gash","All For One","Reboot","Seek+1","Ball Lightning+1","Gash","Hologram+1","Leap+1","Gash","Undo","BootSequence","Core Surge","Gash","Scrape","Dark Shackles","Beam Cell"],"relics":["Cracked Core","Bag of Marbles","Potion Belt","Symbiotic Virus","Letter Opener","Astrolabe","Pantograph","Philosopher\u0027s Stone","Ginger","Regal Pillow","FossilizedHelix"],"potions_floor_usage":[7,7,16,21,31,33,33,33,36,39,50,50,50,50],"damage_taken":[{"damage":4,"enemies":"Jaw Worm","floor":1,"turns":3},{"damage":1,"enemies":"Cultist","floor":4,"turns":3},{"damage":0,"enemies":"2 Louse","floor":5,"turns":2},{"damage":23,"enemies":"Gremlin Nob","floor":7,"turns":5},{"damage":2,"enemies":"2 Fungi Beasts","floor":8,"turns":3},{"damage":5,"enemies":"Exordium Wildlife","floor":14,"turns":3},{"damage":11,"enemies":"Hexaghost","floor":16,"turns":9},{"damage":2,"enemies":"Shell Parasite","floor":18,"turns":5},{"damage":0,"enemies":"Chosen","floor":20,"turns":3},{"damage":9,"enemies":"Snake Plant","floor":21,"turns":3},{"damage":2,"enemies":"Sentry and Sphere","floor":22,"turns":4},{"damage":0,"enemies":"Cultist and Chosen","floor":27,"turns":3},{"damage":6,"enemies":"Snake Plant","floor":28,"turns":3},{"damage":1,"enemies":"Snecko","floor":31,"turns":6},{"damage":57,"enemies":"Automaton","floor":33,"turns":7},{"damage":11,"enemies":"3 Shapes","floor":35,"turns":2},{"damage":9,"enemies":"3 Darklings","floor":36,"turns":5},{"damage":10,"enemies":"Transient","floor":37,"turns":5},{"damage":33,"enemies":"Jaw Worm Horde","floor":38,"turns":3},{"damage":3,"enemies":"Mind Bloom Boss Battle","floor":39,"turns":4},{"damage":3,"enemies":"Maw","floor":41,"turns":7},{"damage":0,"enemies":"4 Shapes","floor":47,"turns":6},{"damage":26,"enemies":"Awakened One","floor":50,"turns":8}],"seed_played":"2335659065800787846","potions_obtained":[{"floor":4,"key":"GamblersBrew"},{"floor":5,"key":"Weak Potion"},{"floor":7,"key":"Dexterity Potion"},{"floor":16,"key":"FocusPotion"},{"floor":20,"key":"Weak Potion"},{"floor":22,"key":"FocusPotion"},{"floor":27,"key":"Regen Potion"},{"floor":31,"key":"FocusPotion"},{"floor":33,"key":"Ancient Potion"},{"floor":35,"key":"Fire Potion"},{"floor":37,"key":"Dexterity Potion"},{"floor":38,"key":"GamblersBrew"},{"floor":41,"key":"SteroidPotion"},{"floor":47,"key":"EssenceOfSteel"}],"is_trial":false,"path_per_floor":["M","$","?","M","M","R","E","M","T","R","$","R","$","M","R","B",null,"M","?","M","M","M","R","?","$","T","M","M","R","?","M","R","B",null,"M","M","M","M","?","R","M","R","T","R","?","$","M","?","R","B",null],"character_chosen":"DEFECT","items_purchased":["Hologram","Sweeping Beam","Gash","FossilizedHelix"],"campfire_rested":5,"item_purchase_floors":[2,2,25,46],"current_hp_per_floor":[64,64,46,45,45,45,22,20,20,20,20,20,20,15,37,26,63,61,61,61,52,50,50,36,36,36,36,30,30,30,44,68,23,66,55,46,36,3,25,49,46,70,70,70,70,70,70,70,80,54],"gold":47,"neow_bonus":"RANDOM_COMMON_RELIC","is_prod":false,"is_daily":false,"chose_seed":false,"campfire_upgraded":6,"win_rate":0,"timestamp":1551392222,"path_taken":["M","$","?","M","M","R","E","M","T","R","$","R","?","M","R","BOSS","M","?","?","M","M","R","?","$","T","M","M","R","?","M","R","BOSS","M","M","M","M","?","R","M","R","T","R","?","?","?","?","R","BOSS"],"build_version":"2019-01-23","purchased_purges":2,"victory":true,"max_hp_per_floor":[75,75,75,75,75,75,75,75,75,75,75,75,75,75,75,75,75,75,75,75,75,75,75,80,80,80,80,80,80,80,80,80,80,80,80,80,80,80,80,80,80,80,80,80,80,80,80,80,80,80],"card_choices":[{"not_picked":["Compile Driver","Stack"],"picked":"Go for the Eyes","floor":1},{"not_picked":["Stack","Defragment"],"picked":"Reinforced Body","floor":4},{"not_picked":["Stack","Leap","Chaos"],"picked":"SKIP","floor":5},{"not_picked":["Melter","Turbo"],"picked":"Gash","floor":7},{"not_picked":["Capacitor","Double Energy"],"picked":"All For One","floor":8},{"not_picked":["Chaos","Sweeping Beam","Reprogram"],"picked":"SKIP","floor":14},{"not_picked":["Thunder Strike","Electrodynamics"],"picked":"Reboot","floor":16},{"not_picked":["Beam Cell","Hologram"],"picked":"Gash","floor":18},{"not_picked":["Loop+1","Melter"],"picked":"Hologram","floor":20},{"not_picked":["Steam","Streamline+1"],"picked":"Leap+1","floor":21},{"not_picked":["Hologram","Rebound+1","Compile Driver"],"picked":"SKIP","floor":22},{"not_picked":["Glacier","Fission"],"picked":"Undo","floor":27},{"not_picked":["Go for the Eyes","Ball Lightning","Hello World"],"picked":"SKIP","floor":28},{"not_picked":["Sweeping Beam","Ball Lightning"],"picked":"BootSequence","floor":31},{"not_picked":["Thunder Strike","Electrodynamics"],"picked":"Core Surge","floor":33},{"not_picked":["Cold Snap","Stack+1"],"picked":"Chill","floor":35},{"not_picked":["Ball Lightning","Barrage"],"picked":"Gash","floor":36},{"not_picked":["Consume+1","Hologram"],"picked":"Scrape","floor":37},{"not_picked":["Loop","Darkness+1","Storm"],"picked":"SKIP","floor":38},{"not_picked":["Glacier+1","Rainbow","Reinforced Body"],"picked":"SKIP","floor":41},{"not_picked":["PanicButton","Blind"],"picked":"Dark Shackles","floor":45},{"not_picked":["Defragment","Stack"],"picked":"Beam Cell","floor":47}],"player_experience":653256,"relics_obtained":[{"floor":7,"key":"Symbiotic Virus"},{"floor":9,"key":"Letter Opener"},{"floor":26,"key":"Pantograph"},{"floor":39,"key":"Ginger"},{"floor":43,"key":"Regal Pillow"}],"event_choices":[{"damage_healed":0,"gold_gain":0,"player_choice":"Success","damage_taken":18,"relics_obtained":["Potion Belt"],"max_hp_gain":0,"max_hp_loss":0,"event_name":"Scrap Ooze","floor":3,"gold_loss":0},{"damage_healed":0,"gold_gain":0,"player_choice":"Forge","damage_taken":0,"max_hp_gain":0,"max_hp_loss":0,"event_name":"Accursed Blacksmith","floor":19,"gold_loss":0,"cards_upgraded":["Reinforced Body"]},{"damage_healed":0,"gold_gain":0,"player_choice":"Shed Blood","damage_taken":19,"max_hp_gain":5,"max_hp_loss":0,"event_name":"Forgotten Altar","floor":24,"gold_loss":0},{"damage_healed":0,"gold_gain":0,"player_choice":"Paid Fearfully","damage_taken":0,"max_hp_gain":0,"max_hp_loss":0,"event_name":"Masked Bandits","floor":30,"gold_loss":94},{"damage_healed":0,"gold_gain":0,"player_choice":"Fight","damage_taken":0,"max_hp_gain":0,"max_hp_loss":0,"event_name":"MindBloom","floor":39,"gold_loss":0},{"damage_healed":0,"gold_gain":0,"player_choice":"Memory 1","damage_taken":0,"max_hp_gain":0,"max_hp_loss":0,"event_name":"SensoryStone","floor":45,"gold_loss":0},{"cards_removed":["Chill"],"damage_healed":0,"gold_gain":0,"player_choice":"Removed Skill","damage_taken":0,"max_hp_gain":0,"max_hp_loss":0,"event_name":"Falling","floor":48,"gold_loss":0}],"is_beta":false,"boss_relics":[{"not_picked":["Snecko Eye","Tiny House"],"picked":"Astrolabe"},{"not_picked":["Fusion Hammer","Runic Pyramid"],"picked":"Philosopher\u0027s Stone"}],"items_purged_floors":[11,25],"is_endless":false,"potions_floor_spawned":[4,5,7,16,20,22,27,31,33,35,37,38,41,47],"ascension_level":12}