{"gold_per_floor":[15,35,35,45,58,58,133,133,133,133,149,169,48,48,48,153,153,172,262,277,277],"floor_reached":21,"playtime":1190,"items_purged":["Strike_R"],"score":196,"play_id":"1cff4fca-8692-47da-96b6-e13094a456af","local_time":"20190227115718","is_ascension_mode":false,"campfire_choices":[{"data":"Metallicize","floor":6,"key":"SMITH"},{"data":"Wild Strike","floor":8,"key":"SMITH"},{"data":"Clothesline","floor":15,"key":"SMITH"}],"neow_cost":"NO_GOLD","seed_source_timestamp":3772993324807858,"circlet_count":0,"master_deck":["Strike_R+1","Strike_R","Strike_R","Defend_R","Defend_R","Defend_R+1","Defend_R","Bash","Metallicize+1","Anger","Wild Strike+1","Armaments","Thunderclap","Clothesline+1","Bludgeon","Entrench+1"],"relics":["Burning Blood"],"potions_floor_usage":[5,16,16,18],"damage_taken":[{"damage":2,"enemies":"Small Slimes","floor":1,"turns":4},{"damage":1,"enemies":"Cultist","floor":2,"turns":5},{"damage":0,"enemies":"Jaw Worm","floor":4,"turns":3},{"damage":9,"enemies":"Large Slime","floor":5,"turns":6},{"damage":0,"enemies":"2 Fungi Beasts","floor":11,"turns":2},{"damage":3,"enemies":"Blue Slaver","floor":12,"turns":4},{"damage":32,"enemies":"Hexaghost","floor":16,"turns":11},{"damage":28,"enemies":"3 Byrds","floor":18,"turns":8},{"damage":42,"enemies":"Spheric Guardian","floor":20,"turns":8},{"damage":11,"enemies":"Cultist and Chosen","floor":21,"turns":4}],"seed_played":"-7228280874283649890","potions_obtained":[{"floor":1,"key":"SkillPotion"},{"floor":2,"key":"Swift Potion"},{"floor":3,"key":"AttackPotion"},{"floor":4,"key":"Weak Potion"},{"floor":12,"key":"Strength Potion"}],"is_trial":false,"path_per_floor":["M","M","?","M","M","R","?","R","T","?","M","M","$","?","R","B",null,"M","?","M","M"],"character_chosen":"IRONCLAD","items_purchased":["Clothesline"],"campfire_rested":0,"item_purchase_floors":[13],"current_hp_per_floor":[96,96,96,96,93,93,82,82,82,82,88,91,91,72,72,46,96,74,56,20,9],"gold":277,"neow_bonus":"TWENTY_PERCENT_HP_BONUS","is_prod":false,"is_daily":false,"chose_seed":false,"campfire_upgraded":3,"win_rate":0,"timestamp":1551286638,"path_taken":["M","M","?","M","?","R","?","R","T","?","M","M","$","?","R","BOSS","M","?","M","M"],"build_version":"2019-02-06","purchased_purges":1,"victory":false,"max_hp_per_floor":[96,96,96,96,96,96,96,96,96,96,96,96,96,96,96,96,96,96,96,96,96],"card_choices":[{"not_picked":["Twin Strike","Reckless Charge"],"picked":"Metallicize","floor":1},{"not_picked":["Pommel Strike","Dual Wield"],"picked":"Anger","floor":2},{"not_picked":["Anger","Headbutt"],"picked":"Wild Strike","floor":4},{"not_picked":["Sentinel","Flex"],"picked":"Armaments","floor":5},{"not_picked":["Cleave","Flex"],"picked":"Thunderclap","floor":11},{"not_picked":["Havoc","Blood for Blood","Pommel Strike"],"picked":"SKIP","floor":12},{"not_picked":["Limit Break","Brutality"],"picked":"Bludgeon","floor":16},{"not_picked":["Fire Breathing","Clothesline+1"],"picked":"Entrench+1","floor":18},{"not_picked":["Cleave","Clash","Rampage+1"],"picked":"SKIP","floor":20}],"player_experience":282749,"relics_obtained":[],"event_choices":[{"damage_healed":0,"gold_gain":0,"player_choice":"Got Potions","damage_taken":0,"max_hp_gain":0,"max_hp_loss":0,"event_name":"Lab","floor":3,"gold_loss":0},{"damage_healed":0,"gold_gain":75,"player_choice":"Gather Gold","damage_taken":11,"max_hp_gain":0,"max_hp_loss":0,"event_name":"World of Goop","floor":7,"gold_loss":0},{"cards_removed":["Strike_R"],"damage_healed":0,"gold_gain":0,"player_choice":"Forget","damage_taken":0,"max_hp_gain":0,"max_hp_loss":0,"event_name":"Living Wall","floor":10,"gold_loss":0},{"damage_healed":0,"gold_gain":0,"player_choice":"Entered Light","damage_taken":19,"max_hp_gain":0,"max_hp_loss":0,"event_name":"Shining Light","floor":14,"gold_loss":0,"cards_upgraded":["Strike_R","Defend_R"]},{"damage_healed":0,"gold_gain":90,"player_choice":"GOLD ","damage_taken":18,"max_hp_gain":0,"max_hp_loss":0,"event_name":"Knowing Skull","floor":19,"potions_obtained":[],"gold_loss":0,"cards_obtained":[]}],"is_beta":true,"boss_relics":[{"not_picked":[]}],"items_purged_floors":[13],"is_endless":false,"potions_floor_spawned":[1,2,4,12],"killed_by":"Cultist and Chosen","ascension_level":0}