{"path_per_floor":["M","M","$","M","M","E","M","E","T","E","R","E","?","E","R","B",null,"M","?","$","M","M"],"character_chosen":"IRONCLAD","items_purchased":["Inflame","Flame Barrier","Gremlin Horn","Sword Boomerang"],"gold_per_floor":[110,127,11,28,42,74,87,122,148,175,175,210,210,240,240,344,344,299,299,2,2,2,2],"floor_reached":23,"campfire_rested":1,"playtime":1563,"current_hp_per_floor":[60,63,63,69,69,66,59,56,56,48,83,71,71,61,61,23,68,62,45,45,51,30,0],"items_purged":[],"gold":2,"score":358,"play_id":"15276a87-1a03-4122-8b03-37611dbc860e","local_time":"20180424120338","is_prod":false,"is_daily":false,"chose_seed":false,"is_ascension_mode":true,"campfire_upgraded":1,"timestamp":1524596618,"path_taken":["M","M","$","M","M","E","M","E","T","E","R","E","?","E","R","BOSS","M","?","$","M","M","E"],"build_version":"2018-04-19","seed_source_timestamp":234123366740280,"purchased_purges":1,"victory":false,"master_deck":["Strike_R","Strike_R","Strike_R","Strike_R","Strike_R","Defend_R","Defend_R","Defend_R","Defend_R","Bash","AscendersBane","Flame Barrier","Carnage","Inflame","Flame Barrier","Anger","Armaments+1","Feed","Pommel Strike","Thunderclap","Limit Break","Sword Boomerang","Inflame"],"max_hp_per_floor":[80,80,80,80,80,80,80,83,83,83,83,83,83,83,83,83,83,87,92,92,92,92,92],"relics":["Burning Blood","Ancient Tea Set","Orichalcum","Regal Pillow","Omamori","Bronze Scales","Pen Nib","Ectoplasm","Gremlin Horn"],"card_choices":[{"not_picked":["Havoc","Heavy Blade"],"picked":"Flame Barrier","floor":1},{"not_picked":["Power Through","Shrug It Off"],"picked":"Carnage","floor":2},{"not_picked":["Clothesline","Warcry"],"picked":"Anger","floor":4},{"not_picked":["Second Wind","Fire Breathing"],"picked":"Armaments","floor":5},{"not_picked":["Headbutt","Clash"],"picked":"Feed","floor":7},{"not_picked":["True Grit","Entrench"],"picked":"Pommel Strike","floor":8},{"not_picked":["Perfected Strike","Uppercut"],"picked":"Thunderclap","floor":12},{"not_picked":["Impervious","Juggernaut"],"picked":"Limit Break","floor":16},{"not_picked":["Armaments","Blood for Blood"],"picked":"Inflame","floor":21}],"player_experience":466750,"potions_floor_usage":[6,8,8,14,16,16,16,23],"damage_taken":[{"damage":18,"enemies":"Jaw Worm","floor":1,"turns":4},{"damage":3,"enemies":"Cultist","floor":2,"turns":5},{"damage":0,"enemies":"2 Louse","floor":4,"turns":3},{"damage":6,"enemies":"Looter","floor":5,"turns":2},{"damage":21,"enemies":"3 Sentries","floor":6,"turns":8},{"damage":13,"enemies":"Large Slime","floor":7,"turns":10},{"damage":12,"enemies":"Lagavulin","floor":8,"turns":7},{"damage":14,"enemies":"3 Sentries","floor":10,"turns":10},{"damage":18,"enemies":"Lagavulin","floor":12,"turns":7},{"damage":16,"enemies":"3 Sentries","floor":14,"turns":7},{"damage":44,"enemies":"Slime Boss","floor":16,"turns":9},{"damage":16,"enemies":"2 Thieves","floor":18,"turns":3},{"damage":0,"enemies":"3 Byrds","floor":21,"turns":3},{"damage":27,"enemies":"Snake Plant","floor":22,"turns":4},{"damage":36,"enemies":"Book of Stabbing","floor":23,"turns":4}],"event_choices":[{"event_name":"The Lab","player_choice":"Got Potions","floor":13,"damage_taken":0},{"event_name":"Forgotten Altar","player_choice":"Shed Blood","floor":19,"damage_taken":0}],"boss_relics":[{"not_picked":["Orrery","Pandora\u0027s Box"],"picked":"Ectoplasm"}],"potions_floor_spawned":[1,4,5,7,12,14,22],"seed_played":"3828666759848287466","killed_by":"Book of Stabbing","ascension_level":11,"is_trial":false}