{"path_per_floor":["M","?","M","$","M","R","E","R","T","M","R","E","M","?","R","B",null,"M","M","T","$","?","R","E","R","T","M","T","E","R","$","R","B",null,"M","?","T","M","$","R","M","R","T","M","M","M","R","?","R","B"],"character_chosen":"THE_SILENT","items_purchased":["Dash","Gambling Chip","Predator","Regen Potion"],"gold_per_floor":[143,143,155,10,22,22,53,53,353,370,370,396,406,406,406,478,508,527,544,592,109,109,109,141,141,165,177,177,202,202,77,77,151,151,167,220,220,233,32,32,45,45,45,61,72,87,87,87,87,87],"floor_reached":51,"campfire_rested":3,"playtime":5333,"current_hp_per_floor":[50,50,47,47,47,47,28,46,46,40,40,27,14,35,35,28,59,48,45,45,45,45,45,31,31,31,33,33,28,28,28,28,16,65,30,8,8,8,8,34,36,36,36,38,38,40,40,24,53,61],"items_purged":["Strike_G","Strike_G","Strike_G","Strike_G"],"gold":87,"score":932,"play_id":"9fb330e4-e6d7-4f95-b0a7-7e197f401bf4","is_prod":false,"is_daily":false,"is_ascension_mode":true,"campfire_upgraded":8,"path_taken":["M","?","M","?","M","R","E","R","T","M","R","E","?","?","R","BOSS","M","M","?","$","?","R","E","R","T","?","?","E","R","$","R","BOSS","M","?","?","M","?","R","M","R","T","M","?","M","R","?","R","BOSS"],"build_version":"2018-02-16-BETA2","purchased_purges":4,"victory":true,"master_deck":["Defend_G","Defend_G","Defend_G","Defend_G","Defend_G","Survivor+1","Neutralize+1","PiercingWail","Deadly Poison+1","Dash+1","Footwork+1","Well Laid Plans+1","Grand Finale+1","Dagger Throw","Dash+1","Predator","Grand Finale+1","Reflex","Expertise+1","Blur","Madness","Madness"],"max_hp_per_floor":[66,63,63,63,63,63,63,63,63,63,63,63,63,63,63,63,68,68,68,68,68,68,68,68,68,68,70,70,79,79,79,79,81,81,81,81,81,83,83,85,87,87,87,89,89,91,91,91,93,93],"relics":["Ring of the Snake","Tiny Chest","Vajra","Old Coin","Dream Catcher","Tiny House","Singing Bowl","Gambling Chip","Pantograph","Snake Skull","Pen Nib","Strawberry","Velvet Choker","Peace Pipe","Torii","Ornamental Fan"],"card_choices":[{"not_picked":["Bane","Setup"],"picked":"PiercingWail"},{"not_picked":["Sucker Punch","Cloak And Dagger"],"picked":"Deadly Poison"},{"not_picked":["Dagger Throw","Underhanded Strike"],"picked":"Footwork"},{"not_picked":["Dagger Throw","Blur"],"picked":"Well Laid Plans"},{"not_picked":["Burst","Die Die Die"],"picked":"Grand Finale"},{"not_picked":["Bouncing Flask","Prepared"],"picked":"Dagger Throw"},{"not_picked":["Outmaneuver","Setup"],"picked":"Dash"},{"not_picked":["Escape Plan","Flying Knee"],"picked":"Grand Finale"},{"not_picked":["Cloak And Dagger","Malaise"],"picked":"Reflex"},{"not_picked":["Outmaneuver","Poisoned Stab"],"picked":"Expertise"},{"not_picked":["Dash","Sucker Punch"],"picked":"Blur"}],"player_experience":707687,"potions_floor_usage":[7,12,24,29,29,35,35,50,50,50],"damage_taken":[{"damage":9,"enemies":"2 Louse","floor":1,"turns":3},{"damage":3,"enemies":"Cultist","floor":3,"turns":7},{"damage":0,"enemies":"Jaw Worm","floor":5,"turns":4},{"damage":19,"enemies":"3 Sentries","floor":7,"turns":15},{"damage":6,"enemies":"Exordium Thugs","floor":10,"turns":7},{"damage":13,"enemies":"Gremlin Nob","floor":12,"turns":5},{"damage":13,"enemies":"Gremlin Gang","floor":13,"turns":6},{"damage":7,"enemies":"The Guardian","floor":16,"turns":13},{"damage":11,"enemies":"Chosen","floor":18,"turns":5},{"damage":3,"enemies":"Spheric Guardian","floor":19,"turns":3},{"damage":14,"enemies":"Book of Stabbing","floor":24,"turns":5},{"damage":0,"enemies":"Centurion and Healer","floor":27,"turns":3},{"damage":14,"enemies":"Gremlin Leader","floor":29,"turns":6},{"damage":39,"enemies":"Automaton","floor":33,"turns":9},{"damage":35,"enemies":"3 Darklings","floor":35,"turns":10},{"damage":22,"enemies":"Mysterious Sphere","floor":36,"turns":10},{"damage":2,"enemies":"3 Shapes","floor":38,"turns":5},{"damage":0,"enemies":"Spire Growth","floor":41,"turns":4},{"damage":0,"enemies":"3 Darklings","floor":44,"turns":2},{"damage":0,"enemies":"Flame Bruiser 2 Orb","floor":45,"turns":2},{"damage":0,"enemies":"Sphere and 2 Shapes","floor":46,"turns":2},{"damage":29,"enemies":"Awakened One","floor":50,"turns":15}],"event_choices":[{"event_name":"Purifier","player_choice":"One Purge","floor":2,"damage_taken":0},{"event_name":"Big Fish","player_choice":"Banana","floor":14,"damage_taken":0},{"event_name":"Vampires","player_choice":"Ignored","floor":22,"damage_taken":0},{"event_name":"Mysterious Sphere","player_choice":"Fight","floor":36,"damage_taken":0},{"event_name":"Winding Halls","player_choice":"Embrace Madness","floor":48,"damage_taken":0}],"boss_relics":[{"not_picked":["Eternal Feather","Snecko Eye"],"picked":"Tiny House"},{"not_picked":["Lizard Tail","Question Card"],"picked":"Velvet Choker"}],"potions_floor_spawned":[5,10,13,18,19,29,33,35,44,45,46],"seed_played":"8201009831467076384","ascension_level":15,"is_trial":false}