{"gold_per_floor":[119,133,143,154,171,171,202,202,202,202,202,231,181,197,197,301,301,276,291,22,22,39,39,68,78,129,164,10,10,29,49,49,49],"floor_reached":33,"playtime":2404,"items_purged":["Strike_G"],"score":449,"play_id":"3e725ce5-3ff5-4822-b67b-94608e07146d","local_time":"20190226005016","is_ascension_mode":true,"campfire_choices":[{"floor":6,"key":"REST"},{"data":"Dagger Spray","floor":8,"key":"SMITH"},{"floor":10,"key":"REST"},{"data":"Dash","floor":15,"key":"SMITH"},{"floor":23,"key":"REST"},{"floor":32,"key":"REST"}],"neow_cost":"NONE","seed_source_timestamp":3645349263106377,"circlet_count":0,"master_deck":["AscendersBane","Defend_G+1","Defend_G","Defend_G","Defend_G","Defend_G","Strike_G","Strike_G+1","Strike_G+1","Survivor+1","Neutralize","Dash+1","Dash","PiercingWail","Dagger Spray+1","Predator","Flying Knee","Adrenaline","Dodge and Roll","Crippling Poison+1","Footwork","Backflip","Well Laid Plans+1","Dodge and Roll","Leg Sweep","Wraith Form v2+1","Riddle With Holes","Footwork+1"],"relics":["Ring of the Snake","Whetstone","War Paint","Bronze Scales","Snecko Eye","OrangePellets","Frozen Egg 2","Dream Catcher","Boot"],"potions_floor_usage":[4,7,7,16,24,24,27,27],"damage_taken":[{"damage":12,"enemies":"Jaw Worm","floor":1,"turns":10},{"damage":0,"enemies":"Small Slimes","floor":2,"turns":4},{"damage":0,"enemies":"2 Louse","floor":3,"turns":2},{"damage":18,"enemies":"Lots of Slimes","floor":4,"turns":4},{"damage":0,"enemies":"2 Fungi Beasts","floor":5,"turns":4},{"damage":10,"enemies":"Gremlin Nob","floor":7,"turns":5},{"damage":9,"enemies":"3 Sentries","floor":12,"turns":7},{"damage":0,"enemies":"Looter","floor":14,"turns":3},{"damage":10,"enemies":"Slime Boss","floor":16,"turns":9},{"damage":0,"enemies":"2 Thieves","floor":18,"turns":5},{"damage":14,"enemies":"Spheric Guardian","floor":19,"turns":5},{"damage":16,"enemies":"Cultist and Chosen","floor":22,"turns":6},{"damage":8,"enemies":"Gremlin Leader","floor":24,"turns":8},{"damage":2,"enemies":"Shelled Parasite and Fungi","floor":25,"turns":6},{"damage":33,"enemies":"Slavers","floor":27,"turns":7},{"damage":0,"enemies":"Centurion and Healer","floor":30,"turns":8},{"damage":3,"enemies":"Snake Plant","floor":31,"turns":4},{"damage":60,"enemies":"Collector","floor":33,"turns":13}],"seed_played":"-5850158564993202234","potions_obtained":[{"floor":0,"key":"LiquidBronze"},{"floor":0,"key":"Strength Potion"},{"floor":0,"key":"FearPotion"},{"floor":4,"key":"Block Potion"},{"floor":5,"key":"AttackPotion"},{"floor":7,"key":"Explosive Potion"},{"floor":19,"key":"Regen Potion"},{"floor":22,"key":"Weak Potion"},{"floor":25,"key":"AttackPotion"}],"is_trial":false,"path_per_floor":["M","M","M","M","M","R","E","R","T","R","?","E","?","M","R","B",null,"M","M","$","?","M","R","E","M","T","E","$","?","M","M","R","B"],"character_chosen":"THE_SILENT","items_purchased":["OrangePellets","Footwork","Leg Sweep"],"campfire_rested":4,"item_purchase_floors":[20,20,28],"current_hp_per_floor":[51,51,51,33,33,54,44,44,44,65,70,61,61,61,61,51,69,69,55,55,55,39,61,53,51,51,30,30,30,30,27,49,0],"gold":49,"neow_bonus":"THREE_SMALL_POTIONS","is_prod":false,"is_daily":false,"chose_seed":false,"campfire_upgraded":2,"win_rate":0,"timestamp":1551160216,"path_taken":["M","M","M","M","M","R","E","R","T","R","?","E","?","M","R","BOSS","M","M","$","?","M","R","E","M","T","E","$","?","?","M","R","BOSS"],"build_version":"2019-02-06","purchased_purges":1,"victory":false,"max_hp_per_floor":[70,70,70,70,70,70,70,70,70,70,75,75,75,75,75,75,75,75,75,75,75,75,75,75,75,75,75,75,75,75,75,75,75],"card_choices":[{"not_picked":["Bane","Quick Slash"],"picked":"Dash","floor":1},{"not_picked":["Dodge and Roll","Outmaneuver"],"picked":"Dash","floor":2},{"not_picked":["Catalyst","Escape Plan","Prepared"],"picked":"SKIP","floor":3},{"not_picked":["Predator","All Out Attack"],"picked":"PiercingWail","floor":4},{"not_picked":["Blade Dance","Reflex","Envenom"],"picked":"SKIP","floor":5},{"not_picked":["Deadly Poison","Doppelganger"],"picked":"Dagger Spray","floor":7},{"not_picked":["Finisher","Bouncing Flask"],"picked":"Predator","floor":12},{"not_picked":["Outmaneuver","Sucker Punch"],"picked":"Flying Knee","floor":14},{"not_picked":["Die Die Die","Glass Knife"],"picked":"Adrenaline","floor":16},{"not_picked":["Eviscerate","Deadly Poison"],"picked":"Dodge and Roll","floor":18},{"not_picked":["Concentrate+1","Caltrops"],"picked":"Crippling Poison+1","floor":19},{"not_picked":["Masterful Stab","Slice","Prepared"],"picked":"SKIP","floor":22},{"not_picked":["Poisoned Stab","Quick Slash+1"],"picked":"Well Laid Plans","floor":24},{"not_picked":["Quick Slash+1","Slice","Infinite Blades+1"],"picked":"SKIP","floor":25},{"not_picked":["Endless Agony","Deflect"],"picked":"Dodge and Roll","floor":27},{"not_picked":["Accuracy+1","Sucker Punch","Terror"],"picked":"SKIP","floor":30},{"not_picked":["Acrobatics","Slice+1","Bane"],"picked":"SKIP","floor":31},{"not_picked":["Unload","Expertise"],"picked":"Footwork+1","floor":32}],"player_experience":246574,"relics_obtained":[{"floor":7,"key":"Whetstone"},{"floor":9,"key":"War Paint"},{"floor":12,"key":"Bronze Scales"},{"floor":24,"key":"Frozen Egg 2"},{"floor":26,"key":"Dream Catcher"},{"floor":27,"key":"Boot"}],"event_choices":[{"damage_healed":0,"gold_gain":0,"player_choice":"Donut","damage_taken":0,"max_hp_gain":5,"max_hp_loss":0,"event_name":"Big Fish","floor":11,"gold_loss":0},{"cards_removed":["Strike_G"],"damage_healed":0,"gold_gain":0,"player_choice":"Card Removal","damage_taken":0,"max_hp_gain":0,"max_hp_loss":0,"event_name":"The Cleric","floor":13,"gold_loss":50},{"damage_healed":0,"gold_gain":0,"player_choice":"Read","damage_taken":0,"max_hp_gain":0,"max_hp_loss":0,"event_name":"The Library","floor":21,"gold_loss":0,"cards_obtained":["Backflip"]},{"damage_healed":0,"gold_gain":0,"player_choice":"2 cards matched","damage_taken":0,"max_hp_gain":0,"max_hp_loss":0,"event_name":"Match and Keep!","floor":29,"gold_loss":0,"cards_obtained":["Wraith Form v2","Riddle With Holes"]}],"is_beta":true,"boss_relics":[{"not_picked":["Ectoplasm","Ring of the Serpent"],"picked":"Snecko Eye"}],"items_purged_floors":[28],"is_endless":false,"potions_floor_spawned":[2,4,5,7,19,22,25],"killed_by":"Collector","ascension_level":10}