{"gold_per_floor":[109,39,49,49,59,84,98,98,152,152,163,194,213,230,230,230],"floor_reached":16,"playtime":970,"items_purged":[],"score":125,"play_id":"b346bf19-4dab-413c-be62-64ebcaab7052","local_time":"20190218014324","is_ascension_mode":true,"campfire_choices":[{"floor":8,"key":"REST"},{"floor":10,"key":"REST"},{"floor":15,"key":"REST"}],"neow_cost":"NONE","seed_source_timestamp":2958801156994622,"circlet_count":0,"master_deck":["Strike_R","Strike_R","Strike_R","Strike_R","Strike_R","Defend_R","Defend_R","Defend_R","Defend_R","Bash","Dark Embrace","True Grit","Pummel","Flame Barrier","Flex","Shrug It Off","Whirlwind","Armaments"],"relics":["Burning Blood","Paper Frog","Centennial Puzzle","Bag of Marbles"],"potions_floor_usage":[7,11,12,16],"damage_taken":[{"damage":1,"enemies":"Cultist","floor":1,"turns":4},{"damage":2,"enemies":"2 Louse","floor":3,"turns":4},{"damage":6,"enemies":"Jaw Worm","floor":5,"turns":4},{"damage":36,"enemies":"3 Sentries","floor":6,"turns":12},{"damage":17,"enemies":"Lots of Slimes","floor":7,"turns":6},{"damage":22,"enemies":"Large Slime","floor":11,"turns":12},{"damage":30,"enemies":"Lagavulin","floor":12,"turns":8},{"damage":5,"enemies":"3 Louse","floor":13,"turns":2},{"damage":1,"enemies":"2 Fungi Beasts","floor":14,"turns":3},{"damage":70,"enemies":"Slime Boss","floor":16,"turns":15}],"seed_played":"4981005829544742466","potions_obtained":[{"floor":3,"key":"GamblersBrew"},{"floor":5,"key":"Block Potion"},{"floor":6,"key":"PowerPotion"},{"floor":11,"key":"SpeedPotion"}],"is_trial":false,"path_per_floor":["M","$","M","$","M","E","M","R","T","R","M","E","M","M","R","B"],"character_chosen":"IRONCLAD","items_purchased":["Pummel"],"campfire_rested":3,"item_purchase_floors":[2],"current_hp_per_floor":[80,80,80,80,80,50,39,63,63,80,64,40,41,46,70,0],"gold":230,"neow_bonus":"ONE_RANDOM_RARE_CARD","is_prod":false,"is_daily":false,"chose_seed":false,"campfire_upgraded":0,"win_rate":0,"timestamp":1550472204,"path_taken":["M","$","M","$","M","E","M","R","T","R","?","E","M","M","R","BOSS"],"build_version":"2019-02-06","purchased_purges":0,"victory":false,"max_hp_per_floor":[80,80,80,80,80,80,80,80,80,80,80,80,80,80,80,80],"card_choices":[{"not_picked":["Wild Strike","Spot Weakness"],"picked":"True Grit","floor":1},{"not_picked":["True Grit","Rupture"],"picked":"Flame Barrier","floor":3},{"not_picked":["Sword Boomerang","Inflame"],"picked":"Flex","floor":5},{"not_picked":["Iron Wave","Ghostly Armor"],"picked":"Shrug It Off","floor":6},{"not_picked":["Carnage","Dual Wield","Clothesline"],"picked":"SKIP","floor":7},{"not_picked":["Sword Boomerang","Twin Strike"],"picked":"Whirlwind","floor":11},{"not_picked":["Dropkick","Hemokinesis"],"picked":"Armaments","floor":12},{"not_picked":["Spot Weakness","Sever Soul","Clash"],"picked":"SKIP","floor":13},{"not_picked":["Fire Breathing","Clash","Corruption"],"picked":"SKIP","floor":14}],"player_experience":136048,"relics_obtained":[{"floor":6,"key":"Paper Frog"},{"floor":9,"key":"Centennial Puzzle"},{"floor":12,"key":"Bag of Marbles"}],"event_choices":[],"is_beta":true,"boss_relics":[],"items_purged_floors":[],"is_endless":false,"potions_floor_spawned":[3,5,6,11],"killed_by":"Slime Boss","ascension_level":2}