{"gold_per_floor":[117,117,137,137,154,154,179,179,203,235,247,257,276,34,34,129,129,117,127,47,47,6,6,18,18,99,23,50,50,62,73,73,169,169,187,35,54,66,66,66,66,66,93,93,93,105,105,118,118,118],"floor_reached":50,"playtime":3273,"items_purged":["Strike_G","Strike_G"],"score":731,"play_id":"5390e928-73b4-42be-b635-42d4e43df0ad","local_time":"20190224013812","is_ascension_mode":true,"campfire_choices":[{"data":"Crippling Poison","floor":6,"key":"SMITH"},{"floor":8,"key":"REST"},{"floor":15,"key":"REST"},{"floor":23,"key":"REST"},{"data":"Footwork","floor":25,"key":"SMITH"},{"floor":32,"key":"REST"},{"floor":40,"key":"REST"},{"data":"Footwork","floor":42,"key":"SMITH"},{"data":"Backflip","floor":45,"key":"SMITH"},{"floor":47,"key":"REST"},{"floor":49,"key":"REST"}],"neow_cost":"NONE","seed_source_timestamp":3474540142104491,"circlet_count":0,"master_deck":["Defend_G","Defend_G","Defend_G","Defend_G","Strike_G","Strike_G","Strike_G","Survivor","Neutralize+1","Crippling Poison+1","All Out Attack","PiercingWail","Skewer","Quick Slash","Footwork+1","Distraction","Deflect","After Image","Bouncing Flask","Skewer","Footwork+1","Backflip+1","Malaise","Mind Blast","Night Terror","Caltrops","Body Slam+1","Shrug It Off","True Grit+1"],"relics":["WristBlade","Omamori","The Courier","Anchor","Snecko Eye","Nloth\u0027s Gift","Blue Candle","Potion Belt","Cursed Key","PrismaticShard","Regal Pillow"],"potions_floor_usage":[10,10,16,16,19,28,28,28,33,46],"damage_taken":[{"damage":0,"enemies":"Small Slimes","floor":1,"turns":5},{"damage":4,"enemies":"2 Louse","floor":3,"turns":3},{"damage":2,"enemies":"Cultist","floor":5,"turns":4},{"damage":39,"enemies":"Lagavulin","floor":7,"turns":10},{"damage":14,"enemies":"3 Sentries","floor":10,"turns":7},{"damage":1,"enemies":"Blue Slaver","floor":11,"turns":4},{"damage":29,"enemies":"Exordium Thugs","floor":12,"turns":6},{"damage":0,"enemies":"3 Louse","floor":13,"turns":4},{"damage":0,"enemies":"The Guardian","floor":16,"turns":15},{"damage":4,"enemies":"2 Thieves","floor":18,"turns":4},{"damage":12,"enemies":"Spheric Guardian","floor":19,"turns":4},{"damage":6,"enemies":"Centurion and Healer","floor":24,"turns":8},{"damage":18,"enemies":"Gremlin Leader","floor":28,"turns":9},{"damage":4,"enemies":"Shelled Parasite and Fungi","floor":30,"turns":7},{"damage":0,"enemies":"Chosen and Byrds","floor":31,"turns":5},{"damage":28,"enemies":"Champ","floor":33,"turns":17},{"damage":0,"enemies":"Orb Walker","floor":35,"turns":5},{"damage":10,"enemies":"3 Shapes","floor":37,"turns":8},{"damage":12,"enemies":"Writhing Mass","floor":38,"turns":8},{"damage":60,"enemies":"Jaw Worm Horde","floor":46,"turns":6},{"damage":0,"enemies":"4 Shapes","floor":48,"turns":6},{"damage":75,"enemies":"Time Eater","floor":50,"turns":17}],"seed_played":"-5251619150681166765","potions_obtained":[{"floor":1,"key":"LiquidBronze"},{"floor":3,"key":"Strength Potion"},{"floor":7,"key":"PowerPotion"},{"floor":13,"key":"GamblersBrew"},{"floor":19,"key":"Swift Potion"},{"floor":24,"key":"FearPotion"},{"floor":30,"key":"Strength Potion"},{"floor":38,"key":"Dexterity Potion"},{"floor":48,"key":"Explosive Potion"}],"is_trial":false,"path_per_floor":["M","?","M","?","M","R","E","R","T","E","M","M","M","$","R","B",null,"M","M","$","?","$","R","M","R","T","$","E","?","M","M","R","B",null,"M","$","M","M","?","R","?","R","T","$","R","M","R","M","R","B"],"character_chosen":"THE_SILENT","items_purchased":["Anchor","Deflect","Swift Potion","Fire Potion","Footwork","Backflip","PrismaticShard"],"campfire_rested":7,"item_purchase_floors":[14,14,14,22,27,27,36],"current_hp_per_floor":[63,68,64,64,62,62,23,45,45,31,30,1,1,1,23,23,62,58,46,46,46,46,68,62,62,62,62,44,44,40,40,62,34,65,65,65,55,43,43,65,65,65,65,65,65,5,42,42,75,0],"gold":118,"neow_bonus":"BOSS_RELIC","is_prod":false,"is_daily":false,"chose_seed":false,"campfire_upgraded":4,"win_rate":0,"timestamp":1550990292,"path_taken":["M","?","M","?","M","R","E","R","T","E","M","?","M","$","R","BOSS","M","M","$","?","$","R","M","R","T","?","E","?","?","M","R","BOSS","M","$","M","M","?","R","?","R","T","$","R","M","R","M","R","BOSS"],"build_version":"2019-02-06","purchased_purges":2,"victory":false,"max_hp_per_floor":[70,75,75,75,75,75,75,75,75,75,75,75,75,75,75,75,75,75,75,75,75,75,75,75,75,75,75,75,75,75,75,75,75,75,75,75,75,75,75,75,75,75,75,75,75,75,75,75,75,75],"card_choices":[{"not_picked":["Riddle With Holes","Terror"],"picked":"Crippling Poison","floor":1},{"not_picked":["Dodge and Roll","Backflip"],"picked":"All Out Attack","floor":3},{"not_picked":["Dagger Throw","Accuracy"],"picked":"PiercingWail","floor":5},{"not_picked":["Quick Slash","Outmaneuver"],"picked":"Skewer","floor":7},{"not_picked":["Accuracy","Flechettes"],"picked":"Quick Slash","floor":10},{"not_picked":["Skewer","PiercingWail"],"picked":"Footwork","floor":11},{"not_picked":["Calculated Gamble","Dagger Spray","Underhanded Strike"],"picked":"SKIP","floor":12},{"not_picked":["After Image","Blade Dance"],"picked":"Distraction","floor":13},{"not_picked":["Burst","Wraith Form v2"],"picked":"After Image","floor":16},{"not_picked":["Sucker Punch","Slice"],"picked":"Bouncing Flask","floor":18},{"not_picked":["Poisoned Stab","Slice"],"picked":"Skewer","floor":19},{"not_picked":["Quick Slash","Deflect","Flying Knee+1"],"picked":"SKIP","floor":24},{"not_picked":["Dagger Throw","Slice"],"picked":"Malaise","floor":28},{"not_picked":["Poisoned Stab","Outmaneuver+1","Sucker Punch+1"],"picked":"SKIP","floor":30},{"not_picked":["Blade Dance","Deadly Poison"],"picked":"Night Terror","floor":31},{"not_picked":["Distraction","Setup+1"],"picked":"Caltrops","floor":35},{"not_picked":["Distraction","Turbo"],"picked":"Body Slam+1","floor":37},{"not_picked":["Bane","Swift Strike+1"],"picked":"Shrug It Off","floor":38},{"not_picked":["Thunderclap","Conserve Battery+1"],"picked":"True Grit+1","floor":46},{"not_picked":["Blind","Deflect+1","Cleave+1"],"picked":"SKIP","floor":48}],"player_experience":225683,"relics_obtained":[{"floor":7,"key":"Boot"},{"floor":9,"key":"Omamori"},{"floor":10,"key":"The Courier"},{"floor":26,"key":"Blue Candle"},{"floor":28,"key":"Potion Belt"},{"floor":43,"key":"Regal Pillow"}],"event_choices":[{"damage_healed":0,"gold_gain":0,"player_choice":"Donut","damage_taken":0,"max_hp_gain":5,"max_hp_loss":0,"event_name":"Big Fish","floor":2,"gold_loss":0},{"damage_healed":0,"gold_gain":0,"player_choice":"Forge","damage_taken":0,"max_hp_gain":0,"max_hp_loss":0,"event_name":"Accursed Blacksmith","floor":4,"gold_loss":0,"cards_upgraded":["Neutralize"]},{"damage_healed":0,"gold_gain":0,"player_choice":"Traded Relic","damage_taken":0,"relics_obtained":["Nloth\u0027s Gift"],"max_hp_gain":0,"max_hp_loss":0,"event_name":"N\u0027loth","floor":21,"relics_lost":["Boot"],"gold_loss":0},{"damage_healed":0,"gold_gain":0,"player_choice":"1 cards matched","damage_taken":0,"max_hp_gain":0,"max_hp_loss":0,"event_name":"Match and Keep!","floor":29,"gold_loss":0,"cards_obtained":["Mind Blast"]},{"cards_removed":["Defend_G"],"damage_healed":0,"gold_gain":0,"player_choice":"Removed Skill","damage_taken":0,"max_hp_gain":0,"max_hp_loss":0,"event_name":"Falling","floor":39,"gold_loss":0},{"damage_healed":0,"gold_gain":0,"player_choice":"Ignored","damage_taken":0,"max_hp_gain":0,"max_hp_loss":0,"event_name":"SecretPortal","floor":41,"gold_loss":0}],"is_beta":true,"boss_relics":[{"not_picked":["White Beast Statue","Coffee Dripper"],"picked":"Snecko Eye"},{"not_picked":["Busted Crown","Pandora\u0027s Box"],"picked":"Cursed Key"}],"items_purged_floors":[14,20],"is_endless":false,"potions_floor_spawned":[1,3,7,13,19,24,30,38,48],"killed_by":"Time Eater","ascension_level":8}