{"path_per_floor":["M","M","M","M","M","E","R","E","T","?","M","R","?","?","R","B",null,"M","M","M","M","M","$","R","?","T","$","M","M","R","M","R"],"character_chosen":"IRONCLAD","items_purchased":["Lee\u0027s Waffle","Lantern","Inflame"],"gold_per_floor":[112,128,141,156,169,203,203,233,281,281,294,294,369,469,469,545,545,563,578,591,610,625,340,340,340,340,4,19,39,39,54,54,54],"floor_reached":33,"campfire_rested":2,"playtime":2060,"current_hp_per_floor":[75,79,79,68,73,51,51,20,20,20,31,31,20,20,59,58,76,83,56,46,21,18,98,98,98,98,98,63,21,65,76,76,0],"items_purged":["Strike_R","Strike_R"],"gold":54,"score":472,"play_id":"da9fdf97-6db5-4453-a046-e314ebe0702d","local_time":"20180510155754","is_prod":false,"is_daily":false,"chose_seed":false,"is_ascension_mode":true,"campfire_upgraded":4,"timestamp":1525993074,"path_taken":["M","M","?","M","M","E","R","E","T","?","M","R","?","?","R","BOSS","M","M","M","M","M","$","R","?","T","$","M","M","R","M","R","BOSS"],"build_version":"2018-05-10","seed_source_timestamp":1630036414944605,"purchased_purges":2,"victory":false,"master_deck":["Strike_R","Strike_R","Strike_R","Defend_R","Defend_R","Defend_R","Defend_R","Bash","AscendersBane","Spot Weakness","Shockwave+1","Shrug It Off","Twin Strike","Whirlwind+1","Shrug It Off","Power Through+1","Feed","Evolve+1","Ghostly Armor","Intimidate","Warcry+1","Anger","Inflame+1","Inflame+1","Shockwave+1"],"max_hp_per_floor":[82,82,82,82,82,82,82,82,82,82,82,82,82,82,82,82,82,85,85,88,88,91,98,98,98,98,98,98,98,98,101,101,101],"relics":["Burning Blood","Regal Pillow","Anchor","Blood Vial","Runic Cube","Lee\u0027s Waffle","Matryoshka","Lantern"],"card_choices":[{"not_picked":["Feel No Pain","Battle Trance"],"picked":"Spot Weakness","floor":1},{"not_picked":["Havoc","Iron Wave"],"picked":"Shockwave","floor":2},{"not_picked":["Armaments","Sword Boomerang"],"picked":"Shrug It Off","floor":3},{"not_picked":["Second Wind","Clothesline"],"picked":"Twin Strike","floor":4},{"not_picked":["Pommel Strike","Armaments"],"picked":"Whirlwind","floor":5},{"not_picked":["Armaments","Thunderclap"],"picked":"Shrug It Off","floor":6},{"not_picked":["Fire Breathing","Clash"],"picked":"Power Through","floor":11},{"not_picked":["Double Tap","Immolate"],"picked":"Feed","floor":16},{"not_picked":["Battle Trance","Pommel Strike"],"picked":"Evolve","floor":18},{"not_picked":["Shrug It Off","Dual Wield"],"picked":"Ghostly Armor","floor":19},{"not_picked":["Warcry","Hemokinesis"],"picked":"Intimidate","floor":20},{"not_picked":["Shrug It Off","Sword Boomerang"],"picked":"Warcry","floor":21},{"not_picked":["Body Slam","Sentinel"],"picked":"Anger","floor":22},{"not_picked":["Spot Weakness","Second Wind"],"picked":"Inflame","floor":29},{"not_picked":["Warcry","Clothesline"],"picked":"Shockwave","floor":31}],"player_experience":556438,"potions_floor_usage":[6,6,11,19,19,21,33],"damage_taken":[{"damage":6,"enemies":"Cultist","floor":1,"turns":4},{"damage":2,"enemies":"Small Slimes","floor":2,"turns":5},{"damage":6,"enemies":"2 Louse","floor":3,"turns":3},{"damage":17,"enemies":"2 Fungi Beasts","floor":4,"turns":5},{"damage":1,"enemies":"3 Louse","floor":5,"turns":3},{"damage":28,"enemies":"Gremlin Nob","floor":6,"turns":4},{"damage":37,"enemies":"Lagavulin","floor":8,"turns":6},{"damage":0,"enemies":"Lots of Slimes","floor":11,"turns":2},{"damage":9,"enemies":"Slime Boss","floor":16,"turns":10},{"damage":4,"enemies":"3 Byrds","floor":18,"turns":5},{"damage":35,"enemies":"Spheric Guardian","floor":19,"turns":7},{"damage":21,"enemies":"Snecko","floor":20,"turns":6},{"damage":33,"enemies":"3 Cultists","floor":21,"turns":4},{"damage":14,"enemies":"Centurion and Healer","floor":22,"turns":9},{"damage":41,"enemies":"Cultist and Chosen","floor":28,"turns":10},{"damage":50,"enemies":"Snecko","floor":29,"turns":7},{"damage":0,"enemies":"Centurion and Healer","floor":31,"turns":7},{"damage":90,"enemies":"Champ","floor":33,"turns":14}],"event_choices":[{"event_name":"The Lab","player_choice":"Got Potions","floor":10,"damage_taken":0},{"event_name":"World of Goop","player_choice":"Gather Gold","floor":13,"damage_taken":0},{"event_name":"Golden Shrine","player_choice":"Pray","floor":14,"damage_taken":0},{"event_name":"Accursed Blacksmith","player_choice":"Forge","floor":25,"damage_taken":0}],"boss_relics":[{"not_picked":["Lizard Tail","Eternal Feather"],"picked":"Runic Cube"}],"potions_floor_spawned":[1,3,5,6,18,29],"seed_played":"-3109700781421488335","killed_by":"Champ","ascension_level":14,"is_trial":false}