{"path_per_floor":["M","$","?","M","M","E","?","M","T","?","R","E","?","M","R","B"],"character_chosen":"DEFECT","items_purchased":[],"gold_per_floor":[109,34,34,49,69,97,172,184,208,208,208,248,248,273,273,397,397],"floor_reached":17,"campfire_rested":2,"playtime":678,"item_purchase_floors":[],"current_hp_per_floor":[75,75,75,75,74,40,29,22,22,22,42,21,21,21,41,3,69],"items_purged":["Defend_B"],"gold":397,"score":165,"play_id":"1c686852-2614-440e-81c1-ec905b89e8b6","local_time":"20180603214629","is_prod":false,"is_daily":false,"chose_seed":false,"is_ascension_mode":false,"campfire_upgraded":0,"win_rate":0,"timestamp":1528087589,"campfire_choices":[{"floor":11,"key":"REST"},{"floor":15,"key":"REST"}],"path_taken":["M","?","?","M","?","E","?","M","T","?","R","E","?","M","R","BOSS"],"build_version":"2018-05-30v2","seed_source_timestamp":546215491148511,"purchased_purges":1,"victory":false,"master_deck":["Strike_B","Strike_B","Defend_B","Defend_B","Defend_B","Zap","Dualcast","Gash","Echo Form"],"max_hp_per_floor":[75,75,75,75,75,75,75,75,75,69,69,69,69,69,69,69,69],"relics":["Cracked Core","Anchor","Juzu Bracelet","Golden Idol","Bag of Preparation","Eternal Feather"],"card_choices":[{"not_picked":["Aggregate","Barrage","Leap"],"picked":"SKIP","floor":1},{"not_picked":["Reinforced Body","Hologram","Force Field"],"picked":"SKIP","floor":4},{"not_picked":["BootSequence","Leap","Reprogram"],"picked":"SKIP","floor":5},{"not_picked":["Ball Lightning","Compile Driver","Rebound"],"picked":"SKIP","floor":6},{"not_picked":["Hologram","Redo"],"picked":"Gash","floor":8},{"not_picked":["Stack","White Noise","Blizzard"],"picked":"SKIP","floor":12},{"not_picked":["Leap","Turbo","Cold Snap"],"picked":"SKIP","floor":14},{"not_picked":["Leap","Turbo","Cold Snap"],"picked":"SKIP","floor":14},{"not_picked":["Electrodynamics","Biased Cognition"],"picked":"Echo Form","floor":16}],"player_experience":1759020,"potions_floor_usage":[16,16,16],"damage_taken":[{"damage":0,"enemies":"Cultist","floor":1,"turns":3},{"damage":0,"enemies":"2 Louse","floor":4,"turns":2},{"damage":1,"enemies":"Jaw Worm","floor":5,"turns":3},{"damage":34,"enemies":"3 Sentries","floor":6,"turns":9},{"damage":7,"enemies":"Gremlin Gang","floor":8,"turns":5},{"damage":21,"enemies":"Lagavulin","floor":12,"turns":7},{"damage":0,"enemies":"3 Louse","floor":14,"turns":2},{"damage":38,"enemies":"Slime Boss","floor":16,"turns":10}],"relics_obtained":[{"floor":6,"key":"Anchor"},{"floor":9,"key":"Juzu Bracelet"},{"floor":12,"key":"Bag of Preparation"}],"event_choices":[{"event_name":"Liars Game","player_choice":"disagreed","floor":3,"damage_taken":0},{"event_name":"World of Goop","player_choice":"Gather Gold","floor":7,"damage_taken":0},{"event_name":"Golden Idol","player_choice":"Lose Max HP","floor":10,"damage_taken":0},{"event_name":"Living Wall","player_choice":"Forget","floor":13,"damage_taken":0}],"boss_relics":[{"not_picked":["Runic Pyramid","White Beast Statue"],"picked":"Eternal Feather"}],"items_purged_floors":[2],"potions_floor_spawned":[1,8,12,14,16],"seed_played":"2692126119808056610","ascension_level":0,"potions_obtained":[{"floor":1,"key":"SpeedPotion"},{"floor":8,"key":"Energy Potion"},{"floor":12,"key":"AttackPotion"},{"floor":14,"key":"Explosive Potion"},{"floor":16,"key":"Explosive Potion"}],"is_trial":false}