{"path_per_floor":["M","M","M","?","M","R","M","R","T","M","R","E","M","M","R","B",null,"M","?","M","M","$","R","?","R","T","M","R","M","R","M","R","B",null,"M","M","?","M","?","R","?","R","T","M","R","M","E","$","R"],"character_chosen":"IRONCLAD","items_purchased":["Reaper","Exhume","Shrug It Off"],"gold_per_floor":[119,129,143,143,160,160,172,172,172,183,183,210,227,241,241,337,337,277,277,277,277,20,20,20,20,20,20,20,20,20,20,20,20,20,20,20,0,0,0,0,0,0,0,0,0,0,0,0,0],"floor_reached":50,"campfire_rested":3,"playtime":5298,"current_hp_per_floor":[77,76,72,72,44,44,30,54,54,49,49,28,34,40,40,16,80,56,56,40,8,8,32,32,32,32,25,25,61,61,55,55,48,80,80,69,69,55,45,45,45,45,45,77,77,80,17,17,41],"items_purged":[],"gold":0,"score":598,"play_id":"3e181a67-67c9-49b5-a8b8-4a0e29aafa6f","local_time":"20180312211428","is_prod":false,"is_daily":false,"is_ascension_mode":true,"campfire_upgraded":7,"timestamp":1520914468,"path_taken":["M","?","M","?","M","R","M","R","T","?","R","E","M","M","R","BOSS","M","?","M","M","$","R","?","R","T","M","R","M","R","?","R","BOSS","M","M","?","M","?","R","?","R","T","M","R","?","E","?","R","BOSS"],"build_version":"2018-03-09","purchased_purges":0,"victory":false,"master_deck":["Strike_R","Strike_R","Strike_R","Strike_R","Strike_R","Defend_R","Defend_R","Defend_R","Defend_R","Bash","Fiend Fire","True Grit+1","Shockwave+1","Clothesline+1","Intimidate","Thunderclap","Flex","Wild Strike","Exhume+1","Barricade+1","Armaments+1","Spot Weakness","Sword Boomerang+1","Reaper","Exhume","Shrug It Off","Pummel","True Grit+1","Flame Barrier","Dark Embrace+1","Shrug It Off","Ghostly Armor+1","Headbutt","Madness","Madness","Iron Wave+1","Ghostly Armor+1","Sentinel+1","Offering"],"max_hp_per_floor":[80,80,80,80,80,80,80,80,80,80,80,80,80,80,80,80,80,80,80,80,80,80,80,80,80,80,80,80,80,80,80,80,80,80,80,80,80,80,80,80,80,80,80,80,80,80,80,80,80],"relics":["Burning Blood","Spirit Poop","Girya","Art of War","Ectoplasm","Lantern","Lizard Tail","Red Mask","Dream Catcher","Kunai"],"card_choices":[{"not_picked":["Double Tap","Brutality"],"picked":"Fiend Fire"},{"not_picked":["Headbutt","Carnage"],"picked":"True Grit"},{"not_picked":["Iron Wave","Body Slam"],"picked":"Shockwave"},{"not_picked":["Thunderclap","Bloodletting"],"picked":"Clothesline"},{"not_picked":["Thunderclap","Twin Strike"],"picked":"Intimidate"},{"not_picked":["Wild Strike","Sever Soul"],"picked":"Thunderclap"},{"not_picked":["Heavy Blade","Headbutt"],"picked":"Flex"},{"not_picked":["Anger","Searing Blow"],"picked":"Wild Strike"},{"not_picked":["Disarm","Sword Boomerang"],"picked":"Exhume"},{"not_picked":["Berserk","Impervious"],"picked":"Barricade"},{"not_picked":["Pummel","Clash"],"picked":"Armaments"},{"not_picked":["Uppercut","Searing Blow"],"picked":"Spot Weakness"},{"not_picked":["Havoc","Anger"],"picked":"Sword Boomerang"},{"not_picked":["Flex","Sever Soul"],"picked":"Pummel"},{"not_picked":["Second Wind","Combust"],"picked":"True Grit"},{"not_picked":["True Grit","Clothesline"],"picked":"Flame Barrier"},{"not_picked":["Exhume","Berserk"],"picked":"Dark Embrace"},{"not_picked":["Sword Boomerang","Combust"],"picked":"Shrug It Off"},{"not_picked":["Wild Strike","Heavy Blade"],"picked":"Ghostly Armor"},{"not_picked":["Thunderclap","Sword Boomerang"],"picked":"Headbutt"},{"not_picked":["Sword Boomerang","Pummel"],"picked":"Iron Wave"},{"not_picked":["Infernal Blade","Rage"],"picked":"Ghostly Armor"},{"not_picked":["Heavy Blade","Evolve"],"picked":"Sentinel"},{"not_picked":["Pommel Strike","Rupture"],"picked":"Offering"}],"player_experience":220633,"potions_floor_usage":[7,16,16,16,33,33,33,44,50],"damage_taken":[{"damage":9,"enemies":"Cultist","floor":1,"turns":5},{"damage":7,"enemies":"Jaw Worm","floor":2,"turns":5},{"damage":10,"enemies":"2 Louse","floor":3,"turns":3},{"damage":34,"enemies":"Gremlin Gang","floor":5,"turns":7},{"damage":35,"enemies":"Exordium Wildlife","floor":7,"turns":8},{"damage":11,"enemies":"Red Slaver","floor":10,"turns":7},{"damage":27,"enemies":"3 Sentries","floor":12,"turns":9},{"damage":0,"enemies":"Large Slime","floor":13,"turns":4},{"damage":0,"enemies":"2 Fungi Beasts","floor":14,"turns":2},{"damage":30,"enemies":"Slime Boss","floor":16,"turns":10},{"damage":30,"enemies":"2 Thieves","floor":18,"turns":5},{"damage":22,"enemies":"Chosen","floor":20,"turns":9},{"damage":38,"enemies":"Slaver and Parasite","floor":21,"turns":7},{"damage":13,"enemies":"Snecko","floor":27,"turns":3},{"damage":10,"enemies":"3 Cultists","floor":29,"turns":4},{"damage":12,"enemies":"Centurion and Healer","floor":31,"turns":5},{"damage":59,"enemies":"Automaton","floor":33,"turns":13},{"damage":15,"enemies":"3 Shapes","floor":35,"turns":9},{"damage":17,"enemies":"Orb Walker","floor":36,"turns":5},{"damage":51,"enemies":"Maw","floor":38,"turns":11},{"damage":25,"enemies":"Sphere and 2 Shapes","floor":44,"turns":18},{"damage":44,"enemies":"4 Shapes","floor":46,"turns":14},{"damage":69,"enemies":"Nemesis","floor":47,"turns":11},{"damage":96,"enemies":"Awakened One","floor":50,"turns":14}],"event_choices":[{"event_name":"Bonfire Elementals","player_choice":"CURSE","floor":4,"damage_taken":0},{"event_name":"Match and Keep!","player_choice":"0 cards matched","floor":19,"damage_taken":0},{"event_name":"The Lab","player_choice":"Got Potions","floor":24,"damage_taken":0},{"event_name":"Tomb of Lord Red Mask","player_choice":"Paid","floor":37,"damage_taken":0},{"event_name":"Winding Halls","player_choice":"Embrace Madness","floor":39,"damage_taken":0},{"event_name":"Mysterious Sphere","player_choice":"Ignore","floor":41,"damage_taken":0}],"boss_relics":[{"not_picked":["Calling Bell","Question Card"],"picked":"Ectoplasm"},{"not_picked":["Black Blood","Runic Pyramid"],"picked":"Lizard Tail"}],"potions_floor_spawned":[1,5,10,12,14,18,29,31,35,47],"seed_played":"5991097453935351872","killed_by":"Awakened One","ascension_level":4,"is_trial":false}