{"path_per_floor":["M","?","M","M","?","R","?","M","T","M","M","R","E","T","R","B",null,"M","?","M","M","$","R","$","R","T","?"],"character_chosen":"IRONCLAD","items_purchased":["Seeing Red","Reaper"],"gold_per_floor":[117,117,130,148,148,148,148,158,209,226,238,238,266,266,266,369,369,389,304,317,336,179,179,10,10,36,136],"floor_reached":28,"campfire_rested":0,"playtime":1720,"current_hp_per_floor":[41,41,47,50,55,55,38,44,44,50,56,56,57,57,57,41,85,70,70,76,44,44,44,44,44,44,44],"items_purged":["Strike_R","Strike_R"],"gold":136,"score":218,"play_id":"4bf5d2c2-fcb7-496a-b6b5-e47fbdafca9f","is_prod":false,"is_daily":false,"is_ascension_mode":false,"campfire_upgraded":5,"path_taken":["M","?","M","M","?","R","?","M","T","M","?","R","E","?","R","BOSS","M","?","?","M","?","R","$","R","T","?","E"],"build_version":"2018-02-22-PROD2","purchased_purges":3,"victory":false,"master_deck":["Strike_R","Strike_R","Strike_R","Defend_R","Defend_R+1","Defend_R","Defend_R","Bash","Demon Form+1","Pommel Strike+1","Armaments+1","Flex","Iron Wave","Warcry","Cleave+1","Demon Form+1","Warcry+1","Headbutt+1","Ghostly Armor","Seeing Red+1","Reaper"],"max_hp_per_floor":[80,80,80,80,85,85,85,85,85,85,85,85,85,85,85,85,85,85,85,85,85,85,85,85,85,85,85],"relics":["Black Blood","Lantern","Anchor","Bag of Marbles","Bird Faced Urn","Orichalcum","Bronze Scales"],"card_choices":[{"not_picked":["Double Tap","Reaper"],"picked":"Demon Form"},{"not_picked":["Armaments","Second Wind"],"picked":"Pommel Strike"},{"not_picked":["Body Slam","Pommel Strike"],"picked":"Armaments"},{"not_picked":["Clothesline","Body Slam"],"picked":"Flex"},{"not_picked":["Armaments","Headbutt"],"picked":"Iron Wave"},{"not_picked":["Armaments","Clothesline"],"picked":"Warcry"},{"not_picked":["Headbutt","Rupture"],"picked":"Cleave"},{"not_picked":["Bludgeon","Immolate"],"picked":"Demon Form"},{"not_picked":["True Grit","Pommel Strike"],"picked":"Warcry"},{"not_picked":["Spot Weakness","Inflame"],"picked":"Headbutt"},{"not_picked":["Rampage","Sentinel"],"picked":"Ghostly Armor"}],"player_experience":123795,"potions_floor_usage":[11,16,16,16,28],"damage_taken":[{"damage":5,"enemies":"Small Slimes","floor":1,"turns":4},{"damage":0,"enemies":"Cultist","floor":3,"turns":4},{"damage":3,"enemies":"Jaw Worm","floor":4,"turns":3},{"damage":0,"enemies":"3 Louse","floor":8,"turns":3},{"damage":0,"enemies":"Blue Slaver","floor":10,"turns":2},{"damage":0,"enemies":"Gremlin Gang","floor":11,"turns":4},{"damage":5,"enemies":"Lagavulin","floor":13,"turns":7},{"damage":24,"enemies":"Hexaghost","floor":16,"turns":8},{"damage":25,"enemies":"Shell Parasite","floor":18,"turns":8},{"damage":4,"enemies":"3 Byrds","floor":20,"turns":5},{"damage":42,"enemies":"3 Cultists","floor":21,"turns":7},{"damage":59,"enemies":"Book of Stabbing","floor":28,"turns":6}],"event_choices":[{"event_name":"Wheel of Change","player_choice":"Relic","floor":2,"damage_taken":0},{"event_name":"Big Fish","player_choice":"Donut","floor":5,"damage_taken":0},{"event_name":"Shining Light","player_choice":"Entered Light","floor":7,"damage_taken":0},{"event_name":"Addict","player_choice":"Obtained Relic","floor":19,"damage_taken":0},{"event_name":"Golden Shrine","player_choice":"Pray","floor":27,"damage_taken":0}],"boss_relics":[{"not_picked":["Runic Cube","Astrolabe"],"picked":"Black Blood"}],"potions_floor_spawned":[3,8,10,11,18],"seed_played":"-777178100664745636","killed_by":"Book of Stabbing","ascension_level":0,"is_trial":false}