{"path_per_floor":["M","M","M","$","M","R","E","R","T","R","M","?","?","M","R","B",null,"M"],"character_chosen":"DEFECT","items_purchased":["Gash"],"gold_per_floor":[109,123,133,19,31,31,64,64,64,64,78,78,78,90,90,164,164,178,178],"floor_reached":19,"campfire_rested":0,"playtime":1172,"current_hp_per_floor":[63,56,56,56,56,56,39,39,39,39,39,44,44,34,34,16,61,41,0],"items_purged":["Strike_B"],"gold":178,"score":296,"play_id":"ecd6d51b-d3f6-47f6-ac19-213ca47e701d","local_time":"20180514183355","is_prod":false,"is_daily":false,"chose_seed":false,"is_ascension_mode":true,"campfire_upgraded":4,"timestamp":1526348035,"path_taken":["M","M","M","$","M","R","E","R","T","R","M","?","?","?","R","BOSS","M","?"],"build_version":"2018-05-12v2","seed_source_timestamp":2008803439332307,"purchased_purges":1,"victory":false,"master_deck":["Strike_B","Strike_B","Defend_B","Defend_B","Defend_B","Defend_B","Zap+1","Dualcast","AscendersBane","Beam Cell","Streamline+1","BootSequence","Gash+1","Skim","Sunder+1","Gash","Hologram+1","Machine Learning","Coolheaded"],"max_hp_per_floor":[71,71,71,71,71,71,71,71,71,71,71,76,76,76,76,76,76,76,76],"relics":["Cracked Core","Art of War","Mummified Hand","Eternal Feather"],"card_choices":[{"not_picked":["Steam","Turbo"],"picked":"Beam Cell","floor":1},{"not_picked":["Capacitor","Leap"],"picked":"Streamline","floor":2},{"not_picked":["Redo","Stack"],"picked":"BootSequence","floor":3},{"not_picked":["Darkness","Defragment"],"picked":"Skim","floor":5},{"not_picked":["Loop","Barrage"],"picked":"Sunder","floor":7},{"not_picked":["Chaos","Melter"],"picked":"Gash","floor":11},{"not_picked":["Beam Cell","Impulse"],"picked":"Hologram","floor":14},{"not_picked":["Hyperbeam","Meteor Strike"],"picked":"Machine Learning","floor":16},{"not_picked":["Storm","Sunder"],"picked":"Coolheaded","floor":18}],"player_experience":1471296,"potions_floor_usage":[16,18,19],"damage_taken":[{"damage":1,"enemies":"Jaw Worm","floor":1,"turns":4},{"damage":7,"enemies":"Small Slimes","floor":2,"turns":2},{"damage":0,"enemies":"Cultist","floor":3,"turns":3},{"damage":0,"enemies":"Looter","floor":5,"turns":2},{"damage":17,"enemies":"3 Sentries","floor":7,"turns":6},{"damage":0,"enemies":"3 Louse","floor":11,"turns":3},{"damage":10,"enemies":"Gremlin Gang","floor":14,"turns":3},{"damage":18,"enemies":"Slime Boss","floor":16,"turns":6},{"damage":20,"enemies":"Shell Parasite","floor":18,"turns":6},{"damage":41,"enemies":"Masked Bandits","floor":19,"turns":3}],"event_choices":[{"event_name":"Big Fish","player_choice":"Donut","floor":12,"damage_taken":0},{"event_name":"Living Wall","player_choice":"Forget","floor":13,"damage_taken":0},{"event_name":"Masked Bandits","player_choice":"Fought over 178 gold","floor":19,"damage_taken":0}],"boss_relics":[{"not_picked":["Orrery","Philosopher\u0027s Stone"],"picked":"Eternal Feather"}],"potions_floor_spawned":[2,7,11,16],"seed_played":"8327538153595015882","killed_by":"Masked Bandits","ascension_level":15,"is_trial":false}