{"path_per_floor":["M","M","M","M","$","E","R","E","T","M","?","R","$","E","R","B",null,"M","M","M","?","M","E","R","E","T","E","?","M","M","E","R","B",null,"M","?","T","M","$","E","R","E","T","M","M","?","M","E","R","B"],"character_chosen":"THE_SILENT","items_purchased":["Well Laid Plans","Dash","Ninja Scroll","Flash of Steel","Footwork","Regen Potion"],"gold_per_floor":[212,225,245,261,46,71,71,103,183,202,277,277,20,53,53,124,124,136,149,159,209,221,247,247,277,277,306,221,237,252,278,278,354,354,365,365,365,381,98,131,131,162,162,180,194,194,207,232,232,232],"floor_reached":51,"campfire_rested":1,"playtime":5099,"current_hp_per_floor":[57,57,54,44,44,40,40,30,30,30,19,19,19,19,19,10,50,50,47,47,47,41,36,36,36,36,36,36,36,36,36,36,10,50,50,50,56,56,56,62,62,57,63,63,63,63,63,59,75,30],"items_purged":["Parasite","Strike_G"],"gold":232,"score":1315,"play_id":"15c25e61-71fb-42db-a999-ae51900c33a6","is_prod":false,"is_daily":false,"is_ascension_mode":true,"campfire_upgraded":2,"path_taken":["M","M","M","?","$","E","R","E","T","M","?","R","$","E","R","BOSS","M","M","M","?","M","E","R","E","T","E","?","M","?","E","R","BOSS","M","?","?","M","$","E","R","E","T","?","M","?","M","E","R","BOSS"],"build_version":"2018-02-16-BETA2","purchased_purges":2,"victory":true,"master_deck":["Defend_G","Defend_G","Defend_G","Defend_G","Defend_G","Strike_G","Strike_G","Strike_G","Strike_G","Survivor","Neutralize+1","Slice","Flying Knee","Backstab","Backstab","Well Laid Plans","Dash","Terror","Escape Plan","Footwork+1","After Image+1","Blur","Cloak And Dagger","Backstab","PiercingWail","Parasite","Choke+1","Night Terror","Expertise","Cloak And Dagger","Doppelganger","Injury","Flash of Steel","Footwork+1","Dagger Spray","Writhe","Backflip","Escape Plan+1","Dagger Spray","Prepared+1"],"max_hp_per_floor":[66,66,66,66,63,63,63,63,63,63,63,63,63,63,63,63,63,63,63,63,63,63,63,63,63,63,63,63,63,63,63,63,63,63,63,63,69,69,69,69,69,69,75,75,75,75,75,75,75,75],"relics":["Ring of the Snake","Girya","Frozen Egg 2","Bottled Lightning","Ninja Scroll","Bottled Tornado","Cursed Key","Du-Vu Doll","Anchor","Peace Pipe","Bottled Flame","Darkstone Periapt","Dream Catcher","Lizard Tail","Tingsha","Orichalcum","Centennial Puzzle","Frozen Eye","Ginger"],"card_choices":[{"not_picked":["Flechettes","Acrobatics"],"picked":"Slice"},{"not_picked":["Poisoned Stab","Crippling Poison"],"picked":"Flying Knee"},{"not_picked":["Dagger Spray","Poisoned Stab"],"picked":"Backstab"},{"not_picked":["Predator","Deflect"],"picked":"Backstab"},{"not_picked":["Blade Dance","Malaise"],"picked":"Terror"},{"not_picked":["Deflect","Accuracy"],"picked":"Escape Plan"},{"not_picked":["Outmaneuver","Deadly Poison"],"picked":"Footwork"},{"not_picked":["Storm of Steel","Die Die Die"],"picked":"After Image"},{"not_picked":["Finisher","Skewer"],"picked":"Blur"},{"not_picked":["Flying Knee","Backflip"],"picked":"Cloak And Dagger"},{"not_picked":["Infinite Blades","Cloak And Dagger"],"picked":"Backstab"},{"not_picked":["Choke","Underhanded Strike"],"picked":"Backstab"},{"not_picked":["All Out Attack","Malaise"],"picked":"PiercingWail"},{"not_picked":["Acrobatics","PiercingWail"],"picked":"Choke"},{"not_picked":["Dodge and Roll","Underhanded Strike"],"picked":"Night Terror"},{"not_picked":["Distraction","Deflect"],"picked":"Expertise"},{"not_picked":["Expertise","Skewer"],"picked":"Cloak And Dagger"},{"not_picked":["Tactician","Venomology"],"picked":"Doppelganger"},{"not_picked":["Underhanded Strike","Acrobatics"],"picked":"Leg Sweep"},{"not_picked":["PiercingWail","All Out Attack"],"picked":"Dagger Spray"},{"not_picked":["Flying Knee","Dagger Throw"],"picked":"Backflip"},{"not_picked":["Deflect","Slice"],"picked":"Escape Plan"},{"not_picked":["Dodge and Roll","Quick Slash"],"picked":"Dagger Spray"},{"not_picked":["Terror","Acrobatics"],"picked":"Prepared"}],"player_experience":719688,"potions_floor_usage":[40,40,50,50,50],"damage_taken":[{"damage":2.0,"enemies":"Cultist","floor":1.0,"turns":5.0},{"damage":0.0,"enemies":"Small Slimes","floor":2.0,"turns":3.0},{"damage":3.0,"enemies":"Jaw Worm","floor":3.0,"turns":6.0},{"damage":10.0,"enemies":"Red Slaver","floor":4.0,"turns":5.0},{"damage":4.0,"enemies":"3 Sentries","floor":6.0,"turns":8.0},{"damage":10.0,"enemies":"Lagavulin","floor":8.0,"turns":6.0},{"damage":0.0,"enemies":"Blue Slaver","floor":10.0,"turns":1.0},{"damage":0.0,"enemies":"3 Sentries","floor":14.0,"turns":5.0},{"damage":9.0,"enemies":"The Guardian","floor":16.0,"turns":8.0},{"damage":0.0,"enemies":"Chosen","floor":18.0,"turns":2.0},{"damage":3.0,"enemies":"2 Thieves","floor":19.0,"turns":2.0},{"damage":0.0,"enemies":"Snake Plant","floor":20.0,"turns":3.0},{"damage":6.0,"enemies":"Snecko","floor":22.0,"turns":3.0},{"damage":5.0,"enemies":"Book of Stabbing","floor":23.0,"turns":3.0},{"damage":0.0,"enemies":"Slavers","floor":25.0,"turns":4.0},{"damage":0.0,"enemies":"Book of Stabbing","floor":27.0,"turns":2.0},{"damage":0.0,"enemies":"Sentry and Sphere","floor":29.0,"turns":1.0},{"damage":0.0,"enemies":"3 Cultists","floor":30.0,"turns":2.0},{"damage":0.0,"enemies":"Gremlin Leader","floor":31.0,"turns":1.0},{"damage":26.0,"enemies":"Champ","floor":33.0,"turns":15.0},{"damage":0,"enemies":"Flame Bruiser 1 Orb","floor":35,"turns":1},{"damage":0,"enemies":"Orb Walker","floor":38,"turns":1},{"damage":6,"enemies":"Giant Head","floor":40,"turns":8},{"damage":5,"enemies":"Nemesis","floor":42,"turns":3},{"damage":0,"enemies":"Flame Bruiser 2 Orb","floor":44,"turns":1},{"damage":0,"enemies":"Maw","floor":45,"turns":5},{"damage":0,"enemies":"3 Darklings","floor":47,"turns":5},{"damage":4,"enemies":"Giant Head","floor":48,"turns":6},{"damage":45,"enemies":"Donu and Deca","floor":50,"turns":11}],"event_choices":[{"event_name":"World of Goop","player_choice":"Gather Gold","floor":11.0,"damage_taken":0.0},{"event_name":"Golden Shrine","player_choice":"Pray","floor":21.0,"damage_taken":0.0},{"event_name":"Addict","player_choice":"Obtained Relic","floor":28.0,"damage_taken":0.0},{"event_name":"Tomb of Lord Red Mask","player_choice":"Ignored","floor":36,"damage_taken":0}],"boss_relics":[{"not_picked":["Question Card","Velvet Choker"],"picked":"Lizard Tail"}],"potions_floor_spawned":[2,8,16,18,20,29,31,33,38,42,45,47],"seed_played":"9019344745452865542","ascension_level":15,"is_trial":false}