{"gold_per_floor":[14,24,37,37,37,37,67,83,109,129,154,170,170,205,205,279,279,290,309,324,324,338,338,355,355,355,409,409,434,449,499,499,575,575,594,943,290,290,11,37,54,73,98,127,127,127,159,159,159,159],"floor_reached":51,"playtime":4446,"items_purged":["Strike_B","Strike_B"],"score":1344,"play_id":"cfa20b10-8557-458c-9ad5-de3abcfcb85b","local_time":"20180702181241","is_ascension_mode":true,"campfire_choices":[{"data":"Zap","floor":6,"key":"SMITH"},{"floor":13,"key":"REST"},{"data":"Defragment","floor":15,"key":"SMITH"},{"floor":23,"key":"REST"},{"floor":25,"key":"REST"},{"floor":28,"key":"REST"},{"floor":32,"key":"REST"},{"floor":45,"key":"REST"},{"floor":49,"key":"REST"}],"neow_cost":"NO_GOLD","seed_source_timestamp":582305673953576,"circlet_count":0,"master_deck":["Strike_B","Defend_B","Defend_B","Defend_B","Defend_B","Zap+1","Dualcast","AscendersBane","Chill","Compile Driver","Cold Snap","Defragment+1","Loop","Leap","Capacitor","Electrodynamics","Compile Driver","Stack+1","Undo","Hologram","Loop","Doom and Gloom","All For One"],"relics":["Cracked Core","Oddly Smooth Stone","Singing Bowl","Lantern","Strawberry","Fusion Hammer","Ornamental Fan","Bag of Preparation","Du-Vu Doll","Snecko Eye","Old Coin","Gambling Chip","Lee\u0027s Waffle","Vajra","Letter Opener","Omamori","Prayer Wheel","Pen Nib","Question Card"],"potions_floor_usage":[11,14,22,24,50,50],"damage_taken":[{"damage":0,"enemies":"Cultist","floor":1,"turns":4},{"damage":3,"enemies":"2 Louse","floor":2,"turns":2},{"damage":12,"enemies":"Jaw Worm","floor":3,"turns":4},{"damage":5,"enemies":"3 Sentries","floor":7,"turns":9},{"damage":5,"enemies":"Exordium Thugs","floor":8,"turns":4},{"damage":6,"enemies":"Large Slime","floor":10,"turns":4},{"damage":21,"enemies":"Gremlin Nob","floor":11,"turns":4},{"damage":5,"enemies":"Blue Slaver","floor":12,"turns":3},{"damage":13,"enemies":"Lagavulin","floor":14,"turns":8},{"damage":21,"enemies":"The Guardian","floor":16,"turns":14},{"damage":4,"enemies":"Spheric Guardian","floor":18,"turns":4},{"damage":9,"enemies":"Chosen","floor":19,"turns":5},{"damage":19,"enemies":"Centurion and Healer","floor":20,"turns":7},{"damage":23,"enemies":"Cultist and Chosen","floor":22,"turns":5},{"damage":7,"enemies":"Snecko","floor":24,"turns":6},{"damage":18,"enemies":"Gremlin Leader","floor":29,"turns":7},{"damage":16,"enemies":"Snake Plant","floor":30,"turns":4},{"damage":20,"enemies":"Collector","floor":33,"turns":11},{"damage":0,"enemies":"3 Darklings","floor":35,"turns":6},{"damage":21,"floor":36,"turns":5},{"damage":6,"enemies":"2 Orb Walkers","floor":40,"turns":5},{"damage":0,"enemies":"3 Shapes","floor":41,"turns":1},{"damage":9,"enemies":"Spire Growth","floor":42,"turns":3},{"damage":17,"enemies":"Nemesis","floor":44,"turns":5},{"damage":78,"enemies":"Giant Head","floor":47,"turns":10},{"damage":6,"enemies":"Donu and Deca","floor":50,"turns":7}],"seed_played":"-7568978951721775486","potions_obtained":[{"floor":5,"key":"Ancient Potion"},{"floor":5,"key":"PowerPotion"},{"floor":7,"key":"Weak Potion"},{"floor":11,"key":"Weak Potion"},{"floor":16,"key":"AttackPotion"},{"floor":19,"key":"Dexterity Potion"},{"floor":22,"key":"SkillPotion"},{"floor":30,"key":"Dexterity Potion"}],"is_trial":false,"path_per_floor":["M","M","M","?","?","R","E","M","T","M","E","M","R","E","R","B",null,"M","M","M","?","M","R","M","R","T","T","R","E","M","?","R","B",null,"M","?","$","?","$","E","M","M","T","E","R","T","E","?","R","B"],"character_chosen":"DEFECT","items_purchased":["Gambling Chip","Loop","Lee\u0027s Waffle","Vajra","Doom and Gloom"],"campfire_rested":7,"item_purchase_floors":[37,37,37,39,39],"current_hp_per_floor":[78,75,63,56,56,56,51,46,46,42,23,18,44,38,38,17,76,74,65,48,48,25,55,50,80,80,80,102,86,70,70,101,83,100,102,81,115,111,111,107,109,102,102,87,125,125,47,106,106,100],"gold":159,"neow_bonus":"TWENTY_PERCENT_HP_BONUS","is_prod":false,"is_daily":false,"chose_seed":false,"campfire_upgraded":2,"win_rate":0,"timestamp":1530580361,"path_taken":["M","M","M","?","?","R","E","M","T","M","E","M","R","E","R","BOSS","M","M","M","?","M","R","?","R","T","?","R","E","M","?","R","BOSS","M","?","$","?","$","E","M","?","T","E","R","?","E","?","R","BOSS"],"build_version":"2018-06-29","purchased_purges":2,"victory":true,"max_hp_per_floor":[85,85,85,85,85,85,85,85,85,87,89,89,89,96,96,96,96,98,98,100,100,100,100,102,102,102,102,102,104,104,104,104,106,106,108,108,115,121,121,123,125,127,127,129,129,129,129,106,106,106],"card_choices":[{"not_picked":["Coolheaded","Rebound"],"picked":"Chill","floor":1},{"not_picked":["Hologram","Streamline"],"picked":"Compile Driver","floor":2},{"not_picked":["Steam","Heatsinks"],"picked":"Cold Snap","floor":3},{"not_picked":["Coolheaded","Scrape"],"picked":"Defragment","floor":7},{"not_picked":["Static Discharge","Rebound"],"picked":"Loop","floor":8},{"not_picked":["Barrage","Melter","Gash"],"picked":"Singing Bowl","floor":10},{"not_picked":["Coolheaded","Sunder","Fission"],"picked":"Singing Bowl","floor":11},{"not_picked":["Force Field","Beam Cell"],"picked":"Leap","floor":12},{"not_picked":["Thunder Strike","Hologram"],"picked":"Capacitor","floor":14},{"not_picked":["Biased Cognition","Creative AI"],"picked":"Electrodynamics","floor":16},{"not_picked":["Barrage","Aggregate","Hologram"],"picked":"Singing Bowl","floor":18},{"not_picked":["Steam","Steam Power"],"picked":"Compile Driver","floor":19},{"not_picked":["Gash","Barrage","Go for the Eyes"],"picked":"Singing Bowl","floor":20},{"not_picked":["Beam Cell","BootSequence"],"picked":"Stack+1","floor":22},{"not_picked":["Doom and Gloom+1","Gash","Self Repair"],"picked":"Singing Bowl","floor":24},{"not_picked":["Barrage","Rebound","Aggregate"],"picked":"Singing Bowl","floor":29},{"not_picked":["Steam Power","Machine Learning"],"picked":"Undo","floor":30},{"not_picked":["Reboot","Biased Cognition","Electrodynamics"],"picked":"Singing Bowl","floor":33},{"not_picked":["Barrage","Rebound+1","Storm+1"],"picked":"Singing Bowl","floor":35},{"not_picked":["Sweeping Beam","Undo"],"picked":"Hologram","floor":36},{"not_picked":["Trip","Dramatic Entrance","Purity"],"picked":"Singing Bowl","floor":38},{"not_picked":["Panache","Dark Shackles","Good Instincts"],"picked":"Singing Bowl","floor":38},{"not_picked":["Panache","Good Instincts","Swift Strike"],"picked":"Singing Bowl","floor":38},{"not_picked":["Barrage","Go for the Eyes","Heatsinks"],"picked":"Singing Bowl","floor":40},{"not_picked":["Steam","Machine Learning","Coolheaded"],"picked":"Singing Bowl","floor":41},{"not_picked":["Rebound","Double Energy","Go for the Eyes+1"],"picked":"Singing Bowl","floor":42},{"not_picked":["Darkness","Rip and Tear+1","Conserve Battery+1"],"picked":"Singing Bowl","floor":44},{"not_picked":["Rebound+1","Redo"],"picked":"All For One","floor":47}],"player_experience":2034038,"relics_obtained":[{"floor":7,"key":"Oddly Smooth Stone"},{"floor":9,"key":"Singing Bowl"},{"floor":11,"key":"Lantern"},{"floor":14,"key":"Strawberry"},{"floor":26,"key":"Ornamental Fan"},{"floor":27,"key":"Bag of Preparation"},{"floor":29,"key":"Du-Vu Doll"},{"floor":36,"key":"Old Coin"},{"floor":40,"key":"Letter Opener"},{"floor":43,"key":"Omamori"},{"floor":44,"key":"Prayer Wheel"},{"floor":46,"key":"Pen Nib"},{"floor":47,"key":"Question Card"}],"event_choices":[{"event_name":"Golden Wing","player_choice":"Card Removal","floor":4,"damage_taken":0},{"event_name":"The Lab","player_choice":"Got Potions","floor":5,"damage_taken":0},{"event_name":"N\u0027loth","player_choice":"Ignored","floor":21,"damage_taken":0},{"event_name":"Nest","player_choice":"Stole From Cult","floor":31,"damage_taken":0},{"event_name":"Mysterious Sphere","player_choice":"Fight","floor":36,"damage_taken":0},{"event_name":"SensoryStone","player_choice":"Memory 3","floor":38,"damage_taken":0},{"event_name":"The Moai Head","player_choice":"Heal","floor":48,"damage_taken":0}],"boss_relics":[{"not_picked":["Inserter","Coffee Dripper"],"picked":"Fusion Hammer"},{"not_picked":["White Beast Statue","Pandora\u0027s Box"],"picked":"Snecko Eye"}],"items_purged_floors":[37,39],"is_endless":false,"potions_floor_spawned":[7,10,11,12,16,19,22,30,36,44],"ascension_level":15}