{"gold_per_floor":[113,128,138,138,14,14,34,34,83,102,128,128,140,166,166,263,263,251,261,261],"floor_reached":20,"playtime":3222,"items_purged":[],"score":233,"play_id":"48e96dcd-bb53-4ed6-9eca-b3ae3e70de3d","local_time":"20190221185338","is_ascension_mode":true,"campfire_choices":[{"floor":6,"key":"REST"},{"data":"Cloak And Dagger","floor":8,"key":"SMITH"},{"data":"Cloak And Dagger","floor":15,"key":"SMITH"}],"neow_cost":"NONE","seed_source_timestamp":3277558745546624,"circlet_count":0,"master_deck":["Defend_G","Defend_G","Defend_G","Defend_G","Defend_G","Strike_G","Strike_G","Strike_G","Strike_G","Strike_G","Survivor","Neutralize","A Thousand Cuts","Cloak And Dagger+1","Endless Agony","Die Die Die","Cloak And Dagger+1","Leg Sweep","Glass Knife","Infinite Blades","Blade Dance+1"],"relics":["Ring of the Serpent","Orichalcum","Bag of Preparation","Darkstone Periapt","Tough Bandages"],"potions_floor_usage":[11,13,14,14,16,20,20],"damage_taken":[{"damage":0,"enemies":"Jaw Worm","floor":1,"turns":5},{"damage":0,"enemies":"2 Louse","floor":2,"turns":4},{"damage":4,"enemies":"Cultist","floor":3,"turns":5},{"damage":3,"enemies":"Blue Slaver","floor":7,"turns":4},{"damage":8,"enemies":"Exordium Wildlife","floor":10,"turns":7},{"damage":13,"enemies":"3 Sentries","floor":11,"turns":5},{"damage":3,"enemies":"Large Slime","floor":13,"turns":5},{"damage":5,"enemies":"Gremlin Nob","floor":14,"turns":3},{"damage":37,"enemies":"The Guardian","floor":16,"turns":21},{"damage":4,"enemies":"2 Thieves","floor":18,"turns":4},{"damage":34,"enemies":"Spheric Guardian","floor":19,"turns":6},{"damage":23,"enemies":"Snake Plant","floor":20,"turns":4}],"seed_played":"1604150461488964762","potions_obtained":[{"floor":7,"key":"SkillPotion"},{"floor":10,"key":"Fire Potion"},{"floor":11,"key":"SteroidPotion"},{"floor":14,"key":"Poison Potion"},{"floor":18,"key":"AttackPotion"},{"floor":19,"key":"AttackPotion"}],"is_trial":false,"path_per_floor":["M","M","M","?","$","R","M","R","T","M","E","?","M","E","R","B",null,"M","M","M"],"character_chosen":"THE_SILENT","items_purchased":["Endless Agony","Dexterity Potion"],"campfire_rested":1,"item_purchase_floors":[5,5],"current_hp_per_floor":[70,70,66,54,54,70,67,67,67,59,46,69,66,61,61,24,59,55,21,0],"gold":261,"neow_bonus":"ONE_RANDOM_RARE_CARD","is_prod":false,"is_daily":false,"chose_seed":false,"campfire_upgraded":2,"win_rate":0,"timestamp":1550793218,"path_taken":["M","M","M","?","$","R","M","R","T","M","E","?","M","E","R","BOSS","M","M","M"],"build_version":"2019-02-06","purchased_purges":0,"victory":false,"max_hp_per_floor":[70,70,70,70,70,70,70,70,70,70,70,70,70,70,70,70,70,70,70,70],"card_choices":[{"not_picked":["Deadly Poison","Quick Slash","Underhanded Strike"],"picked":"SKIP","floor":1},{"not_picked":["Outmaneuver","Poisoned Stab"],"picked":"Cloak And Dagger","floor":2},{"not_picked":["Flying Knee","Dagger Throw","Terror"],"picked":"SKIP","floor":3},{"not_picked":["Reflex","Heel Hook","Bane"],"picked":"SKIP","floor":7},{"not_picked":["Flechettes","Acrobatics","Flying Knee"],"picked":"SKIP","floor":10},{"not_picked":["Underhanded Strike","Bane"],"picked":"Die Die Die","floor":11},{"not_picked":["Bane","Dagger Throw"],"picked":"Cloak And Dagger","floor":13},{"not_picked":["Phantasmal Killer","Dagger Throw"],"picked":"Leg Sweep","floor":14},{"not_picked":["Bullet Time","Doppelganger"],"picked":"Glass Knife","floor":16},{"not_picked":["Dodge and Roll+1","Caltrops+1"],"picked":"Infinite Blades","floor":18},{"not_picked":["PiercingWail","Prepared+1"],"picked":"Blade Dance+1","floor":19}],"player_experience":187022,"relics_obtained":[{"floor":9,"key":"Bag of Preparation"},{"floor":11,"key":"Darkstone Periapt"},{"floor":14,"key":"Tough Bandages"}],"event_choices":[{"damage_healed":0,"gold_gain":0,"player_choice":"Success","damage_taken":12,"relics_obtained":["Orichalcum"],"max_hp_gain":0,"max_hp_loss":0,"event_name":"Scrap Ooze","floor":4,"gold_loss":0},{"damage_healed":23,"gold_gain":0,"player_choice":"Banana","damage_taken":0,"max_hp_gain":0,"max_hp_loss":0,"event_name":"Big Fish","floor":12,"gold_loss":0}],"is_beta":true,"boss_relics":[{"not_picked":["Astrolabe","Runic Pyramid"],"picked":"Ring of the Serpent"}],"items_purged_floors":[],"is_endless":false,"potions_floor_spawned":[7,10,11,14,18,19],"killed_by":"Snake Plant","ascension_level":5}