{"path_per_floor":["M","$","?","M","M","R","E","R","T","R","?","M","$","E","R","B",null,"M","?","?","M","M","R","$","$","T","R","M","?","E","M","R","B",null,"M","$","M","M","M","R","M","E","T","R","$","M","R","M","R","B"],"character_chosen":"THE_SILENT","items_purchased":["Noxious Fumes","Bag of Preparation","Explosive Potion","Dash","Calculated Gamble","Poison Potion","Dexterity Potion"],"gold_per_floor":[115,0,0,12,32,32,367,367,367,367,367,380,75,105,105,203,203,217,217,217,237,247,247,41,5,5,5,18,18,47,67,67,164,164,174,24,41,55,72,72,92,120,120,120,18,32,32,48,48,48],"floor_reached":51,"campfire_rested":1,"playtime":5850,"current_hp_per_floor":[63,63,63,63,63,63,35,35,35,35,35,35,35,27,27,6,57,54,54,38,38,25,47,47,47,47,47,39,39,30,30,30,8,58,46,46,46,46,46,46,46,46,46,46,46,50,50,60,60,66],"items_purged":["Parasite","Strike_G","Strike_G","Unload"],"gold":48,"play_id":"b144a454-02d1-4037-8a37-c98730bddb87","is_prod":false,"is_daily":false,"is_ascension_mode":true,"campfire_upgraded":7,"path_taken":["M","$","?","M","?","R","E","R","T","R","?","M","$","E","R","BOSS","M","?","?","?","M","R","?","$","T","R","M","?","E","M","R","BOSS","M","$","M","M","M","R","M","E","T","R","$","M","R","M","R","BOSS"],"build_version":"2018-02-01-PROD3","purchased_purges":4,"victory":true,"master_deck":["Defend_G","Survivor+1","Neutralize+1","Deadly Poison+1","Noxious Fumes+1","Escape Plan","Backflip+1","Burst+1","Bouncing Flask+1","Tactician+1","Heel Hook","Necronomicurse","Footwork+1","Dash+1","Calculated Gamble","Distraction+1","Concentrate+1","Adrenaline","Acrobatics","PiercingWail","Escape Plan+1","Backflip","Well Laid Plans+1","Escape Plan","Catalyst+1","Acrobatics+1"],"max_hp_per_floor":[70,67,67,67,67,67,67,67,67,67,67,67,67,74,74,74,74,74,74,74,74,74,74,74,74,74,74,74,74,74,74,74,74,74,74,74,74,74,74,74,74,74,74,74,74,74,74,74,74,74],"relics":["Ring of the Snake","NeowsBlessing","Old Coin","Girya","Bag of Preparation","Strawberry","Astrolabe","Necronomicon","Toolbox","Omamori","Orrery","Peace Pipe","Bird Faced Urn"],"card_choices":[{"not_picked":["Outmaneuver","Prepared"],"picked":"Deadly Poison"},{"not_picked":["Finisher","Skewer"],"picked":"Escape Plan"},{"not_picked":["Distraction","Backstab"],"picked":"Backflip"},{"not_picked":["Grand Finale","Glass Knife"],"picked":"Burst"},{"not_picked":["Bane","Sucker Punch"],"picked":"Heel Hook"},{"not_picked":["Bane","Calculated Gamble"],"picked":"Footwork"},{"not_picked":["Masterful Stab","Acrobatics"],"picked":"Distraction"},{"not_picked":["Malaise","Slice"],"picked":"Concentrate"},{"not_picked":["Wraith Form","Storm of Steel"],"picked":"Adrenaline"},{"not_picked":["Footwork","Deadly Poison"],"picked":"Acrobatics"},{"not_picked":["Dagger Throw","Cloak And Dagger"],"picked":"PiercingWail"},{"not_picked":["Choke","Distraction"],"picked":"Escape Plan"},{"not_picked":["Bouncing Flask","Die Die Die"],"picked":"Backflip"},{"not_picked":["Flying Knee","Cloak And Dagger"],"picked":"Well Laid Plans"},{"not_picked":["Backstab","Flying Knee"],"picked":"Escape Plan"},{"not_picked":["Setup","Cloak And Dagger"],"picked":"Catalyst"},{"not_picked":["Sucker Punch","Underhanded Strike"],"picked":"Acrobatics"}],"player_experience":604271,"potions_floor_usage":[14,14,16,22,33,35,38,50,50],"damage_taken":[{"damage":0,"enemies":"Small Slimes","floor":1,"turns":1},{"damage":0,"enemies":"Blue Slaver","floor":4,"turns":1},{"damage":0,"enemies":"Jaw Worm","floor":5,"turns":1},{"damage":28,"enemies":"Lagavulin","floor":7,"turns":7},{"damage":0,"enemies":"Large Slime","floor":12,"turns":5},{"damage":15,"enemies":"Gremlin Nob","floor":14,"turns":4},{"damage":21,"enemies":"Slime Boss","floor":16,"turns":10},{"damage":3,"enemies":"2 Thieves","floor":18,"turns":4},{"damage":0,"enemies":"Shell Parasite","floor":21,"turns":5},{"damage":13,"enemies":"Snecko","floor":22,"turns":6},{"damage":8,"enemies":"Centurion and Healer","floor":28,"turns":9},{"damage":9,"enemies":"Gremlin Leader","floor":30,"turns":5},{"damage":0,"enemies":"Cultist and Chosen","floor":31,"turns":5},{"damage":37,"enemies":"Automaton","floor":33,"turns":10},{"damage":12,"enemies":"3 Darklings","floor":35,"turns":8},{"damage":0,"enemies":"3 Shapes","floor":37,"turns":5},{"damage":0,"enemies":"3 Darklings","floor":38,"turns":4},{"damage":0,"enemies":"Sphere and 2 Shapes","floor":39,"turns":3},{"damage":0,"enemies":"Maw","floor":41,"turns":6},{"damage":0,"enemies":"Nemesis","floor":42,"turns":7},{"damage":0,"enemies":"3 Darklings","floor":46,"turns":4},{"damage":0,"enemies":"Sphere and 2 Shapes","floor":48,"turns":3},{"damage":0,"enemies":"Donu and Deca","floor":50,"turns":8}],"event_choices":[{"event_name":"The Cleric","player_choice":"Leave","floor":3,"damage_taken":0},{"event_name":"Accursed Blacksmith","player_choice":"Forge","floor":11,"damage_taken":0},{"event_name":"The Mausoleum","player_choice":"No","floor":19,"damage_taken":0},{"event_name":"Cursed Tome","player_choice":"Obtained Book","floor":20,"damage_taken":0},{"event_name":"Back to Basics","player_choice":"Elegance","floor":29,"damage_taken":0}],"boss_relics":[{"not_picked":["The Specimen","Sozu"],"picked":"Astrolabe"},{"not_picked":["Lizard Tail","Calling Bell"],"picked":"Orrery"}],"potions_floor_spawned":[4,5,16,22,31,39,41,46],"seed_played":"5982044769567981720","ascension_level":10,"is_trial":false}