{"gold_per_floor":[112,128,141,141,158,184,184,259,306,317,346,346,366,384,384,484,484,494,494,474,488,61,61],"floor_reached":23,"playtime":1756,"items_purged":[],"score":238,"play_id":"50319f62-0c2c-4293-8a1c-ffd467f5e7e1","local_time":"20190225230528","is_ascension_mode":true,"campfire_choices":[{"floor":7,"key":"REST"},{"floor":12,"key":"REST"},{"floor":15,"key":"REST"}],"neow_cost":"NONE","seed_source_timestamp":294608906055500,"circlet_count":0,"master_deck":["Defend_G","Defend_G","Defend_G","Defend_G","Defend_G","Strike_G","Strike_G","Strike_G","Strike_G","Strike_G","Survivor","Neutralize","Blur","Prepared","Footwork","Deflect","Backstab","Expertise","Noxious Fumes","Acrobatics","Terror","Venomology","Crippling Poison","Ghostly","Ghostly","Ghostly","Ghostly","Ghostly","Tactician","Catalyst"],"relics":["Ring of the Snake","Bag of Marbles","Kunai","Orichalcum","Lantern","WristBlade","Toy Ornithopter","Juzu Bracelet"],"potions_floor_usage":[5,6,16,16,18,18,21,21],"damage_taken":[{"damage":0,"enemies":"Cultist","floor":1,"turns":4},{"damage":2,"enemies":"2 Louse","floor":2,"turns":3},{"damage":1,"enemies":"Jaw Worm","floor":3,"turns":6},{"damage":20,"enemies":"Exordium Thugs","floor":5,"turns":6},{"damage":45,"enemies":"Lagavulin","floor":6,"turns":12},{"damage":0,"enemies":"Looter","floor":10,"turns":3},{"damage":10,"enemies":"3 Sentries","floor":11,"turns":14},{"damage":0,"enemies":"Lots of Slimes","floor":13,"turns":4},{"damage":0,"enemies":"Red Slaver","floor":14,"turns":5},{"damage":13,"enemies":"The Guardian","floor":16,"turns":15},{"damage":23,"enemies":"2 Thieves","floor":18,"turns":5},{"damage":0,"enemies":"3 Byrds","floor":21,"turns":6},{"damage":52,"enemies":"Gremlin Leader","floor":23,"turns":5}],"seed_played":"-9157047117004763062","potions_obtained":[{"floor":2,"key":"Explosive Potion"},{"floor":3,"key":"Swift Potion"},{"floor":5,"key":"SteroidPotion"},{"floor":11,"key":"SpeedPotion"},{"floor":13,"key":"Swift Potion"},{"floor":16,"key":"SteroidPotion"},{"floor":18,"key":"Poison Potion"},{"floor":20,"key":"AttackPotion"}],"is_trial":false,"path_per_floor":["M","M","M","?","M","E","R","?","T","M","E","R","M","M","R","B",null,"M","?","?","M","$","E"],"character_chosen":"THE_SILENT","items_purchased":["Catalyst","Toy Ornithopter","Juzu Bracelet"],"campfire_rested":3,"item_purchase_floors":[22,22,22],"current_hp_per_floor":[70,68,67,67,47,2,23,12,12,12,2,23,23,23,44,31,70,47,35,35,35,35,0],"gold":61,"neow_bonus":"RANDOM_COMMON_RELIC","is_prod":false,"is_daily":false,"chose_seed":false,"campfire_upgraded":0,"win_rate":0,"timestamp":1551107128,"path_taken":["M","M","?","?","M","E","R","?","T","?","E","R","M","M","R","BOSS","M","?","?","M","$","E"],"build_version":"2019-01-23","purchased_purges":0,"victory":false,"max_hp_per_floor":[70,70,70,70,70,70,70,70,70,70,70,70,70,70,70,70,70,70,35,35,35,35,35],"card_choices":[{"not_picked":["Poisoned Stab","Eviscerate"],"picked":"Blur","floor":1},{"not_picked":["Eviscerate","Skewer"],"picked":"Prepared","floor":2},{"not_picked":["Acrobatics","Calculated Gamble"],"picked":"Footwork","floor":3},{"not_picked":["Skewer","Distraction"],"picked":"Deflect","floor":5},{"not_picked":["Reflex","Bane"],"picked":"Backstab","floor":6},{"not_picked":["Flying Knee","Infinite Blades"],"picked":"Expertise","floor":10},{"not_picked":["Calculated Gamble","Deflect"],"picked":"Noxious Fumes","floor":11},{"not_picked":["Underhanded Strike","Prepared"],"picked":"Acrobatics","floor":13},{"not_picked":["Predator","Flying Knee"],"picked":"Terror","floor":14},{"not_picked":["Envenom","Doppelganger"],"picked":"Venomology","floor":16},{"not_picked":["Dagger Throw","Prepared"],"picked":"Crippling Poison","floor":18},{"not_picked":["Underhanded Strike+1","All Out Attack+1"],"picked":"Tactician","floor":21}],"player_experience":79347,"relics_obtained":[{"floor":6,"key":"Kunai"},{"floor":9,"key":"Orichalcum"},{"floor":11,"key":"Lantern"}],"event_choices":[{"damage_healed":0,"gold_gain":0,"player_choice":"Leave","damage_taken":0,"max_hp_gain":0,"max_hp_loss":0,"event_name":"The Cleric","floor":4,"gold_loss":0},{"damage_healed":0,"gold_gain":75,"player_choice":"Gather Gold","damage_taken":11,"max_hp_gain":0,"max_hp_loss":0,"event_name":"World of Goop","floor":8,"gold_loss":0},{"damage_healed":0,"gold_gain":0,"player_choice":"Became a Ghost","damage_taken":0,"max_hp_gain":0,"max_hp_loss":35,"event_name":"Ghosts","floor":19,"gold_loss":0,"cards_obtained":["Ghostly","Ghostly","Ghostly","Ghostly","Ghostly"]},{"damage_healed":0,"gold_gain":0,"player_choice":"Bought 1 Potion","damage_taken":0,"max_hp_gain":0,"max_hp_loss":0,"event_name":"The Woman in Blue","floor":20,"gold_loss":0}],"is_beta":false,"boss_relics":[{"not_picked":["Runic Dome","Fusion Hammer"],"picked":"WristBlade"}],"items_purged_floors":[],"is_endless":false,"potions_floor_spawned":[2,3,5,11,13,16,18],"killed_by":"Gremlin Leader","ascension_level":1}