{"gold_per_floor":[117,127,144,144,16,16,16,50,50,69,89,14,14,47,47,143,143,153,164,182,202,102,102,127,127,197,197,197,14,46,57,57,57],"floor_reached":33,"playtime":2183,"items_purged":["Strike_B","Strike_B"],"score":325,"play_id":"b020d154-b61e-4ead-8045-7b40936ce331","local_time":"20190226192418","is_ascension_mode":true,"campfire_choices":[{"data":"Ball Lightning","floor":6,"key":"SMITH"},{"data":"Doom and Gloom","floor":13,"key":"SMITH"},{"floor":15,"key":"REST"},{"floor":23,"key":"REST"},{"floor":25,"key":"REST"},{"data":"Rainbow","floor":27,"key":"SMITH"},{"floor":32,"key":"REST"}],"neow_cost":"NONE","seed_source_timestamp":3712416009005170,"circlet_count":0,"master_deck":["Strike_B","Strike_B+1","Defend_B","Defend_B","Defend_B","Defend_B","Zap","Dualcast","Steam","Skim","Coolheaded","Defragment+1","Ball Lightning+1","Ball Lightning","Conserve Battery","Doom and Gloom+1","Undo","Rainbow+1","Genetic Algorithm","Storm+1","Writhe","Mayhem","Leap","Compile Driver"],"relics":["Cracked Core","Pear","Dodecahedron","Anchor","Snecko Eye","Bottled Flame","Sundial","Singing Bowl","Orichalcum"],"potions_floor_usage":[14,16,24,30,33,33],"damage_taken":[{"damage":4,"enemies":"2 Louse","floor":1,"turns":4},{"damage":1,"enemies":"Jaw Worm","floor":2,"turns":5},{"damage":0,"enemies":"Cultist","floor":3,"turns":4},{"damage":8,"enemies":"3 Sentries","floor":8,"turns":9},{"damage":0,"enemies":"Large Slime","floor":10,"turns":4},{"damage":0,"enemies":"Looter","floor":11,"turns":2},{"damage":20,"enemies":"Gremlin Nob","floor":14,"turns":4},{"damage":37,"enemies":"Hexaghost","floor":16,"turns":9},{"damage":0,"enemies":"3 Byrds","floor":18,"turns":3},{"damage":6,"enemies":"Shell Parasite","floor":19,"turns":6},{"damage":27,"enemies":"Sentry and Sphere","floor":20,"turns":7},{"damage":6,"enemies":"Snecko","floor":21,"turns":4},{"damage":33,"enemies":"Slavers","floor":24,"turns":5},{"damage":36,"enemies":"Book of Stabbing","floor":30,"turns":7},{"damage":22,"enemies":"Snake Plant","floor":31,"turns":6},{"damage":30,"enemies":"Champ","floor":33,"turns":11}],"seed_played":"-6573251938324878732","potions_obtained":[{"floor":0,"key":"Dexterity Potion"},{"floor":0,"key":"LiquidBronze"},{"floor":0,"key":"PowerPotion"},{"floor":10,"key":"FearPotion"},{"floor":14,"key":"Dexterity Potion"},{"floor":16,"key":"SpeedPotion"},{"floor":19,"key":"FocusPotion"},{"floor":24,"key":"Explosive Potion"},{"floor":31,"key":"EssenceOfSteel"}],"is_trial":false,"path_per_floor":["M","M","M","?","$","R","?","E","T","M","M","$","R","E","R","B",null,"M","M","M","M","$","R","E","R","T","R","?","$","E","M","R","B"],"character_chosen":"DEFECT","items_purchased":["Defragment","Ball Lightning","Mayhem"],"campfire_rested":4,"item_purchase_floors":[5,5,29],"current_hp_per_floor":[71,70,70,70,70,70,55,57,57,57,57,57,57,37,62,25,85,85,79,52,46,46,71,38,63,63,63,63,63,27,5,30,0],"gold":57,"neow_bonus":"THREE_SMALL_POTIONS","is_prod":false,"is_daily":false,"chose_seed":false,"campfire_upgraded":3,"win_rate":0,"timestamp":1551227058,"path_taken":["M","M","M","?","$","R","?","E","T","M","M","$","R","E","R","BOSS","M","M","M","M","$","R","E","R","T","R","?","?","E","M","R","BOSS"],"build_version":"2019-02-06","purchased_purges":2,"victory":false,"max_hp_per_floor":[75,75,75,75,75,75,75,85,85,85,85,85,85,85,85,85,85,85,85,85,85,85,85,85,85,85,85,85,85,85,85,85,85],"card_choices":[{"not_picked":["Gash","Hologram"],"picked":"Steam","floor":1},{"not_picked":["Recycle","Stack"],"picked":"Skim","floor":2},{"not_picked":["Redo","Stack"],"picked":"Coolheaded","floor":3},{"not_picked":["Leap","Aggregate"],"picked":"Ball Lightning","floor":8},{"not_picked":["Hologram","Double Energy"],"picked":"Conserve Battery","floor":10},{"not_picked":["Hyperbeam","Gash"],"picked":"Doom and Gloom","floor":11},{"not_picked":["Redo","Conserve Battery"],"picked":"Undo","floor":14},{"not_picked":["Electrodynamics","Amplify"],"picked":"Rainbow","floor":16},{"not_picked":["Sweeping Beam","Defragment"],"picked":"Genetic Algorithm","floor":18},{"not_picked":["Sweeping Beam","Gash+1","Redo"],"picked":"SKIP","floor":19},{"not_picked":["Go for the Eyes","Hologram","Redo"],"picked":"SKIP","floor":20},{"not_picked":["Sweeping Beam+1","FTL","Darkness"],"picked":"SKIP","floor":21},{"not_picked":["Heatsinks","Fusion"],"picked":"Storm+1","floor":24},{"not_picked":["Force Field","Electrodynamics"],"picked":"Leap","floor":30},{"not_picked":["Turbo","Sunder+1"],"picked":"Compile Driver","floor":31}],"player_experience":267745,"relics_obtained":[{"floor":8,"key":"Pear"},{"floor":9,"key":"Dodecahedron"},{"floor":14,"key":"Anchor"},{"floor":24,"key":"Bottled Flame"},{"floor":26,"key":"Sundial"},{"floor":30,"key":"Orichalcum"}],"event_choices":[{"damage_healed":0,"gold_gain":0,"player_choice":"Ignored","damage_taken":0,"max_hp_gain":0,"max_hp_loss":0,"event_name":"Liars Game","floor":4,"gold_loss":0},{"damage_healed":0,"gold_gain":0,"player_choice":"Entered Light","damage_taken":15,"max_hp_gain":0,"max_hp_loss":0,"event_name":"Shining Light","floor":7,"gold_loss":0,"cards_upgraded":["Defragment","Strike_B"]},{"damage_healed":0,"gold_gain":0,"player_choice":"Opened","damage_taken":0,"relics_obtained":["Singing Bowl"],"max_hp_gain":0,"max_hp_loss":0,"event_name":"The Mausoleum","floor":28,"gold_loss":0,"cards_obtained":["Writhe"]}],"is_beta":true,"boss_relics":[{"not_picked":["Sozu","Empty Cage"],"picked":"Snecko Eye"}],"items_purged_floors":[12,22],"is_endless":false,"potions_floor_spawned":[10,14,16,19,24,31],"killed_by":"Champ","ascension_level":2}