{"gold_per_floor":[114,129,129,142,22,56,56,89,89,114,114,37,50,50,50,171,171,192,206,231,250,210,210,241,241,241,181,200,218,218,238,238,358,358,378,403,403,403,403],"floor_reached":39,"playtime":2882,"items_purged":["Strike_G"],"score":591,"play_id":"6f855003-1767-40e5-8515-c278ddea1adf","local_time":"20190224235545","is_ascension_mode":true,"campfire_choices":[{"data":"Footwork","floor":7,"key":"SMITH"},{"data":"Neutralize","floor":11,"key":"SMITH"},{"floor":15,"key":"REST"},{"data":"After Image","floor":23,"key":"SMITH"},{"data":"Catalyst","floor":25,"key":"SMITH"},{"data":"Corpse Explosion","floor":30,"key":"SMITH"},{"floor":32,"key":"REST"}],"neow_cost":"NONE","seed_source_timestamp":842588806114232,"circlet_count":0,"master_deck":["Defend_G","Defend_G+1","Defend_G","Defend_G","Defend_G","Strike_G","Strike_G","Strike_G","Survivor","Neutralize+1","Escape Plan","Backflip","Footwork+1","Corpse Explosion+1","Acrobatics","Noxious Fumes+1","After Image+1","PiercingWail+1","Catalyst+1","Catalyst+1","Caltrops+1","Malaise","Sucker Punch"],"relics":["Ring of the Snake","Golden Idol","Pen Nib","Letter Opener","PreservedInsect","Sozu","Du-Vu Doll","The Courier","Velvet Choker"],"potions_floor_usage":[6,8,10,21],"damage_taken":[{"damage":1,"enemies":"Small Slimes","floor":1,"turns":4},{"damage":0,"enemies":"2 Louse","floor":2,"turns":4},{"damage":6,"enemies":"Cultist","floor":4,"turns":6},{"damage":34,"enemies":"3 Sentries","floor":6,"turns":18},{"damage":28,"enemies":"Gremlin Nob","floor":8,"turns":5},{"damage":0,"enemies":"Exordium Thugs","floor":10,"turns":6},{"damage":0,"enemies":"3 Louse","floor":13,"turns":4},{"damage":17,"enemies":"The Guardian","floor":16,"turns":12},{"damage":0,"enemies":"Shell Parasite","floor":18,"turns":8},{"damage":6,"enemies":"Spheric Guardian","floor":19,"turns":6},{"damage":2,"enemies":"Snake Plant","floor":20,"turns":7},{"damage":0,"enemies":"3 Cultists","floor":21,"turns":3},{"damage":11,"enemies":"Slavers","floor":24,"turns":4},{"damage":0,"enemies":"Centurion and Healer","floor":28,"turns":5},{"damage":0,"enemies":"Chosen and Byrds","floor":29,"turns":4},{"damage":0,"enemies":"3 Cultists","floor":31,"turns":3},{"damage":41,"enemies":"Collector","floor":33,"turns":7},{"damage":6,"enemies":"Orb Walker","floor":35,"turns":3},{"damage":48,"enemies":"3 Shapes","floor":36,"turns":5},{"damage":34,"enemies":"Transient","floor":39,"turns":2}],"seed_played":"-8550353309280212622","potions_obtained":[{"floor":1,"key":"SkillPotion"},{"floor":8,"key":"Fruit Juice"},{"floor":16,"key":"Energy Potion"}],"is_trial":false,"path_per_floor":["M","M","?","M","$","E","R","E","T","M","R","$","M","?","R","B",null,"M","M","M","M","?","R","E","R","T","$","M","M","R","M","R","B",null,"M","M","?","?","M"],"character_chosen":"THE_SILENT","items_purchased":["Footwork","Strength Potion","Noxious Fumes"],"campfire_rested":2,"item_purchase_floors":[5,5,12],"current_hp_per_floor":[69,69,69,63,63,29,29,1,1,6,6,6,6,6,28,11,60,60,54,52,52,52,52,41,41,41,41,41,41,41,41,63,22,63,57,9,9,9,0],"gold":403,"neow_bonus":"TEN_PERCENT_HP_BONUS","is_prod":false,"is_daily":false,"chose_seed":false,"campfire_upgraded":5,"win_rate":0,"timestamp":1551048945,"path_taken":["M","M","?","M","$","E","R","E","T","M","R","$","M","?","R","BOSS","M","M","M","M","?","R","E","R","T","$","M","M","R","?","R","BOSS","M","M","?","?","?"],"build_version":"2019-01-23","purchased_purges":1,"victory":false,"max_hp_per_floor":[77,77,71,71,71,71,71,71,71,76,76,76,76,76,76,76,76,76,76,76,76,76,76,76,76,76,76,76,76,76,76,76,76,76,76,76,76,76,76],"card_choices":[{"not_picked":["Choke","Underhanded Strike"],"picked":"Escape Plan","floor":1},{"not_picked":["Flying Knee","Masterful Stab","Reflex"],"picked":"SKIP","floor":2},{"not_picked":["Flying Knee","Prepared"],"picked":"Backflip","floor":4},{"not_picked":["Terror","Prepared"],"picked":"Corpse Explosion","floor":6},{"not_picked":["Poisoned Stab","Masterful Stab","Prepared"],"picked":"SKIP","floor":8},{"not_picked":["Backstab","Deflect"],"picked":"Acrobatics","floor":10},{"not_picked":["Flying Knee","Accuracy","Die Die Die"],"picked":"SKIP","floor":13},{"not_picked":["Venomology","Bullet Time"],"picked":"After Image","floor":16},{"not_picked":["Backflip","Escape Plan","Flechettes"],"picked":"SKIP","floor":18},{"not_picked":["Eviscerate","Bane+1"],"picked":"PiercingWail+1","floor":19},{"not_picked":["Cloak And Dagger","Infinite Blades"],"picked":"Catalyst+1","floor":20},{"not_picked":["Expertise","Sucker Punch","Skewer"],"picked":"SKIP","floor":21},{"not_picked":["Storm of Steel","Backstab"],"picked":"Catalyst","floor":24},{"not_picked":["Blade Dance+1","Flying Knee"],"picked":"Caltrops+1","floor":28},{"not_picked":["Dodge and Roll","Acrobatics","Prepared"],"picked":"SKIP","floor":29},{"not_picked":["Skewer","Dagger Throw","Flechettes"],"picked":"SKIP","floor":31},{"not_picked":["Envenom","Bullet Time"],"picked":"Malaise","floor":33},{"not_picked":["Sucker Punch","Reflex","PiercingWail"],"picked":"SKIP","floor":35},{"not_picked":["Cloak And Dagger","Tactician","Predator+1"],"picked":"SKIP","floor":36}],"player_experience":468064,"relics_obtained":[{"floor":6,"key":"Pen Nib"},{"floor":8,"key":"Letter Opener"},{"floor":9,"key":"PreservedInsect"},{"floor":24,"key":"Du-Vu Doll"},{"floor":26,"key":"The Courier"}],"event_choices":[{"damage_healed":0,"gold_gain":0,"player_choice":"Lose Max HP","damage_taken":0,"relics_obtained":["Golden Idol"],"max_hp_gain":0,"max_hp_loss":6,"event_name":"Golden Idol","floor":3,"gold_loss":0},{"damage_healed":0,"gold_gain":0,"player_choice":"Ignored","damage_taken":0,"max_hp_gain":0,"max_hp_loss":0,"event_name":"Shining Light","floor":14,"gold_loss":0},{"damage_healed":0,"gold_gain":0,"player_choice":"Upgraded Two","damage_taken":0,"max_hp_gain":0,"max_hp_loss":0,"event_name":"Designer","floor":22,"gold_loss":40,"cards_upgraded":["Defend_G","Noxious Fumes"]},{"damage_healed":0,"gold_gain":0,"player_choice":"Ignored","damage_taken":0,"max_hp_gain":0,"max_hp_loss":0,"event_name":"Tomb of Lord Red Mask","floor":37,"gold_loss":0},{"damage_healed":0,"gold_gain":0,"cards_transformed":["Strike_G"],"player_choice":"Transformed","damage_taken":0,"max_hp_gain":0,"max_hp_loss":0,"event_name":"Transmorgrifier","floor":38,"gold_loss":0,"cards_obtained":["Sucker Punch"]}],"is_beta":false,"boss_relics":[{"not_picked":["Orrery","WristBlade"],"picked":"Sozu"},{"not_picked":["Busted Crown","White Beast Statue"],"picked":"Velvet Choker"}],"items_purged_floors":[27],"is_endless":false,"potions_floor_spawned":[1,8,16,20,21,24,29,31,33,36],"killed_by":"Transient","ascension_level":7}