{"path_per_floor":["M","M","$","T","M","R","E","M","T","$","R","E","$","E","R","B",null,"M","M","?","?","$","R","E","R","T","E","M","E","M","?","R","B",null,"M","$","M","M","?"],"character_chosen":"THE_SILENT","items_purchased":["Noxious Fumes","Explosive Potion","Oddly Smooth Stone","Dexterity Potion","Dexterity Potion"],"gold_per_floor":[116,127,10,10,21,21,53,65,89,14,14,42,42,77,77,180,180,197,212,212,312,17,17,52,52,76,111,121,156,168,93,93,196,196,213,37,50,69,69],"floor_reached":40,"campfire_rested":2,"playtime":5290,"current_hp_per_floor":[57,57,57,71,69,69,38,27,27,27,66,66,66,52,52,2,61,59,51,51,51,51,51,33,72,72,65,65,44,38,38,38,14,64,64,64,64,60,60],"items_purged":["Parasite","Strike_G","Strike_G"],"gold":69,"play_id":"0cb02f1f-f2fa-49b8-9b04-f73644c9507b","is_prod":false,"is_daily":false,"is_ascension_mode":true,"campfire_upgraded":4,"path_taken":["M","M","$","?","M","R","E","M","T","$","R","E","?","E","R","BOSS","M","M","?","?","$","R","E","R","T","E","?","E","M","?","R","BOSS","M","$","M","M","?","E"],"build_version":"2018-02-01-PROD3","purchased_purges":3,"victory":false,"master_deck":["Defend_G","Defend_G","Defend_G","Defend_G+1","Strike_G","Survivor+1","Neutralize+1","Caltrops+1","Noxious Fumes+1","Backflip","Acrobatics","Adrenaline+1","Adrenaline","Backflip","PiercingWail+1","Backflip","Acrobatics","Tactician","Malaise+1"],"max_hp_per_floor":[70,70,70,84,84,84,84,84,84,81,81,81,81,81,81,81,81,81,81,81,81,81,81,81,81,81,81,81,81,81,81,81,81,81,81,81,81,81,81],"relics":["Ring of the Snake","Mango","Bronze Scales","Regal Pillow","War Paint","Lantern","Black Star","Oddly Smooth Stone","Centennial Puzzle","Frozen Egg 2","Anchor","Happy Flower","Prayer Wheel","Darkstone Periapt","Mercury Hourglass","Runic Dome"],"card_choices":[{"not_picked":["Backflip","Distraction"],"picked":"Caltrops"},{"not_picked":["Setup","Poisoned Stab"],"picked":"Backflip"},{"not_picked":["Noxious Fumes","Cloak And Dagger"],"picked":"Acrobatics"},{"not_picked":["Outmaneuver","Sucker Punch"],"picked":"Adrenaline"},{"not_picked":["Night Terror","Storm of Steel"],"picked":"Adrenaline"},{"not_picked":["Blade Dance","Outmaneuver"],"picked":"Backflip"},{"not_picked":["Underhanded Strike","Choke"],"picked":"PiercingWail"},{"not_picked":["Crippling Poison","Masterful Stab"],"picked":"Backflip"},{"not_picked":["Quick Slash","Poisoned Stab"],"picked":"Acrobatics"},{"not_picked":["A Thousand Cuts","Unload"],"picked":"Tactician"},{"not_picked":["Deadly Poison","Dodge and Roll"],"picked":"Malaise"}],"player_experience":684131,"potions_floor_usage":[7,8,12,14,29,30,33,33,40,40],"damage_taken":[{"damage":6,"enemies":"Blue Slaver","floor":1,"turns":8},{"damage":0,"enemies":"Cultist","floor":2,"turns":4},{"damage":2,"enemies":"Jaw Worm","floor":5,"turns":5},{"damage":31,"enemies":"Gremlin Nob","floor":7,"turns":5},{"damage":11,"enemies":"Lots of Slimes","floor":8,"turns":4},{"damage":0,"enemies":"Lagavulin","floor":12,"turns":10},{"damage":14,"enemies":"Gremlin Nob","floor":14,"turns":4},{"damage":50,"enemies":"Slime Boss","floor":16,"turns":11},{"damage":2,"enemies":"Shell Parasite","floor":18,"turns":6},{"damage":8,"enemies":"3 Byrds","floor":19,"turns":5},{"damage":18,"enemies":"Slavers","floor":24,"turns":5},{"damage":7,"enemies":"Book of Stabbing","floor":27,"turns":5},{"damage":0,"enemies":"Snake Plant","floor":28,"turns":4},{"damage":21,"enemies":"Gremlin Leader","floor":29,"turns":8},{"damage":6,"enemies":"Cultist and Chosen","floor":30,"turns":6},{"damage":24,"enemies":"Automaton","floor":33,"turns":15},{"damage":0,"enemies":"3 Darklings","floor":35,"turns":5},{"damage":0,"enemies":"Orb Walker","floor":37,"turns":5},{"damage":4,"enemies":"Maw","floor":38,"turns":11},{"damage":79,"enemies":"Nemesis","floor":40,"turns":12}],"event_choices":[{"event_name":"Back to Basics","player_choice":"Elegance","floor":20,"damage_taken":0},{"event_name":"Golden Shrine","player_choice":"Pray","floor":21,"damage_taken":0},{"event_name":"Beggar","player_choice":"Gave Gold","floor":31,"damage_taken":0},{"event_name":"Wheel of Change","player_choice":"Card Removal","floor":39,"damage_taken":0}],"boss_relics":[{"not_picked":["Question Card","Runic Pyramid"],"picked":"Black Star"},{"not_picked":["Eternal Feather","Philosopher\u0027s Stone"],"picked":"Runic Dome"}],"potions_floor_spawned":[5,7,8,18,24,27,29,35],"seed_played":"-209480741935969350","killed_by":"Nemesis","ascension_level":10,"is_trial":false}