{"path_per_floor":["M","M","M","M","M","R","E","R","T","E","$","M","M","M","R","B",null,"M","?","M","M","$","R","E","R","T","E","$","?","?","T","R"],"character_chosen":"IRONCLAD","items_purchased":["Feel No Pain","Disarm","Corruption","Flame Barrier","Body Slam"],"gold_per_floor":[111,125,145,157,172,172,202,202,202,236,47,57,76,87,87,186,186,196,121,141,151,81,81,114,114,114,143,43,43,43,43,43,43],"floor_reached":33,"campfire_rested":3,"playtime":3144,"current_hp_per_floor":[72,73,77,65,63,63,49,49,49,38,38,35,38,28,52,45,71,58,58,55,43,43,43,40,64,64,22,22,22,22,22,46,0],"items_purged":["Strike_R"],"gold":43,"score":446,"play_id":"0a40f84a-68eb-46e0-974d-a1dc0b1b0f82","local_time":"20180418150452","is_prod":false,"is_daily":false,"chose_seed":false,"is_ascension_mode":true,"campfire_upgraded":3,"timestamp":1524089092,"path_taken":["M","M","M","M","M","R","E","R","T","E","$","M","M","M","R","BOSS","M","?","M","M","$","R","E","R","T","E","$","?","?","?","R","BOSS"],"build_version":"2018-04-12","seed_source_timestamp":244917171264152,"purchased_purges":1,"victory":false,"master_deck":["Strike_R","Strike_R","Strike_R","Defend_R","Defend_R","Defend_R+1","Defend_R+1","Bash","AscendersBane","Havoc+1","Combust+1","Headbutt","Exhume","Body Slam","Feel No Pain","Disarm","Infernal Blade","Shrug It Off","Limit Break+1","Inflame+1","Iron Wave+1","Heavy Blade","Corruption","Entrench","Flame Barrier","Body Slam","Decay"],"max_hp_per_floor":[80,80,80,80,80,80,80,80,80,80,80,80,80,80,80,80,80,80,80,80,80,80,80,82,82,82,82,82,82,82,82,82,82],"relics":["Burning Blood","Kunai","Dodecahedron","War Paint","Velvet Choker","Singing Bowl","Bottled Flame","Orichalcum","Ornamental Fan"],"card_choices":[{"not_picked":["Twin Strike","Bloodletting"],"picked":"Havoc","floor":1},{"not_picked":["Heavy Blade","Intimidate"],"picked":"Combust","floor":2},{"not_picked":["Pommel Strike","Cleave"],"picked":"Headbutt","floor":3},{"not_picked":["Pommel Strike","Twin Strike"],"picked":"Exhume","floor":7},{"not_picked":["Flex","Pummel"],"picked":"Body Slam","floor":10},{"not_picked":["Pommel Strike","Clash"],"picked":"Infernal Blade","floor":13},{"not_picked":["Bloodletting","Thunderclap"],"picked":"Shrug It Off","floor":14},{"not_picked":["Demon Form","Reaper"],"picked":"Limit Break","floor":16},{"not_picked":["Clothesline","Feel No Pain"],"picked":"Inflame","floor":18},{"not_picked":["Sword Boomerang","Clothesline"],"picked":"Iron Wave","floor":20},{"not_picked":["Combust","Double Tap"],"picked":"Heavy Blade","floor":21},{"not_picked":["Rage","Thunderclap"],"picked":"Entrench","floor":27}],"player_experience":423762,"potions_floor_usage":[10,16,18,21],"damage_taken":[{"damage":6,"enemies":"Jaw Worm","floor":1,"turns":5},{"damage":5,"enemies":"Small Slimes","floor":2,"turns":4},{"damage":2,"enemies":"2 Louse","floor":3,"turns":4},{"damage":18,"enemies":"Looter","floor":4,"turns":4},{"damage":8,"enemies":"Large Slime","floor":5,"turns":5},{"damage":20,"enemies":"Gremlin Nob","floor":7,"turns":3},{"damage":17,"enemies":"Lagavulin","floor":10,"turns":4},{"damage":9,"enemies":"2 Fungi Beasts","floor":12,"turns":3},{"damage":3,"enemies":"Blue Slaver","floor":13,"turns":3},{"damage":16,"enemies":"3 Louse","floor":14,"turns":3},{"damage":13,"enemies":"Slime Boss","floor":16,"turns":9},{"damage":19,"enemies":"2 Thieves","floor":18,"turns":4},{"damage":9,"enemies":"3 Byrds","floor":20,"turns":4},{"damage":18,"enemies":"Sentry and Sphere","floor":21,"turns":6},{"damage":11,"enemies":"Gremlin Leader","floor":24,"turns":7},{"damage":48,"enemies":"Slavers","floor":27,"turns":7},{"damage":69,"enemies":"Automaton","floor":33,"turns":6}],"event_choices":[{"event_name":"Beggar","player_choice":"Gave Gold","floor":19,"damage_taken":0},{"event_name":"Addict","player_choice":"Ignored","floor":29,"damage_taken":0},{"event_name":"Forgotten Altar","player_choice":"Smashed Altar","floor":30,"damage_taken":0}],"boss_relics":[{"not_picked":["Black Star","Snecko Eye"],"picked":"Velvet Choker"}],"potions_floor_spawned":[3,7,10,12,13,18],"seed_played":"2926967252341477305","killed_by":"Automaton","ascension_level":10,"is_trial":false}