{"gold_per_floor":[114,5,22,22,297,322,322,348,375,408,418,593,593,613,613,613],"floor_reached":16,"playtime":902,"items_purged":[],"score":149,"play_id":"3360743b-c3a5-43c3-a7f9-b2ee07337c1a","local_time":"20190226213840","is_ascension_mode":true,"campfire_choices":[{"floor":7,"key":"REST"},{"floor":15,"key":"REST"}],"neow_cost":"NONE","seed_source_timestamp":376655209904151,"circlet_count":0,"master_deck":["Defend_G","Defend_G","Defend_G","Defend_G","Defend_G","Strike_G","Strike_G+1","Strike_G+1","Strike_G","Strike_G","Survivor","Neutralize","Acrobatics","Catalyst","Backstab","Regret","Deadly Poison","Dodge and Roll","Backflip","Prepared","Doubt","Poisoned Stab"],"relics":["Ring of the Snake","Centennial Puzzle","Pear","Dead Branch","Whetstone","Unceasing Top","PreservedInsect"],"potions_floor_usage":[8,8,16],"damage_taken":[{"damage":2,"enemies":"Jaw Worm","floor":1,"turns":5},{"damage":0,"enemies":"2 Louse","floor":3,"turns":4},{"damage":41,"enemies":"3 Sentries","floor":6,"turns":15},{"damage":46,"enemies":"Lagavulin","floor":8,"turns":9},{"damage":17,"enemies":"Gremlin Nob","floor":10,"turns":4},{"damage":0,"enemies":"Cultist","floor":11,"turns":4},{"damage":0,"enemies":"Blue Slaver","floor":14,"turns":2},{"damage":31,"enemies":"Hexaghost","floor":16,"turns":9}],"seed_played":"-3741867185673361686","potions_obtained":[{"floor":6,"key":"EntropicBrew"},{"floor":10,"key":"Fire Potion"},{"floor":11,"key":"SmokeBomb"}],"is_trial":false,"path_per_floor":["M","$","M","?","?","E","R","E","T","E","M","?","?","M","R","B"],"character_chosen":"THE_SILENT","items_purchased":["Catalyst","Backstab"],"campfire_rested":2,"item_purchase_floors":[2,2],"current_hp_per_floor":[75,75,75,72,72,41,67,21,21,4,4,4,4,4,30,0],"gold":613,"neow_bonus":"TEN_PERCENT_HP_BONUS","is_prod":false,"is_daily":false,"chose_seed":false,"campfire_upgraded":0,"win_rate":0,"timestamp":1551188320,"path_taken":["M","$","M","?","?","E","R","E","T","E","?","?","?","M","R","BOSS"],"build_version":"2019-01-23","purchased_purges":0,"victory":false,"max_hp_per_floor":[77,77,77,77,77,87,87,87,87,87,87,87,87,87,87,87],"card_choices":[{"not_picked":["Flying Knee","Outmaneuver"],"picked":"Acrobatics","floor":1},{"not_picked":["Flying Knee","Quick Slash","Endless Agony"],"picked":"SKIP","floor":3},{"not_picked":["Poisoned Stab","Sucker Punch"],"picked":"Deadly Poison","floor":6},{"not_picked":["Dagger Spray","Blade Dance"],"picked":"Dodge and Roll","floor":8},{"not_picked":["Poisoned Stab","Prepared"],"picked":"Backflip","floor":10},{"not_picked":["Eviscerate","Phantasmal Killer"],"picked":"Prepared","floor":11},{"not_picked":["Dagger Throw","Quick Slash"],"picked":"Poisoned Stab","floor":14}],"player_experience":97281,"relics_obtained":[{"floor":6,"key":"Pear"},{"floor":8,"key":"Dead Branch"},{"floor":9,"key":"Whetstone"},{"floor":10,"key":"Unceasing Top"}],"event_choices":[{"damage_healed":0,"gold_gain":0,"player_choice":"Success","damage_taken":3,"relics_obtained":["Centennial Puzzle"],"max_hp_gain":0,"max_hp_loss":0,"event_name":"Scrap Ooze","floor":4,"gold_loss":0},{"damage_healed":0,"gold_gain":275,"player_choice":"Desecrate","damage_taken":0,"max_hp_gain":0,"max_hp_loss":0,"event_name":"Golden Shrine","floor":5,"gold_loss":0,"cards_obtained":["Regret"]},{"damage_healed":0,"gold_gain":175,"player_choice":"AGREE","damage_taken":0,"max_hp_gain":0,"max_hp_loss":0,"event_name":"Liars Game","floor":12,"gold_loss":0,"cards_obtained":["Doubt"]},{"damage_healed":0,"gold_gain":0,"player_choice":"Gave Potion","damage_taken":0,"relics_obtained":["PreservedInsect"],"max_hp_gain":0,"max_hp_loss":0,"event_name":"WeMeetAgain","floor":13,"gold_loss":0}],"is_beta":false,"boss_relics":[],"items_purged_floors":[],"is_endless":false,"potions_floor_spawned":[6,10,11],"killed_by":"Hexaghost","ascension_level":1}