{"gold_per_floor":[114,1,21,21,21,56,56,56,128,140,165,165,177,193,193,270,270,250,250,250,28,40,40,74,74,97,127,140,156,156,170,170,242,242,258,33,0,19,30,30,57,57,57,57,77,97,116,129,129,129],"floor_reached":51,"playtime":6828,"items_purged":["Strike_B","Strike_B+1"],"score":1267,"play_id":"fcb29ce4-bf2c-496a-93ea-6b945fd58706","local_time":"20180710104458","is_ascension_mode":true,"campfire_choices":[{"data":"Self Repair","floor":7,"key":"SMITH"},{"data":"Blizzard","floor":12,"key":"SMITH"},{"data":"Streamline","floor":15,"key":"SMITH"},{"data":"Machine Learning","floor":23,"key":"SMITH"},{"data":"Recycle","floor":25,"key":"SMITH"},{"data":"Hologram","floor":30,"key":"SMITH"},{"data":"Coolheaded","floor":32,"key":"SMITH"},{"data":"Coolheaded","floor":40,"key":"SMITH"},{"data":"Hologram","floor":42,"key":"SMITH"},{"floor":49,"key":"REST"}],"neow_cost":"NONE","seed_source_timestamp":235679054772244,"circlet_count":0,"master_deck":["Strike_B+1","Defend_B+1","Defend_B+1","Defend_B+1","Defend_B+1","Zap+1","Dualcast","AscendersBane","Glacier","Self Repair+1","Streamline+1","Cold Snap","Blizzard+1","Coolheaded+1","Skim","Genetic Algorithm","Machine Learning+1","Hologram+1","Compile Driver","Coolheaded+1","Hologram+1","Compile Driver+1","Recycle+1","Fission","Madness","Madness","FTL"],"relics":["Cracked Core","Bag of Preparation","Pear","Ancient Tea Set","Runic Dome","Matryoshka","Strawberry","Bag of Marbles","Gambling Chip","Busted Crown","Regal Pillow","Red Mask","Potion Belt","Bottled Lightning","Dream Catcher"],"potions_floor_usage":[22,27,50,50,50,50],"damage_taken":[{"damage":7,"enemies":"Small Slimes","floor":1,"turns":2},{"damage":1,"enemies":"Cultist","floor":3,"turns":4},{"damage":37,"enemies":"Gremlin Nob","floor":6,"turns":6},{"damage":0,"enemies":"Jaw Worm","floor":10,"turns":4},{"damage":4,"enemies":"Lagavulin","floor":11,"turns":8},{"damage":0,"enemies":"Large Slime","floor":13,"turns":6},{"damage":12,"enemies":"Exordium Wildlife","floor":14,"turns":7},{"damage":27,"enemies":"Hexaghost","floor":16,"turns":11},{"damage":14,"enemies":"2 Thieves","floor":18,"turns":4},{"damage":3,"enemies":"3 Byrds","floor":22,"turns":3},{"damage":19,"enemies":"Book of Stabbing","floor":24,"turns":6},{"damage":16,"enemies":"Gremlin Leader","floor":27,"turns":6},{"damage":4,"enemies":"Snake Plant","floor":28,"turns":6},{"damage":10,"enemies":"Centurion and Healer","floor":29,"turns":7},{"damage":0,"enemies":"3 Cultists","floor":31,"turns":4},{"damage":18,"enemies":"Champ","floor":33,"turns":16},{"damage":3,"enemies":"Orb Walker","floor":35,"turns":2},{"damage":0,"enemies":"3 Shapes","floor":38,"turns":5},{"damage":2,"enemies":"Flame Bruiser 2 Orb","floor":39,"turns":6},{"damage":5,"enemies":"Spire Growth","floor":45,"turns":5},{"damage":18,"enemies":"3 Darklings","floor":46,"turns":5},{"damage":14,"enemies":"4 Shapes","floor":47,"turns":9},{"damage":24,"enemies":"Sphere and 2 Shapes","floor":48,"turns":6},{"damage":0,"enemies":"Donu and Deca","floor":50,"turns":8}],"seed_played":"-3905845841055545612","potions_obtained":[{"floor":1,"key":"Energy Potion"},{"floor":6,"key":"Fire Potion"},{"floor":11,"key":"LiquidBronze"},{"floor":22,"key":"Swift Potion"},{"floor":29,"key":"EssenceOfSteel"},{"floor":46,"key":"Explosive Potion"},{"floor":48,"key":"EssenceOfSteel"}],"is_trial":false,"path_per_floor":["M","$","M","?","?","E","R","?","T","M","E","R","M","M","R","B",null,"M","?","?","$","M","R","E","R","T","E","M","M","R","M","R","B",null,"M","$","?","M","M","R","T","R","T","?","M","M","M","M","R","B"],"character_chosen":"DEFECT","items_purchased":["Self Repair","Compile Driver","Coolheaded","Hologram","FocusPotion","Regal Pillow"],"campfire_rested":1,"item_purchase_floors":[2,21,21,21,36,36],"current_hp_per_floor":[57,57,63,63,63,33,33,33,43,53,59,59,69,67,67,50,73,69,69,69,69,76,76,57,57,64,58,64,64,64,74,74,66,83,80,80,80,80,88,88,88,88,88,72,77,69,65,51,88,88],"gold":129,"neow_bonus":"UPGRADE_CARD","is_prod":false,"is_daily":false,"chose_seed":false,"campfire_upgraded":9,"win_rate":0,"timestamp":1531244698,"path_taken":["M","$","M","?","?","E","R","?","T","M","E","R","M","M","R","BOSS","M","?","?","$","M","R","E","R","T","E","?","M","R","?","R","BOSS","M","$","?","M","M","R","?","R","T","?","?","M","M","M","R","BOSS"],"build_version":"2018-07-09","purchased_purges":2,"victory":true,"max_hp_per_floor":[71,71,71,71,71,71,71,71,81,81,81,81,81,81,81,81,81,81,81,81,81,81,81,81,81,88,88,88,88,88,88,88,88,88,88,88,88,88,88,88,88,88,88,88,88,88,88,88,88,88],"card_choices":[{"not_picked":["Auto Shields","Chill"],"picked":"Glacier","floor":1},{"not_picked":["Conserve Battery","Capacitor"],"picked":"Streamline","floor":3},{"not_picked":["Leap","Go for the Eyes"],"picked":"Cold Snap","floor":6},{"not_picked":["Hello World","Coolheaded"],"picked":"Blizzard","floor":10},{"not_picked":["Hologram","Meteor Strike"],"picked":"Coolheaded","floor":11},{"not_picked":["Steam","Turbo"],"picked":"Skim","floor":13},{"not_picked":["Beam Cell","Stack"],"picked":"Genetic Algorithm","floor":14},{"not_picked":["Multi-Cast","Meteor Strike"],"picked":"Machine Learning","floor":16},{"not_picked":["Go for the Eyes","Ball Lightning"],"picked":"Hologram","floor":18},{"not_picked":["Redo","Undo"],"picked":"Compile Driver+1","floor":22},{"not_picked":["Undo","Barrage+1"],"picked":"Recycle","floor":24},{"not_picked":["Ball Lightning+1","Steam","Streamline"],"picked":"SKIP","floor":27},{"not_picked":["Darkness","Beam Cell","Stack"],"picked":"SKIP","floor":28},{"not_picked":["Streamline","Double Energy","Scrape"],"picked":"SKIP","floor":29},{"not_picked":["Compile Driver+1","Skim","Fusion"],"picked":"SKIP","floor":31},{"not_picked":["Thunder Strike","Rainbow"],"picked":"Fission","floor":33},{"not_picked":["Steam"],"picked":"SKIP","floor":35},{"not_picked":["Barrage"],"picked":"SKIP","floor":38},{"not_picked":["Lockon"],"picked":"SKIP","floor":39},{"not_picked":["Force Field"],"picked":"SKIP","floor":45},{"not_picked":["Scrape+1"],"picked":"SKIP","floor":46},{"not_picked":["Rebound"],"picked":"SKIP","floor":47},{"not_picked":[],"picked":"FTL","floor":48}],"player_experience":2113288,"relics_obtained":[{"floor":6,"key":"Bag of Preparation"},{"floor":9,"key":"Pear"},{"floor":11,"key":"Ancient Tea Set"},{"floor":24,"key":"Matryoshka"},{"floor":26,"key":"Strawberry"},{"floor":26,"key":"Bag of Marbles"},{"floor":27,"key":"Gambling Chip"},{"floor":41,"key":"Potion Belt"},{"floor":41,"key":"Bottled Lightning"},{"floor":43,"key":"Dream Catcher"}],"event_choices":[{"event_name":"Purifier","player_choice":"One Purge","floor":4,"damage_taken":0},{"event_name":"Liars Game","player_choice":"disagreed","floor":5,"damage_taken":0},{"event_name":"Golden Idol","player_choice":"Ignored","floor":8,"damage_taken":0},{"event_name":"Ghosts","player_choice":"Ignored","floor":19,"damage_taken":0},{"event_name":"Back to Basics","player_choice":"Simplicity","floor":20,"damage_taken":0},{"event_name":"Tomb of Lord Red Mask","player_choice":"Paid","floor":37,"damage_taken":0},{"event_name":"Winding Halls","player_choice":"Embrace Madness","floor":44,"damage_taken":0}],"boss_relics":[{"not_picked":["Runic Pyramid","Ectoplasm"],"picked":"Runic Dome"},{"not_picked":["Empty Cage","Orrery"],"picked":"Busted Crown"}],"items_purged_floors":[2,21],"is_endless":false,"potions_floor_spawned":[1,6,11,13,18,22,24,29,33,35,39,46,48],"ascension_level":15}