{"gold_per_floor":[115,125,200,210,135,135,167,167,216,232,246,246,259,288,288,387,387,402,402,43,55,55,89,89,120,194,194,226,101,127,138,138,138],"floor_reached":33,"playtime":3280,"items_purged":["Strike_B","Strike_B","Writhe"],"score":533,"play_id":"7d867bc0-3fb8-453f-801f-479fe32158d4","local_time":"20190210205435","is_ascension_mode":true,"campfire_choices":[{"data":"Go for the Eyes","floor":6,"key":"SMITH"},{"data":"Zap","floor":8,"key":"SMITH"},{"floor":12,"key":"REST"},{"data":"Conserve Battery","floor":15,"key":"SMITH"},{"floor":24,"key":"REST"},{"floor":27,"key":"REST"},{"floor":32,"key":"REST"}],"neow_cost":"NONE","seed_source_timestamp":1720500457997287,"circlet_count":0,"master_deck":["AscendersBane","Strike_B","Strike_B","Defend_B","Defend_B","Defend_B","Defend_B","Zap+1","Dualcast","Ball Lightning","Go for the Eyes+1","Compile Driver","Leap","Sunder","Conserve Battery+1","Buffer","Sweeping Beam","Coolheaded","Redo","Stack+1","Fusion","Capacitor","White Noise"],"relics":["Cracked Core","Bag of Preparation","Ancient Tea Set","Bronze Scales","Darkstone Periapt","Sozu","Symbiotic Virus","Centennial Puzzle","Pen Nib","Prayer Wheel","Letter Opener","Juzu Bracelet","Pocketwatch"],"potions_floor_usage":[16,23],"damage_taken":[{"damage":0,"enemies":"Small Slimes","floor":1,"turns":2},{"damage":0,"enemies":"2 Louse","floor":2,"turns":2},{"damage":0,"enemies":"Cultist","floor":4,"turns":3},{"damage":25,"enemies":"3 Sentries","floor":7,"turns":8},{"damage":0,"enemies":"Large Slime","floor":10,"turns":3},{"damage":4,"enemies":"Looter","floor":11,"turns":3},{"damage":3,"enemies":"Blue Slaver","floor":13,"turns":2},{"damage":1,"enemies":"Gremlin Nob","floor":14,"turns":3},{"damage":2,"enemies":"Hexaghost","floor":16,"turns":8},{"damage":0,"enemies":"Chosen","floor":18,"turns":4},{"damage":0,"enemies":"Spheric Guardian","floor":21,"turns":3},{"damage":39,"enemies":"Slavers","floor":23,"turns":5},{"damage":13,"enemies":"Gremlin Leader","floor":25,"turns":6},{"damage":9,"enemies":"Book of Stabbing","floor":28,"turns":5},{"damage":19,"enemies":"Gremlin Leader","floor":30,"turns":5},{"damage":15,"enemies":"Centurion and Healer","floor":31,"turns":5},{"damage":69,"enemies":"Automaton","floor":33,"turns":6}],"seed_played":"-2893764152931599807","potions_obtained":[{"floor":2,"key":"GamblersBrew"},{"floor":7,"key":"PowerPotion"},{"floor":11,"key":"Fire Potion"}],"is_trial":false,"path_per_floor":["M","M","?","M","$","R","E","R","T","M","M","R","M","E","R","B",null,"M","?","$","M","?","E","R","E","T","R","E","$","E","M","R","B"],"character_chosen":"DEFECT","items_purchased":["Symbiotic Virus"],"campfire_rested":4,"item_purchase_floors":[20],"current_hp_per_floor":[68,68,57,57,57,57,32,32,32,32,28,50,47,46,46,44,67,67,67,67,67,73,34,58,45,45,69,60,60,41,26,50,0],"gold":138,"neow_bonus":"RANDOM_COMMON_RELIC","is_prod":false,"is_daily":false,"chose_seed":false,"campfire_upgraded":3,"win_rate":0,"timestamp":1549860875,"path_taken":["M","M","?","M","$","R","E","R","T","M","M","R","M","E","R","BOSS","M","?","$","?","?","E","R","E","T","R","E","$","E","M","R","BOSS"],"build_version":"2019-02-06","purchased_purges":3,"victory":false,"max_hp_per_floor":[75,75,75,75,75,75,75,75,75,75,75,75,75,75,75,75,75,75,75,75,75,81,81,81,81,81,81,81,81,81,81,81,81],"card_choices":[{"not_picked":["Compile Driver","Beam Cell"],"picked":"Ball Lightning","floor":1},{"not_picked":["Leap","Redo"],"picked":"Go for the Eyes","floor":2},{"not_picked":["Static Discharge","Double Energy"],"picked":"Compile Driver","floor":4},{"not_picked":["Reinforced Body","Gash"],"picked":"Leap","floor":7},{"not_picked":["Compile Driver","Melter"],"picked":"Sunder","floor":10},{"not_picked":["Hello World","Turbo","Reinforced Body"],"picked":"SKIP","floor":11},{"not_picked":["Hyperbeam","Hello World","Lockon"],"picked":"SKIP","floor":13},{"not_picked":["Rebound","Undo"],"picked":"Conserve Battery","floor":14},{"not_picked":["Biased Cognition","Hyperbeam"],"picked":"Buffer","floor":16},{"not_picked":["Beam Cell","Undo"],"picked":"Sweeping Beam","floor":18},{"not_picked":["Gash","Leap"],"picked":"Coolheaded","floor":21},{"not_picked":["Beam Cell","Stack"],"picked":"Redo","floor":23},{"not_picked":["Melter","White Noise"],"picked":"Stack+1","floor":25},{"not_picked":["Tempest","Scrape"],"picked":"Fusion","floor":28},{"not_picked":["Lockon+1","Biased Cognition"],"picked":"Capacitor","floor":30},{"not_picked":["Steam","Turbo"],"picked":"White Noise","floor":31},{"not_picked":["Go for the Eyes","Sweeping Beam","Conserve Battery"],"picked":"SKIP","floor":31}],"player_experience":767180,"relics_obtained":[{"floor":7,"key":"Ancient Tea Set"},{"floor":9,"key":"Bronze Scales"},{"floor":14,"key":"Darkstone Periapt"},{"floor":23,"key":"Pen Nib"},{"floor":25,"key":"Prayer Wheel"},{"floor":26,"key":"Letter Opener"},{"floor":28,"key":"Juzu Bracelet"},{"floor":30,"key":"Pocketwatch"}],"event_choices":[{"damage_healed":0,"gold_gain":75,"player_choice":"Gather Gold","damage_taken":11,"max_hp_gain":0,"max_hp_loss":0,"event_name":"World of Goop","floor":3,"gold_loss":0},{"damage_healed":0,"gold_gain":0,"player_choice":"Ignored","damage_taken":0,"max_hp_gain":0,"max_hp_loss":0,"event_name":"N\u0027loth","floor":19,"gold_loss":0},{"damage_healed":0,"gold_gain":0,"player_choice":"Opened","damage_taken":0,"relics_obtained":["Centennial Puzzle"],"max_hp_gain":0,"max_hp_loss":0,"event_name":"The Mausoleum","floor":22,"gold_loss":0,"cards_obtained":["Writhe"]}],"is_beta":true,"boss_relics":[{"not_picked":["Ectoplasm","Empty Cage"],"picked":"Sozu"}],"items_purged_floors":[5,20,29],"is_endless":false,"potions_floor_spawned":[2,7,11,14,18,21,25,28,30],"killed_by":"Automaton","ascension_level":12}