{"path_per_floor":["M","M","M","M","$","R","M","M","T","E","M","R","?","M","R","B",null,"M","$","?","M","M","R"],"character_chosen":"IRONCLAD","items_purchased":["Anchor","Pommel Strike","Bandage Up"],"gold_per_floor":[118,137,155,167,21,21,35,48,48,77,91,91,113,130,130,203,203,203,51,51,51,51,51,51],"floor_reached":24,"campfire_rested":1,"playtime":3793,"current_hp_per_floor":[71,70,70,67,67,67,70,68,68,42,48,48,54,59,59,56,70,71,71,71,75,35,57,0],"items_purged":[],"gold":51,"score":343,"play_id":"21c9e53e-f4ff-43b6-b062-0d38c3fd49e1","local_time":"20180509210906","is_prod":false,"is_daily":false,"chose_seed":false,"is_ascension_mode":true,"campfire_upgraded":3,"timestamp":1525925346,"path_taken":["M","M","M","M","$","R","M","M","T","E","M","R","?","M","R","BOSS","M","$","?","M","M","R","E"],"build_version":"2018-05-08","seed_source_timestamp":1560582902425565,"purchased_purges":0,"victory":false,"master_deck":["Strike_R","Strike_R","Strike_R","Strike_R","Strike_R","Defend_R","Defend_R","Defend_R","Defend_R","Bash","AscendersBane","Perfected Strike","Perfected Strike","Pummel","Armaments+1","Shrug It Off","Ghostly Armor","True Grit","Disarm+1","Impervious","Flame Barrier+1","Double Tap","Pommel Strike","Bandage Up","Writhe","Inflame","True Grit"],"max_hp_per_floor":[75,75,75,75,75,75,75,75,75,75,75,75,75,75,75,75,75,75,75,75,75,75,75,75],"relics":["Burning Blood","Anchor","Lantern","Ancient Tea Set","Odd Mushroom","Ectoplasm","Vajra"],"card_choices":[{"not_picked":["Twin Strike","Warcry"],"picked":"Perfected Strike","floor":0},{"not_picked":["Flex","Iron Wave"],"picked":"Perfected Strike","floor":1},{"not_picked":["Warcry","Twin Strike"],"picked":"Pummel","floor":2},{"not_picked":["Bloodletting","Hemokinesis"],"picked":"Armaments","floor":3},{"not_picked":["Clash","Combust"],"picked":"Shrug It Off","floor":4},{"not_picked":["Brutality","Rage"],"picked":"Ghostly Armor","floor":7},{"not_picked":["Shrug It Off","Anger"],"picked":"True Grit","floor":8},{"not_picked":["Pommel Strike","Anger"],"picked":"Disarm","floor":10},{"not_picked":["Shrug It Off","Cleave"],"picked":"Impervious","floor":11},{"not_picked":["Armaments","Anger"],"picked":"Flame Barrier","floor":13},{"not_picked":["Berserk","Immolate"],"picked":"Double Tap","floor":16},{"not_picked":["Headbutt","Armaments"],"picked":"Inflame","floor":21},{"not_picked":["Whirlwind","Sentinel"],"picked":"True Grit","floor":22}],"player_experience":546403,"potions_floor_usage":[8,10,16,21,22],"damage_taken":[{"damage":3,"enemies":"2 Louse","floor":1,"turns":4},{"damage":7,"enemies":"Jaw Worm","floor":2,"turns":3},{"damage":6,"enemies":"Cultist","floor":3,"turns":3},{"damage":9,"enemies":"Red Slaver","floor":4,"turns":2},{"damage":3,"enemies":"Blue Slaver","floor":7,"turns":3},{"damage":8,"enemies":"Large Slime","floor":8,"turns":6},{"damage":32,"enemies":"Gremlin Nob","floor":10,"turns":5},{"damage":0,"enemies":"2 Fungi Beasts","floor":11,"turns":2},{"damage":0,"enemies":"The Mushroom Lair","floor":13,"turns":5},{"damage":1,"enemies":"Looter","floor":14,"turns":2},{"damage":9,"enemies":"Hexaghost","floor":16,"turns":13},{"damage":5,"enemies":"Shell Parasite","floor":18,"turns":8},{"damage":0,"enemies":"Chosen","floor":21,"turns":6},{"damage":50,"enemies":"3 Cultists","floor":22,"turns":6},{"damage":69,"enemies":"Gremlin Leader","floor":24,"turns":6}],"event_choices":[{"event_name":"Mushrooms","player_choice":"Fought Mushrooms","floor":13,"damage_taken":0},{"event_name":"The Mausoleum","player_choice":"Yes","floor":20,"damage_taken":0}],"boss_relics":[{"not_picked":["Runic Dome","Black Blood"],"picked":"Ectoplasm"}],"potions_floor_spawned":[2,3,7,8,14,16,18,22],"seed_played":"-8657616343180086865","killed_by":"Gremlin Leader","ascension_level":14,"is_trial":false}