{"gold_per_floor":[109,34,49,49,62,62,62,92,92,9,0,0,20,33,33,132,132,149,4,23,40,40,40,68,68,68,468,484,502,502,516,516,516],"floor_reached":33,"playtime":2566,"items_purged":["Strike_B"],"score":267,"play_id":"461ecfff-1f7f-4f7f-9c97-c4acd1f1e6fa","local_time":"20190214223753","is_ascension_mode":false,"campfire_choices":[{"data":"Zap","floor":7,"key":"SMITH"},{"floor":15,"key":"REST"},{"floor":23,"key":"REST"},{"floor":25,"key":"REST"},{"floor":30,"key":"REST"},{"floor":32,"key":"REST"}],"neow_cost":"NONE","seed_source_timestamp":2686867457501589,"circlet_count":0,"master_deck":["Strike_B","Strike_B","Defend_B","Defend_B","Defend_B","Defend_B","Zap+1","Dualcast+1","Fusion","Scrape","Go for the Eyes","Glacier","Bandage Up","Sweeping Beam+1","FTL+1","Gash+1","Beam Cell+1","Skim","Redo+1","Fission","Seek","Beam Cell+1","Reprogram","Reprogram+1","Turbo","Steam","Turbo"],"relics":["Cracked Core","Gambling Chip","Molten Egg 2","Orrery","Du-Vu Doll","Mercury Hourglass","Old Coin","Darkstone Periapt"],"potions_floor_usage":[27,27,29,33,33],"damage_taken":[{"damage":7,"enemies":"Small Slimes","floor":1,"turns":3},{"damage":2,"enemies":"2 Louse","floor":3,"turns":4},{"damage":0,"enemies":"Cultist","floor":5,"turns":6},{"damage":17,"enemies":"Lagavulin","floor":8,"turns":7},{"damage":6,"enemies":"Lots of Slimes","floor":13,"turns":5},{"damage":2,"enemies":"Exordium Wildlife","floor":14,"turns":4},{"damage":27,"enemies":"The Guardian","floor":16,"turns":17},{"damage":0,"enemies":"Chosen","floor":18,"turns":5},{"damage":1,"enemies":"Shell Parasite","floor":20,"turns":6},{"damage":20,"enemies":"Snake Plant","floor":21,"turns":5},{"damage":71,"enemies":"Book of Stabbing","floor":24,"turns":7},{"damage":8,"enemies":"Colosseum Slavers","floor":27,"turns":4},{"damage":0,"enemies":"Colosseum Nobs","floor":27,"turns":4},{"damage":15,"enemies":"Snecko","floor":28,"turns":8},{"damage":6,"enemies":"Cultist and Chosen","floor":29,"turns":6},{"damage":0,"enemies":"3 Cultists","floor":31,"turns":4},{"damage":78,"enemies":"Champ","floor":33,"turns":13}],"seed_played":"4213011975087777828","potions_obtained":[{"floor":3,"key":"Energy Potion"},{"floor":5,"key":"SteroidPotion"},{"floor":18,"key":"FearPotion"},{"floor":21,"key":"FearPotion"},{"floor":28,"key":"Weak Potion"},{"floor":29,"key":"EssenceOfSteel"}],"is_trial":false,"path_per_floor":["M","$","M","$","M","?","R","E","T","$","?","?","M","M","R","B",null,"M","$","M","M","?","R","E","R","T","?","M","M","R","M","R","B"],"character_chosen":"DEFECT","items_purchased":["Bandage Up","Fission"],"campfire_rested":5,"item_purchase_floors":[10,19],"current_hp_per_floor":[68,68,66,66,66,66,66,49,49,49,49,49,47,49,71,48,75,75,75,75,59,59,75,8,30,30,30,19,17,39,43,65,0],"gold":516,"neow_bonus":"REMOVE_CARD","is_prod":false,"is_daily":false,"chose_seed":false,"campfire_upgraded":1,"win_rate":0.0,"timestamp":1550201873,"path_taken":["M","$","M","$","M","?","R","E","T","$","?","?","M","M","R","BOSS","M","$","?","?","?","R","E","R","T","?","M","M","R","M","R","BOSS"],"build_version":"2019-02-06","purchased_purges":1,"victory":false,"max_hp_per_floor":[75,75,75,75,75,75,75,75,75,75,75,75,75,75,75,75,75,75,75,75,75,75,75,75,75,75,75,75,75,75,75,75,75],"card_choices":[{"not_picked":["Conserve Battery","Double Energy"],"picked":"Fusion","floor":1},{"not_picked":["Chaos","Barrage"],"picked":"Scrape","floor":3},{"not_picked":["Coolheaded","Compile Driver"],"picked":"Go for the Eyes","floor":5},{"not_picked":["Redo","Barrage"],"picked":"Glacier","floor":8},{"not_picked":["Sweeping Beam+1","Self Repair","Compile Driver+1"],"picked":"SKIP","floor":13},{"not_picked":["Barrage+1","Compile Driver+1"],"picked":"Sweeping Beam+1","floor":14},{"not_picked":["Skim","Cold Snap+1"],"picked":"FTL+1","floor":17},{"not_picked":["Ball Lightning+1","Stack"],"picked":"Gash+1","floor":17},{"not_picked":["Sweeping Beam+1","Cold Snap+1"],"picked":"Beam Cell+1","floor":17},{"not_picked":["Sunder+1","Capacitor"],"picked":"Skim","floor":17},{"not_picked":["Beam Cell+1","Sunder+1"],"picked":"Redo+1","floor":18},{"not_picked":["Doom and Gloom+1","Barrage+1"],"picked":"Seek","floor":20},{"not_picked":["Heatsinks+1","Tempest"],"picked":"Beam Cell+1","floor":21},{"not_picked":["Glacier","White Noise"],"picked":"Reprogram","floor":24},{"not_picked":["Hello World","Darkness"],"picked":"Reprogram+1","floor":27},{"not_picked":["Sweeping Beam+1","Sunder+1"],"picked":"Turbo","floor":28},{"not_picked":["Lockon+1","Turbo+1"],"picked":"Steam","floor":29},{"not_picked":["Fusion","Reinforced Body"],"picked":"Turbo","floor":31}],"player_experience":112235,"relics_obtained":[{"floor":8,"key":"Gambling Chip"},{"floor":9,"key":"Molten Egg 2"},{"floor":24,"key":"Du-Vu Doll"},{"floor":26,"key":"Mercury Hourglass"},{"floor":27,"key":"Old Coin"},{"floor":27,"key":"Darkstone Periapt"}],"event_choices":[{"damage_healed":0,"gold_gain":0,"player_choice":"Grow","damage_taken":0,"max_hp_gain":0,"max_hp_loss":0,"event_name":"Living Wall","floor":6,"gold_loss":0,"cards_upgraded":["Dualcast"]},{"damage_healed":0,"gold_gain":0,"player_choice":"Left Gold","damage_taken":0,"max_hp_gain":0,"max_hp_loss":0,"event_name":"World of Goop","floor":11,"gold_loss":9},{"damage_healed":0,"gold_gain":0,"player_choice":"Ignored","damage_taken":0,"max_hp_gain":0,"max_hp_loss":0,"event_name":"Transmorgrifier","floor":12,"gold_loss":0},{"damage_healed":0,"gold_gain":0,"player_choice":"Ignored","damage_taken":0,"max_hp_gain":0,"max_hp_loss":0,"event_name":"Ghosts","floor":22,"gold_loss":0},{"damage_healed":0,"gold_gain":0,"player_choice":"Fight","damage_taken":0,"max_hp_gain":0,"max_hp_loss":0,"event_name":"Colosseum","floor":27,"gold_loss":0},{"damage_healed":0,"gold_gain":0,"player_choice":"Fought Nobs","damage_taken":0,"max_hp_gain":0,"max_hp_loss":0,"event_name":"Colosseum","floor":27,"gold_loss":0}],"is_beta":true,"boss_relics":[{"not_picked":["Nuclear Battery","Eternal Feather"],"picked":"Orrery"}],"items_purged_floors":[2],"is_endless":false,"potions_floor_spawned":[3,5,18,21,28,29],"killed_by":"Champ","ascension_level":0}