{"path_per_floor":["M","M","?","M","?","R","M","R","T","M","E","R","M","$","R","B",null,"M","?","M"],"character_chosen":"IRONCLAD","items_purchased":["Oddly Smooth Stone"],"gold_per_floor":[119,134,134,146,146,146,165,165,165,184,216,216,234,6,6,106,106,116,96,116],"floor_reached":21,"campfire_rested":0,"playtime":1573,"current_hp_per_floor":[80,78,71,72,72,72,48,48,48,54,53,53,57,57,57,46,80,38,38,38],"items_purged":["Strike_R"],"gold":116,"score":208,"play_id":"7ed6703d-2ef7-4601-a910-366b9e87799d","local_time":"20180308192426","is_prod":false,"is_daily":false,"is_ascension_mode":true,"campfire_upgraded":4,"timestamp":1520565866,"path_taken":["M","M","?","M","?","R","M","R","T","M","E","R","M","$","R","BOSS","M","?","?","M"],"build_version":"2018-03-01-PROD1","purchased_purges":1,"victory":false,"master_deck":["Strike_R","Strike_R","Defend_R","Defend_R","Defend_R","Bash","Dropkick+1","Armaments+1","Entrench+1","Cleave+1","Shrug It Off","Pommel Strike+1","Shrug It Off","Havoc+1","Reaper","Clothesline","Headbutt+1"],"max_hp_per_floor":[80,80,80,80,80,80,80,80,80,80,80,80,80,80,80,80,80,80,80,80],"relics":["Burning Blood","Whetstone","Frozen Eye","Oddly Smooth Stone","Runic Pyramid"],"card_choices":[{"not_picked":["Blood for Blood","Second Wind"],"picked":"Armaments"},{"not_picked":["True Grit","Iron Wave"],"picked":"Entrench"},{"not_picked":["Flex","Perfected Strike"],"picked":"Cleave"},{"not_picked":["Clash","Warcry"],"picked":"Shrug It Off"},{"not_picked":["Sword Boomerang","Rupture"],"picked":"Pommel Strike"},{"not_picked":["Perfected Strike","Fiend Fire"],"picked":"Shrug It Off"},{"not_picked":["Uppercut","Warcry"],"picked":"Havoc"},{"not_picked":["Bludgeon","Offering"],"picked":"Reaper"},{"not_picked":["Sword Boomerang","Corruption"],"picked":"Clothesline"},{"not_picked":["Havoc","Warcry"],"picked":"Headbutt"}],"player_experience":175448,"potions_floor_usage":[11,21],"damage_taken":[{"damage":3,"enemies":"Small Slimes","floor":1,"turns":3},{"damage":8,"enemies":"2 Louse","floor":2,"turns":3},{"damage":5,"enemies":"Cultist","floor":4,"turns":6},{"damage":30,"enemies":"Exordium Wildlife","floor":7,"turns":4},{"damage":0,"enemies":"2 Fungi Beasts","floor":10,"turns":3},{"damage":7,"enemies":"Lagavulin","floor":11,"turns":5},{"damage":2,"enemies":"Red Slaver","floor":13,"turns":4},{"damage":17,"enemies":"Slime Boss","floor":16,"turns":11},{"damage":53,"enemies":"Chosen","floor":18,"turns":9},{"damage":11,"enemies":"Spheric Guardian","floor":20,"turns":9},{"damage":49,"enemies":"Snecko","floor":21,"turns":6}],"event_choices":[{"event_name":"Golden Wing","player_choice":"Card Removal","floor":3,"damage_taken":0},{"event_name":"Purifier","player_choice":"One Purge","floor":5,"damage_taken":0},{"event_name":"The Woman in Blue","player_choice":"Bought 1 Potion","floor":19,"damage_taken":0}],"boss_relics":[{"not_picked":["Black Blood","Calling Bell"],"picked":"Runic Pyramid"}],"potions_floor_spawned":[1,2,18],"seed_played":"5776136213782132057","killed_by":"Snecko","ascension_level":3,"is_trial":false}