{"gold_per_floor":[119,119,135,135,135,135,160,170,170,186,174,198,2,14,14,112,112,124,140,140,140,140,153,153],"floor_reached":24,"playtime":1127,"items_purged":["Strike_R"],"score":223,"play_id":"1dc3d78b-8eaf-42f8-bf86-24a6360154d7","local_time":"20190226194338","is_ascension_mode":false,"campfire_choices":[{"data":"Metallicize","floor":6,"key":"SMITH"},{"floor":15,"key":"REST"}],"neow_cost":"NONE","seed_source_timestamp":3714646385892941,"circlet_count":0,"master_deck":["Defend_R","Bash","Metallicize+1","Clothesline","Iron Wave","Shrug It Off","Uppercut","True Grit","Demon Form","Shrug It Off","Berserk","Disarm","Iron Wave","Bite","Bite","Bite","Bite","Bite","Pummel","Sentinel","Cleave"],"relics":["Burning Blood"],"potions_floor_usage":[18,19,24,24],"damage_taken":[{"damage":1,"enemies":"Cultist","floor":1,"turns":4},{"damage":6,"enemies":"Jaw Worm","floor":3,"turns":4},{"damage":32,"enemies":"3 Sentries","floor":7,"turns":13},{"damage":0,"enemies":"2 Louse","floor":8,"turns":3},{"damage":6,"enemies":"Looter","floor":10,"turns":5},{"damage":3,"enemies":"Exordium Thugs","floor":11,"turns":4},{"damage":2,"enemies":"Large Slime","floor":14,"turns":7},{"damage":17,"enemies":"Slime Boss","floor":16,"turns":10},{"damage":50,"enemies":"3 Byrds","floor":18,"turns":10},{"damage":0,"enemies":"Chosen","floor":19,"turns":6},{"damage":25,"enemies":"Snake Plant","floor":23,"turns":10},{"damage":72,"enemies":"3 Cultists","floor":24,"turns":7}],"seed_played":"1497976374531953742","potions_obtained":[{"floor":7,"key":"SpeedPotion"},{"floor":14,"key":"EssenceOfSteel"},{"floor":18,"key":"Block Potion"},{"floor":23,"key":"EssenceOfSteel"}],"is_trial":false,"path_per_floor":["M","?","M","?","?","R","E","M","T","M","M","T","$","M","R","B",null,"M","M","?","?","?","M","M"],"character_chosen":"IRONCLAD","items_purchased":["True Grit","Demon Form"],"campfire_rested":1,"item_purchase_floors":[13,13],"current_hp_per_floor":[88,81,81,81,86,86,60,66,66,66,69,69,69,73,93,82,93,49,55,55,55,55,52,0],"gold":153,"neow_bonus":"TEN_PERCENT_HP_BONUS","is_prod":false,"is_daily":false,"chose_seed":false,"campfire_upgraded":1,"win_rate":0,"timestamp":1551228218,"path_taken":["M","?","M","?","?","R","E","M","T","M","M","?","$","M","R","BOSS","M","M","?","?","?","M","M"],"build_version":"2019-02-06","purchased_purges":1,"victory":false,"max_hp_per_floor":[88,88,88,88,93,93,93,93,93,93,93,93,93,93,93,93,93,93,93,65,65,65,65,65],"card_choices":[{"not_picked":["Warcry","Clash"],"picked":"Metallicize","floor":1},{"not_picked":["Rage","Searing Blow"],"picked":"Clothesline","floor":3},{"not_picked":["Seeing Red","Sword Boomerang"],"picked":"Iron Wave","floor":7},{"not_picked":["Anger","Second Wind"],"picked":"Shrug It Off","floor":8},{"not_picked":["Intimidate","Dual Wield","Combust"],"picked":"SKIP","floor":10},{"not_picked":["Warcry","Havoc"],"picked":"Uppercut","floor":11},{"not_picked":["Havoc","True Grit"],"picked":"Shrug It Off","floor":14},{"not_picked":["Limit Break","Brutality"],"picked":"Berserk","floor":16},{"not_picked":["Reckless Charge","Flex"],"picked":"Disarm","floor":18},{"not_picked":["Sever Soul","Flex"],"picked":"Iron Wave","floor":19},{"not_picked":["Clothesline+1","Twin Strike"],"picked":"Cleave","floor":23}],"player_experience":269928,"relics_obtained":[],"event_choices":[{"cards_removed":["Defend_R"],"damage_healed":0,"gold_gain":0,"player_choice":"Card Removal","damage_taken":7,"max_hp_gain":0,"max_hp_loss":0,"event_name":"Golden Wing","floor":2,"gold_loss":0},{"damage_healed":0,"gold_gain":0,"player_choice":"Ignored","damage_taken":0,"max_hp_gain":0,"max_hp_loss":0,"event_name":"Liars Game","floor":4,"gold_loss":0},{"damage_healed":0,"gold_gain":0,"player_choice":"Donut","damage_taken":0,"max_hp_gain":5,"max_hp_loss":0,"event_name":"Big Fish","floor":5,"gold_loss":0},{"damage_healed":0,"gold_gain":0,"player_choice":"Became a vampire","damage_taken":0,"max_hp_gain":0,"max_hp_loss":28,"event_name":"Vampires","floor":20,"gold_loss":0,"cards_obtained":["Bite","Bite","Bite","Bite","Bite"]},{"damage_healed":0,"gold_gain":0,"cards_transformed":["Defend_R","Defend_R"],"player_choice":"Became Test Subject","damage_taken":0,"max_hp_gain":0,"max_hp_loss":0,"event_name":"Drug Dealer","floor":21,"gold_loss":0,"cards_obtained":["Pummel","Sentinel"]}],"is_beta":true,"boss_relics":[{"not_picked":["Busted Crown","Ectoplasm","Runic Cube"]}],"items_purged_floors":[13],"is_endless":false,"potions_floor_spawned":[7,14,18,23],"killed_by":"3 Cultists","ascension_level":0}