{"gold_per_floor":[111,91,111,125,135,135,163,163,163,178,49,49],"floor_reached":12,"playtime":338,"items_purged":["Strike_B"],"score":113,"play_id":"ad64113d-24db-4ac1-80ad-554a5bd28d97","local_time":"20190227013708","is_ascension_mode":true,"campfire_choices":[{"data":"Blizzard","floor":6,"key":"SMITH"},{"data":"Coolheaded","floor":8,"key":"SMITH"}],"neow_cost":"NONE","seed_source_timestamp":810825075370529,"circlet_count":0,"master_deck":["Strike_B","Strike_B","Strike_B","Defend_B","Defend_B","Defend_B","Defend_B","Zap","Dualcast","Stack","Blizzard+1","Stack","FTL","Coolheaded+1","Coolheaded"],"relics":["Cracked Core","NeowsBlessing","Mango","Ice Cream"],"potions_floor_usage":[5,7],"damage_taken":[{"damage":0,"enemies":"Cultist","floor":1,"turns":1},{"damage":0,"enemies":"Small Slimes","floor":3,"turns":1},{"damage":0,"enemies":"2 Louse","floor":4,"turns":1},{"damage":6,"enemies":"Looter","floor":5,"turns":3},{"damage":41,"enemies":"Lagavulin","floor":7,"turns":7},{"damage":36,"enemies":"Gremlin Gang","floor":10,"turns":5},{"damage":14,"enemies":"3 Louse","floor":12,"turns":1}],"seed_played":"5368294894680738825","potions_obtained":[{"floor":2,"key":"Explosive Potion"},{"floor":5,"key":"Fruit Juice"},{"floor":7,"key":"FearPotion"},{"floor":10,"key":"LiquidBronze"}],"is_trial":false,"path_per_floor":["M","?","M","M","M","R","E","R","T","M","$","M"],"character_chosen":"DEFECT","items_purchased":["Coolheaded"],"campfire_rested":0,"item_purchase_floors":[11],"current_hp_per_floor":[75,75,75,75,74,74,47,47,47,11,11,0],"gold":49,"neow_bonus":"THREE_ENEMY_KILL","is_prod":false,"is_daily":false,"chose_seed":false,"campfire_upgraded":2,"win_rate":0,"timestamp":1551249428,"path_taken":["M","?","?","M","M","R","E","R","T","M","$","M"],"build_version":"2019-01-23","purchased_purges":1,"victory":false,"max_hp_per_floor":[75,75,75,75,80,80,94,94,94,94,94,94],"card_choices":[{"not_picked":["Cold Snap","Storm"],"picked":"Stack","floor":1},{"not_picked":["Reinforced Body","White Noise"],"picked":"Blizzard","floor":3},{"not_picked":["Rebound","Steam Power"],"picked":"Stack","floor":4},{"not_picked":["Tempest","Reprogram"],"picked":"FTL","floor":5},{"not_picked":["Fusion","White Noise"],"picked":"Coolheaded","floor":7},{"not_picked":["Sunder","Streamline","Doom and Gloom"],"picked":"SKIP","floor":10}],"player_experience":196934,"relics_obtained":[{"floor":7,"key":"Mango"},{"floor":9,"key":"Ice Cream"}],"event_choices":[{"damage_healed":0,"gold_gain":0,"player_choice":"Bought 1 Potion","damage_taken":0,"max_hp_gain":0,"max_hp_loss":0,"event_name":"The Woman in Blue","floor":2,"gold_loss":0}],"is_beta":false,"boss_relics":[],"items_purged_floors":[11],"is_endless":false,"potions_floor_spawned":[5,7,10],"killed_by":"3 Louse","ascension_level":2}