{"gold_per_floor":[118,138,108,124,139,139,170,182,229,257,30,30,30,30,30,126,126,136,136,146,46,46,79,52,77,77,77,93,109,31,56,56,151,151,167,167,42,59,75,75,75,85,85,85],"floor_reached":44,"playtime":3203,"items_purged":["Strike_G","Strike_G","Strike_G"],"score":673,"play_id":"05494582-019c-407c-8c77-ea222bacec4a","local_time":"20190224120637","is_ascension_mode":true,"campfire_choices":[{"data":"Neutralize","floor":6,"key":"SMITH"},{"floor":13,"key":"REST"},{"floor":15,"key":"REST"},{"floor":27,"key":"REST"},{"floor":32,"key":"REST"},{"floor":40,"key":"REST"}],"neow_cost":"PERCENT_DAMAGE","seed_source_timestamp":3512303163606111,"circlet_count":0,"master_deck":["Defend_G","Defend_G","Defend_G","Defend_G","Defend_G","Strike_G","Survivor","Neutralize+1","Bouncing Flask","Backflip","Dodge and Roll","Backstab","Noxious Fumes","Slice","Backflip","Caltrops","Corpse Explosion","Concentrate","Skewer","Deflect","Dodge and Roll","Leg Sweep","Blur","Caltrops","Dash+1","Transmutation","PiercingWail","Sucker Punch+1","Prepared+1","Normality"],"relics":["Ring of the Snake","Ice Cream","Mercury Hourglass","Boot","Bottled Flame","Runic Pyramid","Pen Nib","Snake Skull","Bottled Tornado","Molten Egg 2","Happy Flower","Cursed Key","The Courier"],"potions_floor_usage":[7,8,16,23,33,33,33],"damage_taken":[{"damage":1,"enemies":"Jaw Worm","floor":1,"turns":6},{"damage":0,"enemies":"Cultist","floor":2,"turns":3},{"damage":0,"enemies":"Small Slimes","floor":4,"turns":3},{"damage":0,"enemies":"2 Fungi Beasts","floor":5,"turns":3},{"damage":3,"enemies":"Lagavulin","floor":7,"turns":8},{"damage":1,"enemies":"Exordium Thugs","floor":8,"turns":6},{"damage":6,"enemies":"3 Sentries","floor":10,"turns":7},{"damage":9,"enemies":"Slime Boss","floor":16,"turns":8},{"damage":0,"enemies":"Chosen","floor":18,"turns":5},{"damage":1,"enemies":"Shell Parasite","floor":20,"turns":5},{"damage":1,"enemies":"Gremlin Leader","floor":23,"turns":6},{"damage":39,"enemies":"Slavers","floor":25,"turns":7},{"damage":22,"enemies":"Snecko","floor":28,"turns":5},{"damage":0,"enemies":"Centurion and Healer","floor":29,"turns":7},{"damage":32,"enemies":"Collector","floor":33,"turns":9},{"damage":16,"enemies":"3 Darklings","floor":35,"turns":3},{"damage":0,"enemies":"3 Shapes","floor":38,"turns":3},{"damage":3,"enemies":"Jaw Worm Horde","floor":39,"turns":3},{"damage":13,"enemies":"Spire Growth","floor":42,"turns":6},{"damage":43,"enemies":"Transient","floor":44,"turns":4}],"seed_played":"-1857798910471365979","potions_obtained":[{"floor":1,"key":"SkillPotion"},{"floor":3,"key":"Block Potion"},{"floor":3,"key":"FearPotion"},{"floor":4,"key":"GhostInAJar"},{"floor":8,"key":"Ancient Potion"},{"floor":10,"key":"Ancient Potion"},{"floor":18,"key":"Block Potion"},{"floor":25,"key":"LiquidBronze"},{"floor":29,"key":"AttackPotion"},{"floor":35,"key":"Ancient Potion"}],"is_trial":false,"path_per_floor":["M","M","?","M","M","R","E","M","T","E","$","$","R","?","R","B",null,"M","?","M","$","?","E","$","E","T","R","M","M","$","T","R","B",null,"M","?","$","M","M","R","?","M","T","M"],"character_chosen":"THE_SILENT","items_purchased":["Backflip","Caltrops","Fire Potion","Dodge and Roll","Caltrops"],"campfire_rested":5,"item_purchase_floors":[11,11,11,24,30],"current_hp_per_floor":[44,44,44,44,44,44,41,40,40,34,34,34,55,48,69,60,68,68,68,67,67,67,66,66,27,27,48,26,26,26,26,47,15,56,40,40,40,40,37,58,51,38,38,0],"gold":85,"neow_bonus":"ONE_RARE_RELIC","is_prod":false,"is_daily":false,"chose_seed":false,"campfire_upgraded":1,"win_rate":0,"timestamp":1551027997,"path_taken":["M","M","?","M","?","R","E","?","T","E","?","$","R","?","R","BOSS","M","?","M","$","?","E","$","E","T","R","?","M","?","?","R","BOSS","M","?","$","M","M","R","?","M","T","M"],"build_version":"2019-02-06","purchased_purges":3,"victory":false,"max_hp_per_floor":[70,70,70,70,70,70,70,70,70,70,70,70,70,70,70,70,70,70,70,70,70,70,70,70,70,70,70,70,70,70,70,70,70,70,70,70,70,70,70,70,70,70,70,70],"card_choices":[{"not_picked":["Outmaneuver","Masterful Stab"],"picked":"Bouncing Flask","floor":1},{"not_picked":["Quick Slash","Outmaneuver"],"picked":"Backflip","floor":2},{"not_picked":["Riddle With Holes","Slice"],"picked":"Dodge and Roll","floor":4},{"not_picked":["Underhanded Strike","Dodge and Roll"],"picked":"Backstab","floor":5},{"not_picked":["Deadly Poison","Blade Dance","Wraith Form v2"],"picked":"SKIP","floor":7},{"not_picked":["Bane","Footwork"],"picked":"Noxious Fumes","floor":8},{"not_picked":["PiercingWail","Underhanded Strike"],"picked":"Slice","floor":10},{"not_picked":["Envenom","Bullet Time"],"picked":"Corpse Explosion","floor":16},{"not_picked":["Deadly Poison","Flying Knee"],"picked":"Concentrate","floor":18},{"not_picked":["Deadly Poison","Slice","Skewer+1"],"picked":"SKIP","floor":20},{"not_picked":["Underhanded Strike+1","Outmaneuver"],"picked":"Deflect","floor":23},{"not_picked":["Expertise","Flying Knee","Slice"],"picked":"SKIP","floor":25},{"not_picked":["Flying Knee+1","Distraction"],"picked":"Leg Sweep","floor":28},{"not_picked":["Calculated Gamble","Heel Hook+1"],"picked":"Blur","floor":29},{"not_picked":["Poisoned Stab+1","Slice+1"],"picked":"Dash+1","floor":35},{"not_picked":["Deep Breath","Panacea"],"picked":"Transmutation","floor":36},{"not_picked":["Poisoned Stab+1","Acrobatics"],"picked":"PiercingWail","floor":38},{"not_picked":["Bane+1","Blur+1"],"picked":"Sucker Punch+1","floor":39},{"not_picked":["Deadly Poison","Dodge and Roll"],"picked":"Prepared+1","floor":42}],"player_experience":228956,"relics_obtained":[{"floor":7,"key":"Mercury Hourglass"},{"floor":9,"key":"Boot"},{"floor":10,"key":"Bottled Flame"},{"floor":23,"key":"Snake Skull"},{"floor":25,"key":"Bottled Tornado"},{"floor":26,"key":"Molten Egg 2"},{"floor":31,"key":"Happy Flower"},{"floor":43,"key":"The Courier"}],"event_choices":[{"damage_healed":0,"gold_gain":0,"player_choice":"Bought 2 Potions","damage_taken":0,"max_hp_gain":0,"max_hp_loss":0,"event_name":"The Woman in Blue","floor":3,"gold_loss":0},{"cards_removed":["Strike_G"],"damage_healed":0,"gold_gain":0,"player_choice":"Card Removal","damage_taken":7,"max_hp_gain":0,"max_hp_loss":0,"event_name":"Golden Wing","floor":14,"gold_loss":0},{"damage_healed":0,"gold_gain":0,"player_choice":"Read","damage_taken":0,"max_hp_gain":0,"max_hp_loss":0,"event_name":"The Library","floor":19,"gold_loss":0,"cards_obtained":["Skewer"]},{"damage_healed":0,"gold_gain":0,"player_choice":"Gave Potion","damage_taken":0,"relics_obtained":["Pen Nib"],"max_hp_gain":0,"max_hp_loss":0,"event_name":"WeMeetAgain","floor":22,"gold_loss":0},{"damage_healed":0,"gold_gain":0,"player_choice":"Memory 1","damage_taken":0,"max_hp_gain":0,"max_hp_loss":0,"event_name":"SensoryStone","floor":36,"gold_loss":0},{"damage_healed":0,"gold_gain":0,"player_choice":"Damaged","damage_taken":7,"max_hp_gain":0,"max_hp_loss":0,"event_name":"Wheel of Change","floor":41,"gold_loss":0}],"is_beta":true,"boss_relics":[{"not_picked":["Coffee Dripper","Empty Cage"],"picked":"Runic Pyramid"},{"not_picked":["White Beast Statue","Black Star"],"picked":"Cursed Key"}],"items_purged_floors":[11,21,37],"is_endless":false,"potions_floor_spawned":[1,4,8,10,18,25,29,35],"killed_by":"Transient","ascension_level":8}