{"path_per_floor":["M","M","M","M","?","E","R","E","T","M","M","?","R","M","R","B",null,"M","$","M","M","T","E","M","R","T","M","E","M","M","M","R","B",null,"M","M","$","M","?","R","M","R","T","M","?","R","M","M","R","B"],"character_chosen":"THE_SILENT","items_purchased":["Gambling Chip","Calculated Gamble","Backflip","Regen Potion","Energy Potion","Noxious Fumes"],"gold_per_floor":[116,134,152,169,169,197,197,231,231,245,265,265,265,284,284,383,383,398,21,34,53,53,85,105,105,105,118,151,170,184,202,202,307,307,317,332,32,47,47,47,64,64,141,160,160,160,175,192,192,192],"floor_reached":51,"campfire_rested":2,"playtime":5687,"current_hp_per_floor":[69,68,68,66,59,57,57,56,56,56,56,56,56,55,55,47,70,69,69,69,62,62,52,51,51,51,45,42,42,42,42,42,13,70,36,24,24,24,42,42,40,40,40,45,45,66,51,51,70,5],"items_purged":["Finisher"],"gold":192,"score":561,"play_id":"22463ce6-9972-4d7c-aea2-31e79d64a897","is_prod":false,"is_daily":false,"is_ascension_mode":false,"campfire_upgraded":4,"path_taken":["M","M","M","M","?","E","R","E","T","M","M","?","R","M","R","BOSS","M","$","M","M","?","E","M","R","T","M","E","M","M","M","R","BOSS","M","M","$","M","?","R","M","R","T","M","?","R","?","M","R","BOSS"],"build_version":"2018-02-08-BETA1","purchased_purges":2,"victory":true,"master_deck":["Survivor+1","Neutralize+1","Escape Plan","Backstab","Finisher","Cloak And Dagger+1","Noxious Fumes+1","Backflip","Noxious Fumes","Regret","Dagger Spray","Quick Slash","Heel Hook","PiercingWail","Dagger Throw","Backflip","Sucker Punch","Infinite Blades","Skewer","Calculated Gamble","Backflip","Noxious Fumes","Noxious Fumes","Terror+1","Accuracy+1","Footwork+1","Burst+1","Acrobatics+1","Predator+1","Backflip+1","Noxious Fumes","Writhe","Predator+1","Acrobatics+1","Well Laid Plans+1"],"max_hp_per_floor":[70,70,70,70,70,70,70,70,70,70,70,70,70,70,70,70,70,70,70,70,70,70,70,70,70,70,70,70,70,70,70,70,70,70,70,70,70,70,70,70,70,70,70,70,70,70,70,70,70,70],"relics":["Ring of the Snake","Matryoshka","Du-Vu Doll","War Paint","Lantern","Ice Cream","Blue Candle","Pandora\u0027s Box","Gambling Chip","Toxic Egg 2","Oddly Smooth Stone","Singing Bowl","Girya","Tingsha","Snecko Eye","Letter Opener"],"card_choices":[{"not_picked":["Masterful Stab","Acrobatics"],"picked":"Escape Plan"},{"not_picked":["Escape Plan","Dagger Spray"],"picked":"Backstab"},{"not_picked":["Sucker Punch","Dagger Throw"],"picked":"Finisher"},{"not_picked":["Outmaneuver","Poisoned Stab"],"picked":"Cloak And Dagger"},{"not_picked":["Sucker Punch","Doppelganger"],"picked":"Noxious Fumes"},{"not_picked":["Riddle With Holes","Bane"],"picked":"Backflip"},{"not_picked":["Prepared","Outmaneuver"],"picked":"Noxious Fumes"},{"not_picked":["Blur","Dagger Throw"],"picked":"Backflip"},{"not_picked":["Prepared","Setup"],"picked":"Noxious Fumes"},{"not_picked":["Cloak And Dagger","Expertise"],"picked":"Noxious Fumes"},{"not_picked":["Deflect","Eviscerate"],"picked":"Terror"},{"not_picked":["Expertise","Venomology"],"picked":"Accuracy"},{"not_picked":["Backflip","Sucker Punch"],"picked":"Footwork"},{"not_picked":["Die Die Die","Envenom"],"picked":"Burst"},{"not_picked":["Expertise","Outmaneuver"],"picked":"Acrobatics"},{"not_picked":["Escape Plan","Poisoned Stab"],"picked":"Predator"},{"not_picked":["Dodge and Roll","Cloak And Dagger"],"picked":"Predator"},{"not_picked":["Masterful Stab","Sucker Punch"],"picked":"Acrobatics"},{"not_picked":["PiercingWail","Sucker Punch"],"picked":"Well Laid Plans"}],"player_experience":771471,"potions_floor_usage":[6,8,18,23,28,30,33,44,48,50,50],"damage_taken":[{"damage":1,"enemies":"Blue Slaver","floor":1,"turns":5},{"damage":1,"enemies":"Cultist","floor":2,"turns":5},{"damage":0,"enemies":"2 Louse","floor":3,"turns":2},{"damage":2,"enemies":"Large Slime","floor":4,"turns":5},{"damage":2,"enemies":"3 Sentries","floor":6,"turns":7},{"damage":1,"enemies":"Gremlin Nob","floor":8,"turns":3},{"damage":0,"enemies":"Exordium Thugs","floor":10,"turns":4},{"damage":0,"enemies":"Red Slaver","floor":11,"turns":3},{"damage":1,"enemies":"3 Louse","floor":14,"turns":2},{"damage":8,"enemies":"The Guardian","floor":16,"turns":10},{"damage":1,"enemies":"Chosen","floor":18,"turns":3},{"damage":0,"enemies":"Spheric Guardian","floor":20,"turns":1},{"damage":7,"enemies":"Snecko","floor":21,"turns":4},{"damage":10,"enemies":"Book of Stabbing","floor":23,"turns":4},{"damage":1,"enemies":"Centurion and Healer","floor":24,"turns":4},{"damage":6,"enemies":"Cultist and Chosen","floor":27,"turns":4},{"damage":3,"enemies":"Slavers","floor":28,"turns":5},{"damage":0,"enemies":"Chosen and Byrds","floor":29,"turns":2},{"damage":0,"enemies":"Snecko","floor":30,"turns":2},{"damage":0,"enemies":"Slaver and Parasite","floor":31,"turns":3},{"damage":29,"enemies":"Champ","floor":33,"turns":8},{"damage":34,"enemies":"3 Darklings","floor":35,"turns":4},{"damage":12,"enemies":"Orb Walker","floor":36,"turns":3},{"damage":0,"enemies":"Flame Bruiser 2 Orb","floor":38,"turns":1},{"damage":2,"enemies":"4 Shapes","floor":41,"turns":5},{"damage":7,"enemies":"Maw","floor":44,"turns":6},{"damage":15,"enemies":"Sphere and 2 Shapes","floor":47,"turns":3},{"damage":0,"enemies":"Spire Growth","floor":48,"turns":2},{"damage":65,"enemies":"Time Eater","floor":50,"turns":9}],"event_choices":[{"event_name":"Scrap Ooze","player_choice":"success","floor":5,"damage_taken":7},{"event_name":"Big Fish","player_choice":"Box","floor":12,"damage_taken":0},{"event_name":"Winding Halls","player_choice":"Writhe","floor":39,"damage_taken":0},{"event_name":"Mysterious Sphere","player_choice":"Ignore","floor":45,"damage_taken":0}],"boss_relics":[{"not_picked":["Orrery","Philosopher\u0027s Stone"],"picked":"Pandora\u0027s Box"},{"not_picked":["Eternal Feather","Lizard Tail"],"picked":"Snecko Eye"}],"potions_floor_spawned":[1,2,8,10,11,16,18,21,28,29,41,47],"seed_played":"-8976484593350304019","ascension_level":0,"is_trial":false}