{"gold_per_floor":[111,131,142,217,236,236,261,280,303,303,85,85,85,85,85,186,186,199,218,233,250,22,22,22],"floor_reached":24,"playtime":1161,"items_purged":["Parasite"],"score":287,"play_id":"3426a8ba-3bc5-4267-b3b6-c81beb729b3f","local_time":"20190226110218","is_ascension_mode":true,"campfire_choices":[{"data":"Perfected Strike","floor":6,"key":"SMITH"},{"data":"Corruption","floor":10,"key":"SMITH"},{"data":"Feel No Pain","floor":12,"key":"SMITH"},{"data":"Bash","floor":15,"key":"SMITH"},{"data":"Body Slam","floor":23,"key":"SMITH"}],"neow_cost":"PERCENT_DAMAGE","seed_source_timestamp":970709841201006,"circlet_count":0,"master_deck":["Strike_R","Strike_R+1","Strike_R","Strike_R","Strike_R+1","Defend_R","Defend_R","Defend_R","Defend_R","Bash+1","Perfected Strike+1","Shrug It Off","Disarm+1","Corruption+1","Feel No Pain+1","Fiend Fire","Shrug It Off","Flame Barrier","Body Slam+1"],"relics":["Burning Blood","Bird Faced Urn","Pear","Smiling Mask","Orichalcum","Lizard Tail","Whetstone"],"potions_floor_usage":[16,16,18,21,24,24],"damage_taken":[{"damage":9,"enemies":"Jaw Worm","floor":1,"turns":5},{"damage":2,"enemies":"2 Louse","floor":2,"turns":3},{"damage":2,"enemies":"Small Slimes","floor":3,"turns":4},{"damage":7,"enemies":"Looter","floor":5,"turns":4},{"damage":16,"enemies":"Gremlin Nob","floor":7,"turns":3},{"damage":9,"enemies":"3 Louse","floor":8,"turns":4},{"damage":36,"enemies":"Hexaghost","floor":16,"turns":15},{"damage":13,"enemies":"3 Byrds","floor":18,"turns":9},{"damage":26,"enemies":"Spheric Guardian","floor":19,"turns":6},{"damage":14,"enemies":"Cultist and Chosen","floor":20,"turns":9},{"damage":59,"enemies":"Centurion and Healer","floor":21,"turns":15},{"damage":58,"enemies":"Gremlin Leader","floor":24,"turns":8}],"seed_played":"8386872800874793760","potions_obtained":[{"floor":1,"key":"Fire Potion"},{"floor":7,"key":"Weak Potion"},{"floor":8,"key":"SteroidPotion"},{"floor":16,"key":"SneckoOil"},{"floor":19,"key":"Swift Potion"},{"floor":21,"key":"SpeedPotion"}],"is_trial":false,"path_per_floor":["M","M","M","?","M","R","E","M","T","R","$","R","?","?","R","B",null,"M","M","M","M","$","R","E"],"character_chosen":"IRONCLAD","items_purchased":["Feel No Pain","Orichalcum","Whetstone","Body Slam"],"campfire_rested":0,"item_purchase_floors":[11,11,22,22],"current_hp_per_floor":[48,52,56,45,44,44,44,43,43,43,43,43,65,65,65,39,77,74,58,54,51,51,51,0],"gold":22,"neow_bonus":"ONE_RARE_RELIC","is_prod":false,"is_daily":false,"chose_seed":false,"campfire_upgraded":5,"win_rate":0,"timestamp":1551175338,"path_taken":["M","M","M","?","M","R","E","M","T","R","$","R","?","?","R","BOSS","M","M","M","M","$","R","E"],"build_version":"2019-01-23","purchased_purges":1,"victory":false,"max_hp_per_floor":[80,80,80,80,80,80,90,90,90,90,90,90,90,90,90,90,90,90,90,90,90,87,87,87],"card_choices":[{"not_picked":["Combust","Bloodletting","Anger"],"picked":"SKIP","floor":1},{"not_picked":["Thunderclap","True Grit"],"picked":"Perfected Strike","floor":2},{"not_picked":["Clash","Seeing Red"],"picked":"Shrug It Off","floor":3},{"not_picked":["Twin Strike","Rampage"],"picked":"Disarm","floor":5},{"not_picked":["Reckless Charge","Iron Wave"],"picked":"Corruption","floor":7},{"not_picked":["Anger","Flex","Dropkick"],"picked":"SKIP","floor":8},{"not_picked":["Double Tap","Exhume"],"picked":"Fiend Fire","floor":16},{"not_picked":["Thunderclap","Intimidate","True Grit"],"picked":"SKIP","floor":18},{"not_picked":["Havoc","Hemokinesis"],"picked":"Shrug It Off","floor":19},{"not_picked":["Anger+1","True Grit"],"picked":"Flame Barrier","floor":20},{"not_picked":["Body Slam","Headbutt","Havoc"],"picked":"SKIP","floor":21}],"player_experience":538729,"relics_obtained":[{"floor":7,"key":"Pear"},{"floor":9,"key":"Smiling Mask"}],"event_choices":[{"damage_healed":0,"gold_gain":75,"player_choice":"Gather Gold","damage_taken":11,"max_hp_gain":0,"max_hp_loss":0,"event_name":"World of Goop","floor":4,"gold_loss":0},{"damage_healed":22,"gold_gain":0,"player_choice":"Healed and dodged fight","damage_taken":0,"max_hp_gain":0,"max_hp_loss":0,"event_name":"Mushrooms","floor":13,"gold_loss":0,"cards_obtained":["Parasite"]},{"damage_healed":0,"gold_gain":0,"player_choice":"Grow","damage_taken":0,"max_hp_gain":0,"max_hp_loss":0,"event_name":"Living Wall","floor":14,"gold_loss":0,"cards_upgraded":["Disarm"]}],"is_beta":false,"boss_relics":[{"not_picked":["Black Star","Busted Crown"],"picked":"Lizard Tail"}],"items_purged_floors":[22],"is_endless":false,"potions_floor_spawned":[1,7,8,16,19,21],"killed_by":"Gremlin Leader","ascension_level":9}