{"path_per_floor":["M","?","T","?","M","E","R","E","T","$","R","E","M","M","R","B",null,"M","M","?","$","?","R","E","R","T","E","R","M","E","M","R","B",null,"M","M","M","?","$","E","R","E","T","R","$","E","M","M","R","B"],"character_chosen":"THE_SILENT","items_purchased":["Flash of Steel","Regen Potion","Fire Potion","Kunai","Deflect"],"gold_per_floor":[113,113,188,188,206,234,234,262,318,44,44,78,97,111,111,215,215,226,244,159,59,59,59,90,90,90,122,122,136,170,185,185,284,284,299,314,329,329,31,59,59,87,110,110,6,38,48,67,67,67],"floor_reached":51,"campfire_rested":1,"playtime":5433,"current_hp_per_floor":[63,56,56,56,53,36,36,16,16,16,16,19,19,19,19,17,55,49,49,49,49,49,49,46,46,46,28,48,48,46,46,46,46,62,62,62,54,54,54,54,62,47,47,55,55,59,61,63,69,68],"items_purged":["Deadly Poison","Defend_G","Strike_G","Dash"],"gold":67,"score":1138,"play_id":"3388b58d-a33c-4c99-950e-1e3c0c17e565","is_prod":false,"is_daily":false,"is_ascension_mode":true,"campfire_upgraded":4,"path_taken":["M","?","?","?","M","E","R","E","T","$","R","E","M","M","R","BOSS","M","M","?","$","?","R","E","R","T","E","R","M","E","M","R","BOSS","M","M","M","?","$","E","R","E","T","R","$","E","M","M","R","BOSS"],"build_version":"2018-02-07-BETA2","purchased_purges":4,"victory":true,"master_deck":["Defend_G+1","Defend_G+1","Defend_G+1","Defend_G+1","Strike_G+1","Strike_G+1","Strike_G+1","Strike_G+1","Survivor+1","Neutralize+1","Sucker Punch","Cloak And Dagger+1","Flash of Steel","Cloak And Dagger+1","Cloak And Dagger+1","Blur","Phantasmal Killer","Concentrate","Flying Knee","Prepared+1","Outmaneuver+1","Deflect","Deflect","Deflect+1"],"max_hp_per_floor":[70,67,67,67,67,67,67,67,67,67,67,67,67,67,67,67,67,67,67,67,67,67,67,67,67,67,67,67,67,67,67,67,67,67,67,67,67,67,67,67,67,67,67,67,67,69,69,69,69,69],"relics":["Ring of the Snake","War Paint","Shuriken","Shovel","Bronze Scales","Tiny Chest","Juzu Bracelet","Thread and Needle","Sozu","Sundial","Bag of Preparation","Unceasing Top","Smiling Mask","Anchor","Centennial Puzzle","Eternal Feather","Kunai","Mercury Hourglass","Bag of Marbles","Blood Vial","Singing Bowl","Calipers","Torii","Dead Branch"],"card_choices":[{"not_picked":["Terror","Heel Hook"],"picked":"Deadly Poison"},{"not_picked":["Deadly Poison","Backflip"],"picked":"Sucker Punch"},{"not_picked":["Predator","Endless Agony"],"picked":"Cloak And Dagger"},{"not_picked":["Footwork","Predator"],"picked":"Dash"},{"not_picked":["Calculated Gamble","Leg Sweep"],"picked":"Cloak And Dagger"},{"not_picked":["Noxious Fumes","Expertise"],"picked":"Cloak And Dagger"},{"not_picked":["Flechettes","Poisoned Stab"],"picked":"Blur"},{"not_picked":["Corpse Explosion","Unload"],"picked":"Phantasmal Killer"},{"not_picked":["Dagger Throw","Expertise"],"picked":"Concentrate"},{"not_picked":["Dagger Throw","Expertise"],"picked":"Flying Knee"},{"not_picked":["Poisoned Stab","Quick Slash"],"picked":"Prepared"},{"not_picked":["Dodge and Roll","Prepared"],"picked":"Outmaneuver"},{"not_picked":["Deadly Poison","Sucker Punch"],"picked":"Deflect"},{"not_picked":["Setup","Backflip"],"picked":"Deflect"}],"player_experience":722640,"potions_floor_usage":[6,8,12],"damage_taken":[{"damage":0,"enemies":"2 Louse","floor":1,"turns":3},{"damage":3,"enemies":"Small Slimes","floor":5,"turns":4},{"damage":17,"enemies":"Lagavulin","floor":6,"turns":7},{"damage":20,"enemies":"3 Sentries","floor":8,"turns":9},{"damage":9,"enemies":"Gremlin Nob","floor":12,"turns":5},{"damage":0,"enemies":"Cultist","floor":13,"turns":3},{"damage":0,"enemies":"Looter","floor":14,"turns":3},{"damage":2,"enemies":"Hexaghost","floor":16,"turns":9},{"damage":6,"enemies":"Spheric Guardian","floor":18,"turns":4},{"damage":0,"enemies":"3 Byrds","floor":19,"turns":3},{"damage":3,"enemies":"Book of Stabbing","floor":24,"turns":5},{"damage":18,"enemies":"Gremlin Leader","floor":27,"turns":6},{"damage":0,"enemies":"Snecko","floor":29,"turns":5},{"damage":2,"enemies":"Slavers","floor":30,"turns":5},{"damage":0,"enemies":"Chosen and Byrds","floor":31,"turns":4},{"damage":0,"enemies":"Collector","floor":33,"turns":9},{"damage":0,"enemies":"Orb Walker","floor":35,"turns":3},{"damage":0,"enemies":"Flame Bruiser 1 Orb","floor":36,"turns":4},{"damage":8,"enemies":"4 Shapes","floor":37,"turns":7},{"damage":0,"enemies":"Giant Head","floor":40,"turns":6},{"damage":15,"enemies":"Nemesis","floor":42,"turns":4},{"damage":0,"enemies":"Giant Head","floor":46,"turns":5},{"damage":0,"enemies":"Spire Growth","floor":47,"turns":2},{"damage":0,"enemies":"Maw","floor":48,"turns":4},{"damage":1,"enemies":"Awakened One","floor":50,"turns":10}],"event_choices":[{"event_name":"Golden Wing","player_choice":"Card Removal","floor":2,"damage_taken":0},{"event_name":"Liars Game","player_choice":"disagreed","floor":4,"damage_taken":0},{"event_name":"Addict","player_choice":"Obtained Relic","floor":20,"damage_taken":0},{"event_name":"Back to Basics","player_choice":"Simplicity","floor":22,"damage_taken":0},{"event_name":"Tomb of Lord Red Mask","player_choice":"Ignored","floor":38,"damage_taken":0}],"boss_relics":[{"not_picked":["Philosopher\u0027s Stone","Pandora\u0027s Box"],"picked":"Sozu"},{"not_picked":["Velvet Choker","Calling Bell"],"picked":"Eternal Feather"}],"potions_floor_spawned":[5,6,13,14,18,24,33,35,36,46],"seed_played":"-6098262417390017134","ascension_level":12,"is_trial":false}