{"gold_per_floor":[114,130,149,162,182,209,209,243,243,243,123,142,142,142,142,273,273,296,314,330,351,375,406,481,481,481,381,49,49,63,14,14,142,142,165,190,203,226,145,145,168,168,168,168,168,168,181,181,181,181,181,181,36,79,79],"floor_reached":55,"playtime":27677,"items_purged":["Strike_B","Strike_B","Strike_B"],"score":976,"play_id":"5f166695-d338-4da1-8629-fe050a4c677f","local_time":"20190224114616","is_ascension_mode":true,"campfire_choices":[{"floor":7,"key":"REST"},{"data":"Echo Form","floor":13,"key":"SMITH"},{"floor":15,"key":"REST"},{"data":"Loop","floor":25,"key":"SMITH"},{"data":"Consume","floor":29,"key":"SMITH"},{"floor":32,"key":"REST"},{"data":"Defragment","floor":40,"key":"SMITH"},{"data":"Chill","floor":42,"key":"SMITH"},{"floor":46,"key":"RECALL"},{"floor":49,"key":"REST"},{"floor":52,"key":"REST"}],"neow_cost":"NONE","seed_source_timestamp":739793816465235,"circlet_count":0,"master_deck":["Strike_B+1","Defend_B+1","Defend_B+1","Defend_B+1","Defend_B+1","Zap+1","Dualcast+1","Coolheaded+1","Consume+1","Conserve Battery+1","Ball Lightning+1","Echo Form+1","Tempest+1","Cold Snap+1","Glacier+1","Biased Cognition+1","Reinforced Body+1","Self Repair+1","Seek+1","Loop+1","Chill+1","Defragment+1","Purity+1","Defragment+1"],"relics":["Cracked Core","Question Card","Lantern","Mummified Hand","Golden Idol","Velvet Choker","Shuriken","Omamori","Runic Capacitor","Sozu","Mark of the Bloom","Anchor","Bottled Tornado"],"potions_floor_usage":[6,16,16,20,23,23,33,33,38],"damage_taken":[{"damage":0,"enemies":"Cultist","floor":1,"turns":4},{"damage":0,"enemies":"Jaw Worm","floor":2,"turns":3},{"damage":3,"enemies":"Small Slimes","floor":3,"turns":3},{"damage":7,"enemies":"Blue Slaver","floor":4,"turns":4},{"damage":19,"enemies":"Exordium Thugs","floor":5,"turns":5},{"damage":24,"enemies":"Gremlin Nob","floor":6,"turns":4},{"damage":22,"enemies":"3 Sentries","floor":8,"turns":6},{"damage":0,"enemies":"Looter","floor":12,"turns":2},{"damage":3,"enemies":"The Guardian","floor":16,"turns":13},{"damage":0,"enemies":"Shell Parasite","floor":18,"turns":7},{"damage":0,"enemies":"Chosen","floor":19,"turns":3},{"damage":7,"enemies":"Centurion and Healer","floor":20,"turns":9},{"damage":0,"enemies":"Snecko","floor":21,"turns":4},{"damage":12,"enemies":"Snake Plant","floor":22,"turns":6},{"damage":19,"enemies":"Slavers","floor":23,"turns":10},{"damage":16,"enemies":"Chosen and Byrds","floor":30,"turns":8},{"damage":0,"enemies":"Automaton","floor":33,"turns":13},{"damage":9,"enemies":"3 Shapes","floor":35,"turns":5},{"damage":5,"enemies":"Orb Walker","floor":36,"turns":4},{"damage":0,"enemies":"Sphere and 2 Shapes","floor":37,"turns":6},{"damage":8,"enemies":"Transient","floor":38,"turns":5},{"damage":0,"enemies":"4 Shapes","floor":41,"turns":7},{"damage":0,"enemies":"Maw","floor":47,"turns":5},{"damage":0,"enemies":"Time Eater","floor":50,"turns":12},{"damage":17,"enemies":"Shield and Spear","floor":54,"turns":13},{"damage":52,"enemies":"The Heart","floor":55,"turns":5}],"seed_played":"-5438838719347049260","potions_obtained":[{"floor":1,"key":"Weak Potion"},{"floor":5,"key":"Weak Potion"},{"floor":8,"key":"SkillPotion"},{"floor":12,"key":"Dexterity Potion"},{"floor":18,"key":"Regen Potion"},{"floor":22,"key":"Poison Potion"},{"floor":30,"key":"Swift Potion"},{"floor":33,"key":"EssenceOfSteel"}],"is_trial":false,"path_per_floor":["M","M","M","M","M","E","R","E","T","?","$","M","R","?","R","B",null,"M","M","M","M","M","E","?","R","T","$","$","R","M","$","R","B",null,"M","M","M","M","$","R","M","R","T","?","?","R","M","?","R","B",null,"R","$","E","B"],"character_chosen":"DEFECT","items_purchased":["Cold Snap","Runic Capacitor","SkillPotion","Defragment","Anchor"],"campfire_rested":5,"item_purchase_floors":[11,28,31,39,53],"current_hp_per_floor":[68,68,65,58,39,15,37,15,15,15,15,15,15,1,21,18,56,56,56,64,64,66,54,48,48,48,48,48,48,39,39,59,66,68,66,68,69,68,68,68,69,69,69,69,69,69,69,69,69,69,69,69,69,52,0],"gold":79,"neow_bonus":"UPGRADE_CARD","is_prod":false,"is_daily":false,"chose_seed":false,"campfire_upgraded":5,"win_rate":0,"timestamp":1551005176,"path_taken":["M","M","?","M","M","E","R","E","T","?","$","M","R","?","R","BOSS","M","M","M","M","M","E","?","R","T","?","$","R","M","$","R","BOSS","M","M","M","M","$","R","M","R","T","?","?","R","M","?","R","BOSS","R","$","E","BOSS"],"build_version":"2019-01-23","purchased_purges":3,"victory":false,"max_hp_per_floor":[75,75,75,75,75,75,75,75,75,69,69,69,69,69,69,69,69,69,69,69,69,69,69,69,69,69,69,69,69,69,69,69,69,69,69,69,69,69,69,69,69,69,69,69,69,69,69,69,69,69,69,69,69,69,69],"card_choices":[{"not_picked":["Beam Cell","Streamline"],"picked":"Coolheaded","floor":1},{"not_picked":["Hologram","Doom and Gloom"],"picked":"Consume","floor":2},{"not_picked":["Streamline","Scrape"],"picked":"Conserve Battery","floor":3},{"not_picked":["Beam Cell","Streamline"],"picked":"Ball Lightning","floor":4},{"not_picked":["Beam Cell","Ball Lightning"],"picked":"Echo Form","floor":5},{"not_picked":["Static Discharge","Heatsinks"],"picked":"Tempest","floor":6},{"not_picked":["Ball Lightning","Leap","Undo","Coolheaded"],"picked":"SKIP","floor":8},{"not_picked":["FTL","Genetic Algorithm","Stack"],"picked":"Glacier","floor":12},{"not_picked":["Buffer","Core Surge","Fission"],"picked":"Biased Cognition","floor":16},{"not_picked":["Genetic Algorithm","Streamline","Coolheaded","Auto Shields"],"picked":"SKIP","floor":18},{"not_picked":["Coolheaded","Leap","Turbo+1"],"picked":"Reinforced Body","floor":19},{"not_picked":["Turbo","Barrage","Hologram","Tempest+1"],"picked":"SKIP","floor":20},{"not_picked":["Compile Driver+1","Scrape","Tempest"],"picked":"Self Repair","floor":21},{"not_picked":["Conserve Battery+1","Chill+1","Compile Driver"],"picked":"Seek","floor":22},{"not_picked":["Skim","Go for the Eyes","Amplify"],"picked":"Loop","floor":23},{"not_picked":["Steam","Go for the Eyes","Doom and Gloom","Sweeping Beam"],"picked":"SKIP","floor":30},{"not_picked":["Steam+1","Conserve Battery","Consume+1"],"picked":"Chill","floor":35},{"not_picked":["Coolheaded","Streamline+1","Turbo+1","Self Repair"],"picked":"SKIP","floor":36},{"not_picked":["Force Field","Gash","Stack+1","Recycle"],"picked":"SKIP","floor":37},{"not_picked":["Streamline+1","Turbo+1","Ball Lightning","Chill"],"picked":"SKIP","floor":38},{"not_picked":["Rainbow","Compile Driver","Reprogram+1","Melter"],"picked":"SKIP","floor":41},{"not_picked":["Swift Strike","Mind Blast","Forethought"],"picked":"Purity","floor":44},{"not_picked":["Tempest+1","Undo+1","Conserve Battery+1","Streamline+1"],"picked":"SKIP","floor":47},{"not_picked":["Sweeping Beam","Chill","Beam Cell"],"picked":"Defragment+1","floor":54}],"player_experience":404548,"relics_obtained":[{"floor":6,"key":"Question Card"},{"floor":8,"key":"Lantern"},{"floor":9,"key":"Mummified Hand"},{"floor":23,"key":"Shuriken"},{"floor":26,"key":"Omamori"},{"floor":54,"key":"Bottled Tornado"}],"event_choices":[{"damage_healed":0,"gold_gain":0,"player_choice":"Lose Max HP","damage_taken":0,"relics_obtained":["Golden Idol"],"max_hp_gain":0,"max_hp_loss":6,"event_name":"Golden Idol","floor":10,"gold_loss":0},{"damage_healed":0,"gold_gain":0,"player_choice":"Entered Light","damage_taken":14,"max_hp_gain":0,"max_hp_loss":0,"event_name":"Shining Light","floor":14,"gold_loss":0,"cards_upgraded":["Conserve Battery","Defend_B"]},{"damage_healed":0,"gold_gain":75,"player_choice":"Touch","damage_taken":6,"max_hp_gain":0,"max_hp_loss":0,"event_name":"FaceTrader","floor":24,"gold_loss":0},{"damage_healed":0,"gold_gain":0,"player_choice":"Memory 1","damage_taken":0,"max_hp_gain":0,"max_hp_loss":0,"event_name":"SensoryStone","floor":44,"gold_loss":0},{"damage_healed":0,"gold_gain":0,"player_choice":"Ignored","damage_taken":0,"max_hp_gain":0,"max_hp_loss":0,"event_name":"The Moai Head","floor":45,"gold_loss":0},{"damage_healed":0,"gold_gain":0,"player_choice":"Upgrade","damage_taken":0,"relics_obtained":["Mark of the Bloom"],"max_hp_gain":0,"max_hp_loss":0,"event_name":"MindBloom","floor":48,"gold_loss":0,"cards_upgraded":["Strike_B","Defend_B","Defend_B","Defend_B","Dualcast","Coolheaded","Ball Lightning","Tempest","Cold Snap","Glacier","Biased Cognition","Reinforced Body","Self Repair","Seek","Purity"]}],"is_beta":false,"boss_relics":[{"not_picked":["Pandora\u0027s Box","Runic Pyramid"],"picked":"Velvet Choker"},{"not_picked":["Empty Cage","Calling Bell"],"picked":"Sozu"}],"items_purged_floors":[11,27,28],"is_endless":false,"potions_floor_spawned":[1,5,8,12,18,22,30,33,35,41],"killed_by":"The Heart","ascension_level":6}