{"gold_per_floor":[115,135,152,168,179,179,194,194,194,194,223,223,223,234,234,338,338,354,354,279,297,309,335,210,210,256,288,288,306,318,332,332,428,428,443,455,472,472,484,512,170,185,239,272,284,356,368,400,412,424],"floor_reached":51,"playtime":3588,"items_purged":["Strike_R","Strike_R","Searing Blow+1"],"score":833,"play_id":"c9facd07-42a3-48c6-8bdc-e10b73dbbadb","local_time":"20181109222601","is_ascension_mode":false,"campfire_choices":[{"data":"Uppercut","floor":6,"key":"SMITH"},{"data":"Evolve","floor":8,"key":"SMITH"},{"data":"Wild Strike","floor":10,"key":"SMITH"},{"data":"Rampage","floor":13,"key":"SMITH"},{"data":"Shrug It Off","floor":15,"key":"SMITH"},{"data":"Feed","floor":25,"key":"SMITH"},{"data":"Flex","floor":28,"key":"SMITH"},{"data":"Spot Weakness","floor":32,"key":"SMITH"},{"floor":45,"key":"REST"},{"floor":47,"key":"REST"},{"data":"Power Through","floor":49,"key":"SMITH"}],"neow_cost":"NONE","seed_source_timestamp":1327888206045774,"circlet_count":0,"master_deck":["Defend_R","Defend_R","Defend_R","Bash","Uppercut+1","Rampage+1","Battle Trance","Evolve+1","Wild Strike+1","Shrug It Off+1","Spot Weakness+1","Feed+1","Dropkick","Flex+1","Cleave+1","Headbutt","True Grit+1","Reckless Charge","Seeing Red","Battle Trance+1","Rampage+1","Headbutt+1","Shrug It Off+1","Writhe","Inflame","Power Through+1"],"relics":["Burning Blood","Centennial Puzzle","Sundial","Bag of Preparation","Sozu","Bird Faced Urn","Blood Vial","Self Forming Clay","Astrolabe","Juzu Bracelet","PreservedInsect","Lantern","MawBank","Tiny Chest"],"potions_floor_usage":[16,33,33],"damage_taken":[{"damage":3,"enemies":"Jaw Worm","floor":1,"turns":4},{"damage":8,"enemies":"2 Louse","floor":2,"turns":2},{"damage":1,"enemies":"Cultist","floor":3,"turns":3},{"damage":14,"enemies":"Lots of Slimes","floor":4,"turns":5},{"damage":6,"enemies":"2 Fungi Beasts","floor":5,"turns":5},{"damage":15,"enemies":"Exordium Wildlife","floor":7,"turns":4},{"damage":16,"enemies":"Gremlin Nob","floor":11,"turns":4},{"damage":1,"enemies":"Large Slime","floor":14,"turns":3},{"damage":13,"enemies":"Hexaghost","floor":16,"turns":9},{"damage":0,"enemies":"Chosen","floor":18,"turns":3},{"damage":10,"enemies":"2 Thieves","floor":21,"turns":3},{"damage":10,"enemies":"Cultist and Chosen","floor":22,"turns":4},{"damage":11,"enemies":"Gremlin Leader","floor":23,"turns":6},{"damage":32,"enemies":"Slavers","floor":27,"turns":4},{"damage":7,"enemies":"3 Cultists","floor":29,"turns":3},{"damage":15,"enemies":"Snake Plant","floor":30,"turns":3},{"damage":14,"enemies":"Sentry and Sphere","floor":31,"turns":4},{"damage":58,"enemies":"Collector","floor":33,"turns":10},{"damage":4,"enemies":"3 Shapes","floor":35,"turns":4},{"damage":0,"enemies":"Orb Walker","floor":36,"turns":1},{"damage":54,"enemies":"Writhing Mass","floor":37,"turns":5},{"damage":24,"enemies":"Maw","floor":39,"turns":7},{"damage":28,"enemies":"Giant Head","floor":40,"turns":7},{"damage":16,"enemies":"Spire Growth","floor":42,"turns":3},{"damage":28,"enemies":"Nemesis","floor":44,"turns":3},{"damage":21,"enemies":"Reptomancer","floor":46,"turns":4},{"damage":7,"enemies":"4 Shapes","floor":48,"turns":4},{"damage":66,"enemies":"Awakened One","floor":50,"turns":13}],"seed_played":"-24589837916853004","potions_obtained":[{"floor":1,"key":"Dexterity Potion"},{"floor":2,"key":"Fire Potion"},{"floor":3,"key":"Dexterity Potion"},{"floor":11,"key":"SteroidPotion"}],"is_trial":false,"path_per_floor":["M","M","M","M","M","R","M","R","T","R","E","?","R","M","R","B",null,"M","?","$","M","M","E","$","R","T","E","R","M","M","M","R","B",null,"M","M","M","?","M","E","$","M","T","E","R","E","R","M","R","B",null],"character_chosen":"IRONCLAD","items_purchased":["Headbutt","PreservedInsect","Inflame"],"campfire_rested":2,"item_purchase_floors":[24,41,41],"current_hp_per_floor":[80,78,80,72,72,72,63,63,63,63,53,53,53,58,58,51,80,83,83,83,82,81,76,76,76,76,58,58,65,60,56,56,8,97,101,105,61,88,78,60,60,54,54,38,71,60,93,102,102,52],"gold":436,"neow_bonus":"RANDOM_COMMON_RELIC","is_prod":false,"is_daily":false,"chose_seed":false,"campfire_upgraded":9,"win_rate":0,"timestamp":1541831161,"path_taken":["M","M","M","M","M","R","M","R","T","R","E","?","R","M","R","BOSS","M","?","$","M","?","E","$","R","T","E","R","M","M","M","R","BOSS","M","?","M","?","M","E","$","M","T","E","R","E","R","M","R","BOSS"],"build_version":"2018-11-08","purchased_purges":3,"victory":true,"max_hp_per_floor":[80,80,80,80,80,80,80,80,80,80,80,80,80,80,80,80,80,83,83,83,86,89,89,89,89,89,93,93,97,97,97,97,97,97,101,105,109,109,113,113,113,113,113,113,113,113,113,117,117,121],"card_choices":[{"not_picked":["Sentinel","Intimidate"],"picked":"Uppercut","floor":1},{"not_picked":["Dual Wield","Armaments"],"picked":"Rampage","floor":2},{"not_picked":["Pommel Strike","True Grit"],"picked":"Battle Trance","floor":3},{"not_picked":["Iron Wave","Perfected Strike"],"picked":"Evolve","floor":4},{"not_picked":["Infernal Blade","Pommel Strike"],"picked":"Wild Strike","floor":5},{"not_picked":["Fire Breathing","Burning Pact","Dark Embrace"],"picked":"SKIP","floor":7},{"not_picked":["Anger","Clash"],"picked":"Shrug It Off","floor":11},{"not_picked":["Flame Barrier","Iron Wave"],"picked":"Spot Weakness","floor":14},{"not_picked":["Bludgeon","Barricade"],"picked":"Feed","floor":16},{"not_picked":["Seeing Red","Entrench+1"],"picked":"Dropkick","floor":18},{"not_picked":["Clothesline","Dropkick"],"picked":"Flex","floor":21},{"not_picked":["Dual Wield+1","Battle Trance","Heavy Blade+1"],"picked":"SKIP","floor":22},{"not_picked":["Dual Wield+1","Pommel Strike"],"picked":"Cleave+1","floor":23},{"not_picked":["Double Tap","Perfected Strike"],"picked":"True Grit+1","floor":27},{"not_picked":["Cleave+1","Clothesline"],"picked":"Reckless Charge","floor":29},{"not_picked":["Thunderclap","True Grit"],"picked":"Seeing Red","floor":30},{"not_picked":["Perfected Strike","Havoc","Combust"],"picked":"SKIP","floor":31},{"not_picked":["Intimidate","Pommel Strike+1"],"picked":"Headbutt+1","floor":35},{"not_picked":["Hemokinesis","Rage"],"picked":"Shrug It Off+1","floor":36},{"not_picked":["Spot Weakness+1","True Grit","Perfected Strike+1"],"picked":"SKIP","floor":37},{"not_picked":["Cleave+1","Entrench+1","Wild Strike+1"],"picked":"SKIP","floor":39},{"not_picked":["Heavy Blade","Entrench+1","Bloodletting+1"],"picked":"SKIP","floor":40},{"not_picked":["Havoc","Rampage","Infernal Blade+1"],"picked":"SKIP","floor":42},{"not_picked":["Clash","True Grit","Armaments"],"picked":"SKIP","floor":44},{"not_picked":["Sentinel+1","Berserk","Anger"],"picked":"SKIP","floor":46},{"not_picked":["True Grit","Twin Strike"],"picked":"Power Through","floor":48}],"player_experience":634376,"relics_obtained":[{"floor":9,"key":"Sundial"},{"floor":11,"key":"Bag of Preparation"},{"floor":23,"key":"Bird Faced Urn"},{"floor":26,"key":"Blood Vial"},{"floor":27,"key":"Self Forming Clay"},{"floor":40,"key":"Juzu Bracelet"},{"floor":43,"key":"Lantern"},{"floor":44,"key":"MawBank"},{"floor":46,"key":"Tiny Chest"}],"event_choices":[{"cards_removed":["Strike_R"],"damage_healed":0,"gold_gain":0,"player_choice":"Forget","damage_taken":0,"max_hp_gain":0,"max_hp_loss":0,"event_name":"Living Wall","floor":12,"gold_loss":0},{"damage_healed":0,"gold_gain":0,"player_choice":"Bought 0 Potions","damage_taken":0,"max_hp_gain":0,"max_hp_loss":0,"event_name":"The Woman in Blue","floor":19,"gold_loss":0},{"damage_healed":27,"gold_gain":0,"player_choice":"Writhe","damage_taken":0,"max_hp_gain":0,"max_hp_loss":0,"event_name":"Winding Halls","floor":38,"gold_loss":0,"cards_obtained":["Writhe"]}],"is_beta":true,"boss_relics":[{"not_picked":["Runic Cube","White Beast Statue"],"picked":"Sozu"},{"not_picked":["Calling Bell","Tiny House"],"picked":"Astrolabe"}],"items_purged_floors":[20,24,41],"is_endless":false,"potions_floor_spawned":[1,2,3,11,14,22,27,31,36,37,39,44,46],"ascension_level":0}