{"path_per_floor":["M","?","M","?","$","R","M","E","T","M","R","$","E","M","R","B",null,"M","$","$","?","M","R","M","R","T","$","T","M","R","E","R","B",null,"M","?","$","M","?","R","E","R","T","R","M","M","?","M","R","B"],"character_chosen":"DEFECT","items_purchased":["Leap","Leap","Loop","Leap","FocusPotion"],"gold_per_floor":[110,110,123,123,23,23,36,71,117,137,137,37,67,87,87,164,164,174,49,4,274,290,290,304,304,304,26,26,37,37,71,71,150,150,160,160,88,103,103,103,128,128,128,128,142,159,159,169,169,169],"floor_reached":51,"campfire_rested":6,"playtime":4062,"item_purchase_floors":[5,20,27,27,37],"current_hp_per_floor":[58,63,63,40,40,62,62,63,63,61,61,61,49,47,47,46,74,74,74,74,42,42,42,42,66,66,66,66,52,52,29,53,42,73,73,73,73,64,54,78,54,78,78,78,78,78,78,63,83,72],"items_purged":["Strike_B","Strike_B","Strike_B","Strike_B"],"gold":169,"score":1143,"play_id":"899e56a0-2871-4a15-bce7-dc972953c1a0","local_time":"20180605121502","is_prod":false,"is_daily":false,"chose_seed":false,"is_ascension_mode":true,"campfire_upgraded":5,"win_rate":0,"timestamp":1528226102,"campfire_choices":[{"floor":6,"key":"REST"},{"data":"Sunder","floor":11,"key":"SMITH"},{"data":"Barrage","floor":15,"key":"SMITH"},{"data":"Coolheaded","floor":23,"key":"SMITH"},{"floor":25,"key":"REST"},{"data":"Loop","floor":30,"key":"SMITH"},{"floor":32,"key":"REST"},{"floor":40,"key":"REST"},{"floor":42,"key":"REST"},{"data":"Capacitor","floor":44,"key":"SMITH"},{"floor":49,"key":"REST"}],"path_taken":["M","?","M","?","$","R","M","E","T","M","R","$","E","M","R","BOSS","M","?","$","?","?","R","?","R","T","$","?","?","R","E","R","BOSS","M","?","$","M","?","R","E","R","T","R","M","M","?","?","R","BOSS"],"build_version":"2018-06-04v2","seed_source_timestamp":681325382557691,"purchased_purges":4,"victory":true,"master_deck":["Defend_B","Defend_B","Defend_B","Defend_B","Zap+1","Dualcast","AscendersBane","Defragment+1","Barrage+1","Leap","Coolheaded+1","Cold Snap","Sunder+1","Seek","Compile Driver","Creative AI","Steam","Leap","Loop+1","Leap","Capacitor+1","Compile Driver+1","Buffer"],"max_hp_per_floor":[71,76,76,76,76,76,76,83,83,83,83,83,83,83,83,83,83,83,83,83,83,83,83,83,83,83,83,83,83,83,83,83,83,83,83,83,83,83,83,83,83,83,83,83,83,83,83,83,83,83],"relics":["Cracked Core","Oddly Smooth Stone","Strawberry","Bronze Scales","Mummified Hand","Busted Crown","Cables","Prayer Wheel","Calipers","Cursed Key","Emotion Chip"],"card_choices":[{"not_picked":["Compile Driver","Rebound"],"picked":"Defragment","floor":1},{"not_picked":["Barrage","Fusion","Stack"],"picked":"SKIP","floor":3},{"not_picked":["Fusion","Stack"],"picked":"Barrage","floor":3},{"not_picked":["Doom and Gloom","Conserve Battery"],"picked":"Coolheaded","floor":7},{"not_picked":["Buffer","Turbo"],"picked":"Cold Snap","floor":8},{"not_picked":["Steam","Double Energy"],"picked":"Sunder","floor":10},{"not_picked":["Coolheaded","Redo"],"picked":"Seek","floor":13},{"not_picked":["Leap","Rebound"],"picked":"Compile Driver","floor":14},{"not_picked":["Seek","Hyperbeam"],"picked":"Creative AI","floor":16},{"not_picked":[],"picked":"Steam","floor":18},{"not_picked":["Streamline"],"picked":"SKIP","floor":22},{"not_picked":["Heatsinks"],"picked":"SKIP","floor":24},{"not_picked":[],"picked":"Capacitor","floor":29},{"not_picked":[],"picked":"Compile Driver+1","floor":29},{"not_picked":["Steam"],"picked":"SKIP","floor":31},{"not_picked":[],"picked":"Buffer","floor":33},{"not_picked":["Gash"],"picked":"SKIP","floor":35},{"not_picked":["Streamline+1"],"picked":"SKIP","floor":35},{"not_picked":["Rebound"],"picked":"SKIP","floor":38},{"not_picked":["Go for the Eyes"],"picked":"SKIP","floor":38},{"not_picked":["Stack"],"picked":"SKIP","floor":41},{"not_picked":["Melter"],"picked":"SKIP","floor":45},{"not_picked":["Sweeping Beam"],"picked":"SKIP","floor":45},{"not_picked":["Rebound"],"picked":"SKIP","floor":46},{"not_picked":["Coolheaded"],"picked":"SKIP","floor":46},{"not_picked":["Doom and Gloom"],"picked":"SKIP","floor":48},{"not_picked":["Compile Driver"],"picked":"SKIP","floor":48}],"player_experience":1802336,"potions_floor_usage":[14,31,31,50,50,50],"damage_taken":[{"damage":6,"enemies":"Jaw Worm","floor":1,"turns":4},{"damage":0,"enemies":"2 Louse","floor":3,"turns":3},{"damage":0,"enemies":"Cultist","floor":7,"turns":3},{"damage":6,"enemies":"3 Sentries","floor":8,"turns":8},{"damage":2,"enemies":"Exordium Wildlife","floor":10,"turns":5},{"damage":12,"enemies":"Gremlin Nob","floor":13,"turns":4},{"damage":2,"enemies":"Lots of Slimes","floor":14,"turns":3},{"damage":1,"enemies":"The Guardian","floor":16,"turns":10},{"damage":0,"enemies":"Spheric Guardian","floor":18,"turns":4},{"damage":0,"enemies":"Chosen","floor":22,"turns":3},{"damage":0,"enemies":"Centurion and Healer","floor":24,"turns":6},{"damage":14,"enemies":"Snecko","floor":29,"turns":5},{"damage":23,"enemies":"Gremlin Leader","floor":31,"turns":5},{"damage":11,"enemies":"Champ","floor":33,"turns":13},{"damage":0,"enemies":"Flame Bruiser 1 Orb","floor":35,"turns":5},{"damage":9,"enemies":"3 Darklings","floor":38,"turns":5},{"damage":24,"enemies":"Giant Head","floor":41,"turns":8},{"damage":0,"enemies":"Transient","floor":45,"turns":5},{"damage":0,"enemies":"Sphere and 2 Shapes","floor":46,"turns":4},{"damage":15,"enemies":"4 Shapes","floor":48,"turns":6},{"damage":11,"enemies":"Time Eater","floor":50,"turns":31}],"relics_obtained":[{"floor":8,"key":"Strawberry"},{"floor":9,"key":"Bronze Scales"},{"floor":13,"key":"Mummified Hand"},{"floor":26,"key":"Cables"},{"floor":28,"key":"Prayer Wheel"},{"floor":31,"key":"Calipers"},{"floor":41,"key":"Emotion Chip"}],"event_choices":[{"event_name":"Big Fish","player_choice":"Donut","floor":2,"damage_taken":0},{"event_name":"Shining Light","player_choice":"Entered Light","floor":4,"damage_taken":0},{"event_name":"Knowing Skull","player_choice":"GOLD GOLD GOLD ","floor":21,"damage_taken":0},{"event_name":"Tomb of Lord Red Mask","player_choice":"Ignored","floor":36,"damage_taken":0},{"event_name":"SensoryStone","player_choice":"Memory 3","floor":39,"damage_taken":0},{"event_name":"Mysterious Sphere","player_choice":"Ignore","floor":47,"damage_taken":0}],"boss_relics":[{"not_picked":["Runic Pyramid","White Beast Statue"],"picked":"Busted Crown"},{"not_picked":["Orrery","Velvet Choker"],"picked":"Cursed Key"}],"items_purged_floors":[5,12,19,27],"potions_floor_spawned":[1,7,14,16,18,31,33,45,46,48],"seed_played":"5874142530336767484","ascension_level":15,"potions_obtained":[{"floor":1,"key":"PowerPotion"},{"floor":7,"key":"AttackPotion"},{"floor":14,"key":"FocusPotion"},{"floor":16,"key":"Ancient Potion"},{"floor":31,"key":"Ancient Potion"},{"floor":33,"key":"SpeedPotion"}],"is_trial":false}