{"path_per_floor":["M","$","?","M","$","R","E","M","T","E","$","E","R","?","R","B",null,"M","?","$","?","$","E","R","M","T","?","R","T","E","M","R","B",null,"M","$","M","?","?","R","?","R","T","M","M","M","R","M","R","B"],"character_chosen":"DEFECT","items_purchased":["Flash of Steel","Defragment","Mind Blast","Leap","Oddly Smooth Stone","Leap","Compile Driver","Bag of Preparation","Seek"],"gold_per_floor":[119,22,272,290,46,46,72,92,117,146,22,53,53,128,128,207,207,219,219,70,70,2,37,37,47,47,97,97,97,130,149,149,223,253,266,49,64,64,44,44,44,44,44,56,75,89,89,106,106,106],"floor_reached":51,"campfire_rested":8,"playtime":3335,"item_purchase_floors":[2,5,5,11,20,22,22,36,36],"current_hp_per_floor":[62,62,62,59,59,59,45,45,45,34,34,29,53,42,42,27,67,54,54,54,54,54,29,53,53,53,53,77,77,66,65,82,48,81,73,73,73,63,63,90,92,93,93,89,91,93,97,86,99,99],"items_purged":["Regret","Strike_B"],"gold":106,"score":1273,"play_id":"d8fa4eea-5567-4aa0-83cf-cd9c7d64556c","local_time":"20180621171308","is_prod":false,"is_daily":false,"chose_seed":false,"is_ascension_mode":true,"campfire_upgraded":2,"win_rate":0,"timestamp":1529626388,"campfire_choices":[{"data":"Mind Blast","floor":6,"key":"SMITH"},{"floor":13,"key":"REST"},{"data":"Defragment","floor":15,"key":"SMITH"},{"floor":24,"key":"REST"},{"floor":28,"key":"REST"},{"floor":32,"key":"REST"},{"floor":40,"key":"REST"},{"floor":42,"key":"REST"},{"floor":47,"key":"REST"},{"floor":49,"key":"REST"}],"path_taken":["M","$","?","M","$","R","E","M","T","E","$","E","R","?","R","BOSS","M","?","$","?","$","E","R","?","T","?","R","?","E","M","R","BOSS","M","$","M","?","?","R","?","R","T","?","M","M","R","?","R","BOSS"],"build_version":"2018-06-20v3","seed_source_timestamp":9364341614274,"purchased_purges":2,"circlet_count":0,"victory":true,"master_deck":["Strike_B+1","Strike_B+1","Defend_B","Defend_B","Defend_B","Defend_B","Zap","Dualcast","AscendersBane","Steam","Flash of Steel","Coolheaded","Defragment+1","Mind Blast+1","Cold Snap","BootSequence","All For One","Leap","Rainbow","Glacier+1","Leap","Compile Driver","Gash+1","Echo Form+1","Steam","Biased Cognition+1","Seek","Hologram","Apotheosis","Finesse","Secret Technique","Loop+1"],"max_hp_per_floor":[71,71,71,71,71,71,71,71,71,78,78,80,80,80,80,80,80,80,80,80,80,80,82,82,82,82,82,82,82,82,82,82,82,89,91,91,91,91,91,91,93,93,93,93,95,97,97,99,99,99],"relics":["Cracked Core","Whetstone","Lantern","Singing Bowl","Strawberry","Mummified Hand","Fusion Hammer","Oddly Smooth Stone","Frozen Egg 2","Kunai","Blue Candle","Letter Opener","Tiny House","Bag of Preparation","Dead Branch","Bottled Tornado"],"card_choices":[{"not_picked":["Storm","Hello World"],"picked":"Steam","floor":1},{"not_picked":["Stack","Barrage"],"picked":"Coolheaded","floor":4},{"not_picked":["Gash","Barrage"],"picked":"Cold Snap","floor":7},{"not_picked":["Darkness","Chill"],"picked":"BootSequence","floor":8},{"not_picked":["Force Field","Beam Cell"],"picked":"All For One","floor":10},{"not_picked":["Rebound","Recycle","Melter"],"picked":"Singing Bowl","floor":12},{"not_picked":["Fission","Creative AI"],"picked":"Rainbow","floor":16},{"not_picked":["Ball Lightning","Fusion"],"picked":"Glacier","floor":18},{"not_picked":["Conserve Battery","Redo","Darkness"],"picked":"Singing Bowl","floor":23},{"not_picked":["Barrage","Sweeping Beam"],"picked":"Gash+1","floor":25},{"not_picked":["Redo+1","Barrage"],"picked":"Echo Form+1","floor":30},{"not_picked":["Leap","Conserve Battery"],"picked":"Steam","floor":31},{"not_picked":["Fission","Meteor Strike"],"picked":"Biased Cognition+1","floor":33},{"not_picked":["Turbo","Undo","Genetic Algorithm"],"picked":"Singing Bowl","floor":34},{"not_picked":["Leap","Sunder","Turbo"],"picked":"Singing Bowl","floor":35},{"not_picked":["Beam Cell","Static Discharge+1"],"picked":"Hologram","floor":37},{"not_picked":["Magnetism+1","Panacea"],"picked":"Apotheosis","floor":38},{"not_picked":["Trip","Good Instincts"],"picked":"Finesse","floor":38},{"not_picked":["Deep Breath","Panache+1"],"picked":"Secret Technique","floor":38},{"not_picked":["Beam Cell","Steam Power","Barrage"],"picked":"Singing Bowl","floor":41},{"not_picked":["Compile Driver","Recycle"],"picked":"Loop+1","floor":44},{"not_picked":["Go for the Eyes","Electrodynamics+1","Steam"],"picked":"Singing Bowl","floor":45},{"not_picked":["Beam Cell","Rip and Tear","Ball Lightning"],"picked":"Singing Bowl","floor":46},{"not_picked":["Steam","Sweeping Beam","Skim"],"picked":"Singing Bowl","floor":48}],"player_experience":1963875,"potions_floor_usage":[12,23,33,35],"damage_taken":[{"damage":2,"enemies":"Jaw Worm","floor":1,"turns":3},{"damage":3,"enemies":"Cultist","floor":4,"turns":3},{"damage":14,"enemies":"Lagavulin","floor":7,"turns":7},{"damage":0,"enemies":"2 Louse","floor":8,"turns":2},{"damage":18,"enemies":"Gremlin Nob","floor":10,"turns":5},{"damage":7,"enemies":"Lagavulin","floor":12,"turns":5},{"damage":15,"enemies":"Slime Boss","floor":16,"turns":12},{"damage":13,"enemies":"3 Byrds","floor":18,"turns":6},{"damage":27,"enemies":"Slavers","floor":23,"turns":7},{"damage":0,"enemies":"Chosen","floor":25,"turns":5},{"damage":11,"enemies":"Book of Stabbing","floor":30,"turns":7},{"damage":1,"enemies":"Snake Plant","floor":31,"turns":3},{"damage":34,"enemies":"Collector","floor":33,"turns":12},{"damage":10,"enemies":"3 Darklings","floor":35,"turns":7},{"damage":0,"enemies":"Flame Bruiser 1 Orb","floor":37,"turns":5},{"damage":0,"floor":41,"turns":4},{"damage":4,"enemies":"Transient","floor":44,"turns":5},{"damage":0,"enemies":"Spire Growth","floor":45,"turns":4},{"damage":0,"enemies":"4 Shapes","floor":46,"turns":3},{"damage":13,"enemies":"Flame Bruiser 2 Orb","floor":48,"turns":3},{"damage":0,"enemies":"Awakened One","floor":50,"turns":10}],"relics_obtained":[{"floor":7,"key":"Lantern"},{"floor":9,"key":"Singing Bowl"},{"floor":10,"key":"Strawberry"},{"floor":12,"key":"Mummified Hand"},{"floor":23,"key":"Frozen Egg 2"},{"floor":26,"key":"Kunai"},{"floor":29,"key":"Blue Candle"},{"floor":30,"key":"Letter Opener"},{"floor":41,"key":"Dead Branch"},{"floor":43,"key":"Bottled Tornado"}],"event_choices":[{"event_name":"Golden Shrine","player_choice":"Desecrate","floor":3,"damage_taken":0},{"event_name":"World of Goop","player_choice":"Gather Gold","floor":14,"damage_taken":0},{"event_name":"Purifier","player_choice":"One Purge","floor":19,"damage_taken":0},{"event_name":"The Mausoleum","player_choice":"No","floor":21,"damage_taken":0},{"event_name":"Nest","player_choice":"Stole From Cult","floor":27,"damage_taken":0},{"event_name":"SensoryStone","player_choice":"Memory 3","floor":38,"damage_taken":0},{"event_name":"The Woman in Blue","player_choice":"Bought 1 Potion","floor":39,"damage_taken":0},{"event_name":"MindBloom","player_choice":"Fight","floor":41,"damage_taken":0}],"boss_relics":[{"not_picked":["Runic Pyramid","Black Star"],"picked":"Fusion Hammer"},{"not_picked":["Coffee Dripper","Velvet Choker"],"picked":"Tiny House"}],"items_purged_floors":[5,11],"is_endless":false,"potions_floor_spawned":[8,10,12,23,25,31,44,46,48],"seed_played":"-5235586133121734613","ascension_level":15,"potions_obtained":[{"floor":8,"key":"Energy Potion"},{"floor":10,"key":"AttackPotion"},{"floor":12,"key":"FearPotion"},{"floor":23,"key":"Strength Potion"},{"floor":34,"key":"SkillPotion"},{"floor":39,"key":"Swift Potion"},{"floor":46,"key":"Strength Potion"}],"is_trial":false}