{"path_per_floor":["M","?","M","?","$","E","R","M","T","E","?","R","M","M","R","B",null,"M","$","?","M","M","R","E","R","T","M","M","?","M","E","R","B",null,"M","?","M","M","?","E","R","E","T","$","?","R","?","?","R","B"],"character_chosen":"THE_SILENT","items_purchased":["Well Laid Plans","Adrenaline","Pear","Prepared","Dexterity Potion"],"gold_per_floor":[112,112,125,75,0,30,30,47,47,81,81,81,99,118,118,218,218,232,34,34,48,65,65,98,98,147,165,184,184,194,222,222,326,326,345,345,363,378,378,403,403,435,435,1,1,1,56,56,56,56],"floor_reached":51,"campfire_rested":1,"playtime":6010,"current_hp_per_floor":[62,55,54,54,54,36,36,36,36,24,47,47,47,47,47,19,57,59,59,59,59,58,58,55,55,55,57,61,74,67,71,71,34,67,78,78,78,54,54,53,53,55,55,65,65,65,65,65,92,88],"items_purged":["Defend_G","Doubt"],"gold":56,"play_id":"03150926-badf-4a6c-8d0b-ab21893d8d71","is_prod":false,"is_daily":false,"is_ascension_mode":true,"campfire_upgraded":8,"path_taken":["M","?","M","?","?","E","R","M","T","E","?","R","M","M","R","BOSS","M","$","?","M","M","R","E","R","T","M","M","?","?","E","R","BOSS","M","?","M","?","?","E","R","E","T","$","?","R","?","?","R","BOSS"],"build_version":"2018-01-25-PROD3","purchased_purges":2,"victory":true,"master_deck":["Defend_G","Defend_G","Survivor","Neutralize+1","PiercingWail","Outmaneuver","Deadly Poison+1","Burst+1","Footwork","Blur","Venomology","Well Laid Plans+1","Adrenaline+1","Reflex+1","Footwork","Backflip","Backflip","Night Terror","Leg Sweep+1","Catalyst+1","Malaise","Backflip+1","Noxious Fumes+1","Prepared+1","Concentrate"],"max_hp_per_floor":[70,70,70,70,70,70,70,70,70,70,70,70,70,70,70,70,70,72,72,72,72,72,72,72,72,72,72,74,74,76,78,78,78,78,78,78,78,78,78,78,78,80,80,90,90,90,92,92,92,92],"relics":["Ring of the Snake","Orichalcum","Ornamental Fan","Singing Bowl","Cursed Key","Letter Opener","Blood Vial","Bottled Lightning","Astrolabe","Juzu Bracelet","Ancient Tea Set","Pear","Ginger"],"card_choices":[{"not_picked":["Underhanded Strike","Blade Dance"],"picked":"PiercingWail"},{"not_picked":["Riddle With Holes","Deflect"],"picked":"Outmaneuver"},{"not_picked":["Endless Agony","Flechettes"],"picked":"Deadly Poison"},{"not_picked":["Dagger Spray","Finisher"],"picked":"Burst"},{"not_picked":["Masterful Stab","Deflect"],"picked":"Footwork"},{"not_picked":["PiercingWail","Sucker Punch"],"picked":"Blur"},{"not_picked":["Unload","Doppelganger"],"picked":"Venomology"},{"not_picked":["Cloak And Dagger","Endless Agony"],"picked":"Reflex"},{"not_picked":["Sucker Punch","Flechettes"],"picked":"Footwork"},{"not_picked":["Well Laid Plans","Outmaneuver"],"picked":"Backflip"},{"not_picked":["Deadly Poison","Crippling Poison"],"picked":"Backflip"},{"not_picked":["After Image","Storm of Steel"],"picked":"Night Terror"},{"not_picked":["Caltrops","Deflect"],"picked":"Catalyst"},{"not_picked":["Cloak And Dagger","Dagger Spray"],"picked":"Malaise"},{"not_picked":["Catalyst","Crippling Poison"],"picked":"Backflip"},{"not_picked":["Heel Hook","Flying Knee"],"picked":"Noxious Fumes"}],"player_experience":477051,"potions_floor_usage":[6,6,6,10,22,24,24,24,24,24,30,30,31,33,35,38,38,40,42,47,50,50],"damage_taken":[{"damage":1,"enemies":"Cultist","floor":1,"turns":4},{"damage":1,"enemies":"2 Louse","floor":3,"turns":3},{"damage":18,"enemies":"Gremlin Nob","floor":6,"turns":5},{"damage":0,"enemies":"Jaw Worm","floor":8,"turns":5},{"damage":12,"enemies":"Lagavulin","floor":10,"turns":6},{"damage":0,"enemies":"3 Louse","floor":13,"turns":4},{"damage":0,"enemies":"Looter","floor":14,"turns":3},{"damage":28,"enemies":"The Guardian","floor":16,"turns":10},{"damage":0,"enemies":"Spheric Guardian","floor":18,"turns":2},{"damage":0,"enemies":"Shell Parasite","floor":21,"turns":6},{"damage":1,"enemies":"Snake Plant","floor":22,"turns":6},{"damage":3,"enemies":"Gremlin Leader","floor":24,"turns":8},{"damage":0,"enemies":"Snecko","floor":27,"turns":7},{"damage":0,"enemies":"Sentry and Sphere","floor":28,"turns":4},{"damage":9,"enemies":"Centurion and Healer","floor":30,"turns":5},{"damage":0,"enemies":"Book of Stabbing","floor":31,"turns":6},{"damage":39,"enemies":"Champ","floor":33,"turns":12},{"damage":0,"enemies":"Orb Walker","floor":35,"turns":4},{"damage":0,"enemies":"3 Shapes","floor":37,"turns":7},{"damage":24,"enemies":"Sphere and 2 Shapes","floor":38,"turns":6},{"damage":3,"enemies":"Giant Head","floor":40,"turns":5},{"damage":2,"enemies":"Nemesis","floor":42,"turns":4},{"damage":4,"enemies":"Mysterious Sphere","floor":47,"turns":4},{"damage":4,"enemies":"Time Eater","floor":50,"turns":5}],"event_choices":[{"event_name":"Golden Wing","player_choice":"Card Removal","floor":2,"damage_taken":0},{"event_name":"The Cleric","player_choice":"Card Removal","floor":4,"damage_taken":0},{"event_name":"Big Fish","player_choice":"Banana","floor":11,"damage_taken":0},{"event_name":"Back to Basics","player_choice":"Elegance","floor":20,"damage_taken":0},{"event_name":"Wheel of Change","player_choice":"Full Heal","floor":29,"damage_taken":0},{"event_name":"Bonfire Elementals","player_choice":"UNCOMMON","floor":36,"damage_taken":0},{"event_name":"Tomb of Lord Red Mask","player_choice":"Ignored","floor":39,"damage_taken":0},{"event_name":"Transmorgrifier","player_choice":"Transform","floor":45,"damage_taken":0},{"event_name":"Mysterious Sphere","player_choice":"Fight","floor":47,"damage_taken":0}],"boss_relics":[{"not_picked":["White Beast Statue","Question Card"],"picked":"Cursed Key"},{"not_picked":["Pandora\u0027s Box","Lizard Tail"],"picked":"Astrolabe"}],"potions_floor_spawned":[3,6,10,27,28,31,35,38,42,47],"seed_played":"-8949275740873878174","ascension_level":6,"is_trial":false}