{"path_per_floor":["M","M","M","?","M","R","E","T","T","R","$","M","?","M","R","B",null,"M","M","$","M","$","E","R","E","T","R","M","E","R","?","R","B",null,"M","M","M","$","M","R","E","$","T","E","?","T","R","M","R","B"],"character_chosen":"THE_SILENT","items_purchased":["Backflip","Well Laid Plans","Fire Potion","Regen Potion","Adrenaline","Anchor","Thinking Ahead"],"gold_per_floor":[110,125,139,139,152,152,216,216,269,269,5,15,90,108,108,205,205,215,234,134,144,19,47,47,376,399,399,418,444,444,444,444,549,549,561,576,586,440,459,459,489,16,16,50,0,0,0,10,10,10],"floor_reached":51,"campfire_rested":3,"playtime":7417,"current_hp_per_floor":[63,58,56,61,51,51,14,14,14,36,36,36,25,25,25,30,62,62,47,47,47,47,38,38,29,29,50,48,48,48,48,48,11,57,54,54,47,47,46,46,46,46,46,46,46,46,46,54,72,72],"items_purged":["Parasite","Bouncing Flask","Predator","Predator"],"gold":10,"score":1086,"play_id":"1e86c3c8-f06c-417a-b0f0-c609eb66fcba","is_prod":false,"is_daily":false,"is_ascension_mode":true,"campfire_upgraded":7,"path_taken":["M","M","M","?","M","R","E","?","T","R","$","M","?","M","R","BOSS","M","M","$","M","$","E","R","E","T","R","M","E","R","?","R","BOSS","M","M","M","$","M","R","E","$","T","E","?","?","R","M","R","BOSS"],"build_version":"2018-02-12-BETA1","purchased_purges":5,"victory":true,"master_deck":["Survivor","Neutralize+1","Flechettes+1","Acrobatics","Backflip+1","Blur","Adrenaline+1","Cloak And Dagger+1","Backflip+1","Well Laid Plans+1","Footwork","After Image","Quick Slash+1","Backflip","Dagger Spray","Terror+1","Slice","Backflip","Backflip","Escape Plan+1","Backflip+1","Cloak And Dagger+1","After Image","Phantasmal Killer+1","Tactician","PiercingWail+1","Outmaneuver+1","Adrenaline+1","Doppelganger","Thinking Ahead"],"max_hp_per_floor":[70,70,70,75,75,75,75,75,75,75,72,72,72,72,72,72,72,72,72,72,72,72,72,72,72,72,72,72,72,72,72,72,72,72,72,72,72,72,72,72,72,72,72,72,72,72,72,72,72,72],"relics":["Ring of the Snake","Pen Nib","Tiny Chest","Frozen Eye","Dream Catcher","Pandora\u0027s Box","Ninja Scroll","Old Coin","Whetstone","War Paint","Black Star","Ice Cream","Gambling Chip","Anchor","Thread and Needle","Shuriken","Mercury Hourglass","Red Mask","Bird Faced Urn"],"card_choices":[{"not_picked":["Blade Dance","Underhanded Strike"],"picked":"Flechettes"},{"not_picked":["Dodge and Roll","Sucker Punch"],"picked":"Acrobatics"},{"not_picked":["Eviscerate","Blur"],"picked":"Backflip"},{"not_picked":["Deflect","Poisoned Stab"],"picked":"Blur"},{"not_picked":["Heel Hook","Calculated Gamble"],"picked":"Adrenaline"},{"not_picked":["Acrobatics","Prepared"],"picked":"Cloak And Dagger"},{"not_picked":["Infinite Blades","Dagger Throw"],"picked":"Footwork"},{"not_picked":["Storm of Steel","Envenom"],"picked":"After Image"},{"not_picked":["Skewer","Slice"],"picked":"Escape Plan"},{"not_picked":["Sucker Punch","Dagger Spray"],"picked":"Backflip"},{"not_picked":["Deadly Poison","Underhanded Strike"],"picked":"Cloak And Dagger"},{"not_picked":["Acrobatics","Flechettes"],"picked":"After Image"},{"not_picked":["Leg Sweep","Heel Hook"],"picked":"Phantasmal Killer"},{"not_picked":["Die Die Die","Phantasmal Killer"],"picked":"Tactician"},{"not_picked":["Dagger Throw","Catalyst"],"picked":"PiercingWail"},{"not_picked":["PiercingWail","Deflect"],"picked":"Outmaneuver"},{"not_picked":["Deadly Poison","Cloak And Dagger"],"picked":"Doppelganger"}],"player_experience":170452,"potions_floor_usage":[5,7,7,16,21,23,23,29,33,44],"damage_taken":[{"damage":0,"enemies":"Small Slimes","floor":1,"turns":5},{"damage":5,"enemies":"Jaw Worm","floor":2,"turns":4},{"damage":2,"enemies":"2 Louse","floor":3,"turns":4},{"damage":10,"enemies":"Large Slime","floor":5,"turns":11},{"damage":37,"enemies":"Lagavulin","floor":7,"turns":10},{"damage":0,"enemies":"Exordium Wildlife","floor":12,"turns":2},{"damage":0,"enemies":"Blue Slaver","floor":14,"turns":3},{"damage":10,"enemies":"Slime Boss","floor":16,"turns":13},{"damage":0,"enemies":"3 Byrds","floor":18,"turns":4},{"damage":15,"enemies":"2 Thieves","floor":19,"turns":5},{"damage":0,"enemies":"Snake Plant","floor":21,"turns":2},{"damage":9,"enemies":"Gremlin Leader","floor":23,"turns":4},{"damage":9,"enemies":"Book of Stabbing","floor":25,"turns":5},{"damage":2,"enemies":"Slaver and Parasite","floor":28,"turns":5},{"damage":0,"enemies":"Gremlin Leader","floor":29,"turns":4},{"damage":37,"enemies":"Champ","floor":33,"turns":10},{"damage":3,"enemies":"Orb Walker","floor":35,"turns":2},{"damage":0,"enemies":"Flame Bruiser 1 Orb","floor":36,"turns":2},{"damage":7,"enemies":"Sphere and 2 Shapes","floor":37,"turns":6},{"damage":1,"enemies":"Flame Bruiser 2 Orb","floor":39,"turns":5},{"damage":0,"enemies":"Giant Head","floor":41,"turns":6},{"damage":0,"enemies":"Nemesis","floor":44,"turns":5},{"damage":0,"enemies":"Maw","floor":48,"turns":5},{"damage":0,"enemies":"Donu and Deca","floor":50,"turns":5}],"event_choices":[{"event_name":"Big Fish","player_choice":"Donut","floor":4,"damage_taken":0},{"event_name":"World of Goop","player_choice":"Gather Gold","floor":13,"damage_taken":0},{"event_name":"Cursed Tome","player_choice":"Ignored","floor":31,"damage_taken":0},{"event_name":"Tomb of Lord Red Mask","player_choice":"Paid","floor":45,"damage_taken":0}],"boss_relics":[{"not_picked":["Snecko Eye","Cursed Key"],"picked":"Pandora\u0027s Box"},{"not_picked":["White Beast Statue","Astrolabe"],"picked":"Black Star"}],"potions_floor_spawned":[1,3,5,18,19,28,29,36,41],"seed_played":"-5512842390026012073","ascension_level":10,"is_trial":false}