{"path_per_floor":["M","M","?","?","$","$","M","M","T","R","E","R","E","M","R","B",null,"M","?","M","?","?","E","R","E","T","R","E","M","E","$","R","B",null,"M","$","?","$","M","E","R","?","T","M","R","E","$","M","R","B"],"character_chosen":"DEFECT","items_purchased":["Symbiotic Virus","Barrage","Apotheosis","Flash of Steel","Vajra","Defragment","Turbo"],"gold_per_floor":[119,133,383,308,10,10,27,45,93,93,126,126,161,181,181,260,260,278,278,289,289,289,324,324,357,380,380,413,427,460,14,14,90,90,108,30,83,83,102,131,131,131,131,146,146,174,46,65,65,65],"floor_reached":51,"campfire_rested":2,"playtime":3876,"item_purchase_floors":[5,5,31,31,31,36,47],"current_hp_per_floor":[63,63,63,63,63,63,63,63,63,63,51,51,51,51,51,21,59,56,56,56,36,36,69,69,69,76,76,59,49,49,49,73,73,81,76,76,80,80,80,80,80,80,80,80,80,80,80,80,83,44],"items_purged":["Hello World+1"],"gold":65,"score":1668,"play_id":"c8c8b4a0-a24a-4952-afe0-741caa302981","local_time":"20180601163257","is_prod":false,"is_daily":false,"chose_seed":false,"is_ascension_mode":true,"campfire_upgraded":7,"win_rate":0,"timestamp":1527895977,"campfire_choices":[{"data":"Beam Cell","floor":10,"key":"SMITH"},{"data":"Barrage","floor":12,"key":"SMITH"},{"data":"Ball Lightning","floor":15,"key":"SMITH"},{"data":"Dualcast","floor":24,"key":"SMITH"},{"data":"Reprogram","floor":27,"key":"SMITH"},{"floor":32,"key":"REST"},{"data":"Defragment","floor":41,"key":"SMITH"},{"data":"Apotheosis","floor":45,"key":"SMITH"},{"floor":49,"key":"REST"}],"path_taken":["M","M","?","?","?","$","M","M","T","R","E","R","E","M","R","BOSS","M","?","M","?","?","E","R","E","T","R","E","?","E","$","R","BOSS","M","$","?","$","M","E","R","?","T","M","R","E","$","?","R","BOSS"],"build_version":"2018-05-30v2","seed_source_timestamp":351382385815270,"purchased_purges":1,"victory":true,"master_deck":["Defend_B","Defend_B","Defend_B","Defend_B","Zap+1","Dualcast+1","AscendersBane","Ball Lightning+1","Beam Cell+1","Barrage+1","Steam","White Noise","Steam Power","Compile Driver","Chill","All For One","Coolheaded","Reboot","Sunder+1","Glacier+1","Reprogram+1","Barrage","Leap","Apotheosis+1","Flash of Steel","Creative AI","Seek+1","Hologram","Defragment+1","Stack","Turbo","Defragment+1"],"max_hp_per_floor":[71,71,71,71,71,71,71,71,71,71,71,71,71,71,71,71,71,71,71,71,76,76,76,76,76,83,83,83,83,83,83,83,83,83,83,83,83,83,83,83,83,83,83,83,83,83,83,83,83,83],"relics":["Cracked Core","Symbiotic Virus","Bag of Marbles","Oddly Smooth Stone","Gremlin Horn","Runic Dome","Bag of Preparation","Pen Nib","Strawberry","Anchor","Mercury Hourglass","Vajra","Astrolabe","Calipers","Ice Cream","Kunai","Toolbox"],"card_choices":[{"not_picked":["Gash","Steam Power"],"picked":"Ball Lightning","floor":1},{"not_picked":["Leap","Turbo"],"picked":"Beam Cell","floor":2},{"not_picked":["Stack","Beam Cell"],"picked":"Steam","floor":7},{"not_picked":["Doom and Gloom","Sweeping Beam"],"picked":"White Noise","floor":8},{"not_picked":["Stack","Ball Lightning"],"picked":"Steam Power","floor":11},{"not_picked":["Self Repair","Fission"],"picked":"Compile Driver","floor":13},{"not_picked":["Doom and Gloom","Streamline"],"picked":"Chill","floor":14},{"not_picked":["Fission","Thunder Strike"],"picked":"All For One","floor":16},{"not_picked":["Stack","Force Field"],"picked":"Coolheaded","floor":18},{"not_picked":["Undo","Storm"],"picked":"Sunder+1","floor":20},{"not_picked":["Undo","Lockon"],"picked":"Glacier+1","floor":23},{"not_picked":["Ball Lightning","Undo"],"picked":"Reprogram","floor":25},{"not_picked":["Storm","Turbo"],"picked":"Barrage","floor":28},{"not_picked":["Double Energy","Coolheaded","Rip and Tear"],"picked":"SKIP","floor":29},{"not_picked":["Cold Snap","Coolheaded"],"picked":"Leap","floor":30},{"not_picked":["All For One","Seek"],"picked":"Creative AI","floor":33},{"not_picked":["Melter+1","Double Energy+1"],"picked":"Hologram","floor":35},{"not_picked":["Ball Lightning","Beam Cell+1","Force Field+1"],"picked":"SKIP","floor":39},{"not_picked":["Genetic Algorithm","Cold Snap","Streamline"],"picked":"SKIP","floor":40},{"not_picked":["Aggregate","Consume"],"picked":"Stack","floor":44},{"not_picked":["Self Repair","Lockon","Fusion"],"picked":"SKIP","floor":46},{"not_picked":["Beam Cell","Barrage+1"],"picked":"Defragment+1","floor":48}],"player_experience":1728095,"potions_floor_usage":[23,23,23,50],"damage_taken":[{"damage":1,"enemies":"Cultist","floor":1,"turns":3},{"damage":0,"enemies":"2 Louse","floor":2,"turns":2},{"damage":0,"enemies":"Small Slimes","floor":7,"turns":3},{"damage":0,"enemies":"Blue Slaver","floor":8,"turns":2},{"damage":12,"enemies":"3 Sentries","floor":11,"turns":6},{"damage":0,"enemies":"Lagavulin","floor":13,"turns":4},{"damage":0,"enemies":"Looter","floor":14,"turns":2},{"damage":30,"enemies":"Hexaghost","floor":16,"turns":6},{"damage":3,"enemies":"3 Byrds","floor":18,"turns":3},{"damage":7,"enemies":"Shell Parasite","floor":20,"turns":5},{"damage":2,"enemies":"Slavers","floor":23,"turns":8},{"damage":0,"enemies":"Gremlin Leader","floor":25,"turns":5},{"damage":17,"enemies":"Book of Stabbing","floor":28,"turns":4},{"damage":10,"enemies":"Snecko","floor":29,"turns":3},{"damage":0,"enemies":"Slavers","floor":30,"turns":2},{"damage":0,"enemies":"Collector","floor":33,"turns":6},{"damage":5,"enemies":"3 Darklings","floor":35,"turns":4},{"damage":3,"enemies":"Mysterious Sphere","floor":37,"turns":3},{"damage":0,"enemies":"Flame Bruiser 1 Orb","floor":39,"turns":3},{"damage":0,"enemies":"Nemesis","floor":40,"turns":11},{"damage":0,"enemies":"3 Darklings","floor":44,"turns":3},{"damage":0,"enemies":"2 Orb Walkers","floor":46,"turns":3},{"damage":0,"enemies":"Flame Bruiser 2 Orb","floor":48,"turns":1},{"damage":39,"enemies":"Awakened One","floor":50,"turns":7}],"relics_obtained":[{"floor":9,"key":"Bag of Marbles"},{"floor":11,"key":"Oddly Smooth Stone"},{"floor":13,"key":"Gremlin Horn"},{"floor":23,"key":"Bag of Preparation"},{"floor":25,"key":"Pen Nib"},{"floor":26,"key":"Strawberry"},{"floor":28,"key":"Anchor"},{"floor":30,"key":"Mercury Hourglass"},{"floor":37,"key":"Calipers"},{"floor":40,"key":"Ice Cream"},{"floor":43,"key":"Kunai"},{"floor":46,"key":"Toolbox"}],"event_choices":[{"event_name":"Golden Shrine","player_choice":"Desecrate","floor":3,"damage_taken":0},{"event_name":"The Cleric","player_choice":"Card Removal","floor":4,"damage_taken":0},{"event_name":"Transmorgrifier","player_choice":"Transform","floor":19,"damage_taken":0},{"event_name":"Forgotten Altar","player_choice":"Shed Blood","floor":21,"damage_taken":0},{"event_name":"The Lab","player_choice":"Got Potions","floor":22,"damage_taken":0},{"event_name":"Mysterious Sphere","player_choice":"Fight","floor":37,"damage_taken":0}],"boss_relics":[{"not_picked":["Eternal Feather","Runic Pyramid"],"picked":"Runic Dome"},{"not_picked":["White Beast Statue","Black Star"],"picked":"Astrolabe"}],"items_purged_floors":[47],"potions_floor_spawned":[11,13,16,20,25,28,29,35,40,44],"seed_played":"-4045902297188612216","ascension_level":15,"potions_obtained":[{"floor":11,"key":"Regen Potion"},{"floor":13,"key":"Explosive Potion"},{"floor":16,"key":"Regen Potion"},{"floor":25,"key":"FearPotion"},{"floor":28,"key":"Energy Potion"},{"floor":29,"key":"SpeedPotion"},{"floor":35,"key":"SteroidPotion"},{"floor":40,"key":"Strength Potion"}],"is_trial":false}