{"path_per_floor":["M","?","M","$","?","$","R","M","T","?","E","?","$","M","R","B",null,"M","M"],"character_chosen":"DEFECT","items_purchased":["Ball Lightning","Gash","Hologram","Stack","Flash of Steel"],"gold_per_floor":[364,364,379,304,379,225,225,241,317,317,344,344,31,45,45,122,122,141,152,152],"floor_reached":20,"campfire_rested":0,"playtime":1045,"current_hp_per_floor":[64,53,53,53,42,42,42,41,41,41,34,34,34,34,34,34,57,45,23,0],"items_purged":["Strike_B","Defend_B","Strike_B"],"gold":152,"score":389,"play_id":"4dc3477f-9f34-4944-b039-ccd2ce768412","local_time":"20180513160414","is_prod":false,"is_daily":false,"chose_seed":false,"is_ascension_mode":true,"campfire_upgraded":2,"timestamp":1526252654,"path_taken":["M","?","M","$","?","$","R","M","T","?","E","?","$","M","R","BOSS","M","M","M"],"build_version":"2018-05-12v2","seed_source_timestamp":1913673395150359,"purchased_purges":3,"victory":false,"master_deck":["Strike_B","Defend_B","Defend_B","Defend_B","Zap","Dualcast","AscendersBane","Auto Shields","Reprogram","Ball Lightning+1","Gash+1","Ball Lightning","Machine Learning","Reprogram","Gash","Hologram+1","Stack","Flash of Steel","Skim","Meteor Strike","Scrape","Defragment+1"],"max_hp_per_floor":[64,64,64,64,64,64,64,64,64,64,64,64,64,64,64,64,64,64,64,64],"relics":["Cracked Core","Prayer Wheel","Smiling Mask","Ginger","Eternal Feather"],"card_choices":[{"not_picked":["Steam","Loop"],"picked":"Auto Shields","floor":1},{"not_picked":["Melter","Aggregate"],"picked":"Reprogram","floor":3},{"not_picked":["Axe Kick","Sunder"],"picked":"Gash","floor":8},{"not_picked":["Beam Cell","Heatsinks"],"picked":"Ball Lightning","floor":9},{"not_picked":["White Noise","Consume"],"picked":"Reprogram","floor":11},{"not_picked":["Capacitor","Reinforced Body"],"picked":"Skim","floor":14},{"not_picked":["Fusion","Biased Cognition"],"picked":"Meteor Strike","floor":16},{"not_picked":["Go for the Eyes","Stack+1"],"picked":"Scrape","floor":18},{"not_picked":["Leap","Capacitor"],"picked":"Defragment+1","floor":19}],"player_experience":1458468,"potions_floor_usage":[11,19],"damage_taken":[{"damage":0,"enemies":"2 Louse","floor":1,"turns":2},{"damage":0,"enemies":"Small Slimes","floor":3,"turns":3},{"damage":1,"enemies":"Jaw Worm","floor":8,"turns":3},{"damage":7,"enemies":"Gremlin Nob","floor":11,"turns":3},{"damage":0,"enemies":"Blue Slaver","floor":14,"turns":3},{"damage":0,"enemies":"Slime Boss","floor":16,"turns":6},{"damage":12,"enemies":"Spheric Guardian","floor":18,"turns":4},{"damage":22,"enemies":"Chosen","floor":19,"turns":6},{"damage":28,"enemies":"3 Cultists","floor":20,"turns":3}],"event_choices":[{"event_name":"Scrap Ooze","player_choice":"success","floor":2,"damage_taken":11},{"event_name":"World of Goop","player_choice":"Gather Gold","floor":5,"damage_taken":0},{"event_name":"Transmorgrifier","player_choice":"Transform","floor":10,"damage_taken":0},{"event_name":"Accursed Blacksmith","player_choice":"Forge","floor":12,"damage_taken":0}],"boss_relics":[{"not_picked":["Pandora\u0027s Box","Black Star"],"picked":"Eternal Feather"}],"potions_floor_spawned":[3,8,16],"seed_played":"-7585399441378098365","killed_by":"3 Cultists","ascension_level":15,"is_trial":false}