{"gold_per_floor":[112,12,26,45,19,19,44,44,113,140,140,140,167,193,193,297,297,311,25,39,39,39,39,51,51,51,51,12,12,27,46,46,46],"floor_reached":33,"playtime":1610,"items_purged":["Strike_R"],"score":312,"play_id":"db0a37df-074e-4bf1-affe-597983e2a00e","local_time":"20190217130202","is_ascension_mode":true,"campfire_choices":[{"data":"Flame Barrier","floor":6,"key":"SMITH"},{"floor":12,"key":"REST"},{"floor":15,"key":"REST"},{"data":"Barricade","floor":23,"key":"SMITH"},{"data":"Entrench","floor":25,"key":"SMITH"},{"floor":32,"key":"REST"}],"neow_cost":"NONE","seed_source_timestamp":2912464478516666,"circlet_count":0,"master_deck":["Defend_R","Defend_R","Defend_R","Defend_R","Bash","Infernal Blade","Armaments","Flame Barrier+1","True Grit","Cleave","Shockwave","Body Slam+1","Impervious","Barricade+1","Entrench+1","Rage","Bite+1","Bite+1","Bite+1","Bite+1","Bite+1","Flame Barrier"],"relics":["Burning Blood","NeowsBlessing","Molten Egg 2","Strawberry","Gremlin Horn","White Beast Statue","Bronze Scales","Nloth\u0027s Gift","Paper Frog"],"potions_floor_usage":[7,10,16,24,30,30,31],"damage_taken":[{"damage":0,"enemies":"Cultist","floor":1,"turns":1},{"damage":0,"enemies":"2 Louse","floor":3,"turns":1},{"damage":0,"enemies":"Jaw Worm","floor":4,"turns":1},{"damage":14,"enemies":"3 Sentries","floor":7,"turns":11},{"damage":51,"enemies":"Gremlin Nob","floor":10,"turns":5},{"damage":9,"enemies":"Lagavulin","floor":14,"turns":6},{"damage":78,"enemies":"Hexaghost","floor":16,"turns":15},{"damage":17,"enemies":"3 Byrds","floor":18,"turns":7},{"damage":2,"enemies":"Shell Parasite","floor":20,"turns":6},{"damage":12,"enemies":"Chosen and Byrds","floor":24,"turns":7},{"damage":16,"enemies":"Snecko","floor":30,"turns":8},{"damage":62,"enemies":"3 Cultists","floor":31,"turns":6},{"damage":81,"enemies":"Automaton","floor":33,"turns":6}],"seed_played":"-1539316061101433978","potions_obtained":[{"floor":1,"key":"Fire Potion"},{"floor":7,"key":"SkillPotion"},{"floor":14,"key":"LiquidBronze"},{"floor":16,"key":"BloodPotion"},{"floor":18,"key":"Weak Potion"},{"floor":20,"key":"Swift Potion"},{"floor":24,"key":"Poison Potion"},{"floor":30,"key":"Ancient Potion"},{"floor":31,"key":"Ancient Potion"}],"is_trial":false,"path_per_floor":["M","$","M","M","$","R","E","$","T","E","?","R","T","E","R","B",null,"M","$","M","?","?","R","M","R","T","?","$","?","M","M","R","B"],"character_chosen":"IRONCLAD","items_purchased":["Armaments","Cleave","Barricade","Bronze Scales","Flame Barrier"],"campfire_rested":3,"item_purchase_floors":[2,5,19,19,28],"current_hp_per_floor":[80,80,80,80,80,80,72,72,72,29,34,59,66,65,92,20,92,81,81,87,69,69,69,63,63,63,63,63,63,65,18,38,0],"gold":46,"neow_bonus":"THREE_ENEMY_KILL","is_prod":false,"is_daily":false,"chose_seed":false,"campfire_upgraded":3,"win_rate":0,"timestamp":1550426522,"path_taken":["M","$","?","M","$","R","E","?","T","E","?","R","?","E","R","BOSS","M","$","M","?","?","R","?","R","T","?","$","?","M","M","R","BOSS"],"build_version":"2019-02-06","purchased_purges":1,"victory":false,"max_hp_per_floor":[80,80,80,80,80,80,80,80,80,80,85,85,92,92,92,92,92,92,92,92,97,97,97,97,97,97,67,67,67,67,67,67,67],"card_choices":[{"not_picked":["Twin Strike","Anger"],"picked":"Infernal Blade","floor":1},{"not_picked":["Dual Wield","Havoc"],"picked":"Flame Barrier","floor":3},{"not_picked":["Evolve","Dropkick"],"picked":"True Grit","floor":4},{"not_picked":["Sword Boomerang","Armaments"],"picked":"Shockwave","floor":7},{"not_picked":["Anger","Flex"],"picked":"Body Slam","floor":10},{"not_picked":["Intimidate","Feel No Pain","Pummel+1"],"picked":"SKIP","floor":14},{"not_picked":["Berserk","Exhume"],"picked":"Impervious","floor":16},{"not_picked":["True Grit","Heavy Blade+1","Perfected Strike+1"],"picked":"SKIP","floor":18},{"not_picked":["Warcry","Shrug It Off+1"],"picked":"Entrench","floor":20},{"not_picked":["Pommel Strike+1","Carnage+1"],"picked":"Rage","floor":24},{"not_picked":["Uppercut+1","Hemokinesis+1","Barricade"],"picked":"SKIP","floor":30},{"not_picked":["Wild Strike+1","Clothesline+1","Shrug It Off"],"picked":"SKIP","floor":31}],"player_experience":127330,"relics_obtained":[{"floor":7,"key":"Blood Vial"},{"floor":10,"key":"Molten Egg 2"},{"floor":13,"key":"Strawberry"},{"floor":14,"key":"Gremlin Horn"},{"floor":26,"key":"Paper Frog"}],"event_choices":[{"damage_healed":0,"gold_gain":0,"player_choice":"Donut","damage_taken":0,"max_hp_gain":5,"max_hp_loss":0,"event_name":"Big Fish","floor":11,"gold_loss":0},{"damage_healed":0,"gold_gain":0,"player_choice":"Shed Blood","damage_taken":23,"max_hp_gain":5,"max_hp_loss":0,"event_name":"Forgotten Altar","floor":21,"gold_loss":0},{"damage_healed":0,"gold_gain":0,"player_choice":"Traded Relic","damage_taken":0,"relics_obtained":["Nloth\u0027s Gift"],"max_hp_gain":0,"max_hp_loss":0,"event_name":"N\u0027loth","floor":22,"relics_lost":["Blood Vial"],"gold_loss":0},{"damage_healed":0,"gold_gain":0,"player_choice":"Became a vampire","damage_taken":0,"max_hp_gain":0,"max_hp_loss":30,"event_name":"Vampires","floor":27,"gold_loss":0,"cards_obtained":["Bite","Bite","Bite","Bite","Bite"]},{"damage_healed":0,"gold_gain":0,"player_choice":"Ignored","damage_taken":0,"max_hp_gain":0,"max_hp_loss":0,"event_name":"Beggar","floor":29,"gold_loss":0}],"is_beta":true,"boss_relics":[{"not_picked":["Runic Dome","Pandora\u0027s Box"],"picked":"White Beast Statue"}],"items_purged_floors":[2],"is_endless":false,"potions_floor_spawned":[1,7,14,16,18,20,24,30,31],"killed_by":"Automaton","ascension_level":2}