{"gold_per_floor":[119,119,138,29,29,64,64,64,64,75,75,94,129,144,144,247,247,261,261,276,292,77,77,107,107,160,187,197,72,72,72,72,176,176,186,196,118,137,137,137,156,156,156,156,156,34,53,68,68,68],"floor_reached":51,"playtime":3465,"items_purged":["Strike_B","Defend_B","Defend_B"],"score":824,"play_id":"67d3ecef-08f9-42f1-9eaf-3e7074186cf1","local_time":"20190221185446","is_ascension_mode":true,"campfire_choices":[{"data":"Static Discharge","floor":7,"key":"SMITH"},{"data":"Zap","floor":11,"key":"SMITH"},{"floor":15,"key":"REST"},{"data":"Echo Form","floor":23,"key":"SMITH"},{"floor":25,"key":"REST"},{"data":"Capacitor","floor":30,"key":"SMITH"},{"floor":32,"key":"REST"},{"floor":40,"key":"REST"},{"floor":42,"key":"REST"},{"data":"Thunder Strike","floor":45,"key":"SMITH"},{"floor":49,"key":"REST"}],"neow_cost":"NONE","seed_source_timestamp":564728712153204,"circlet_count":0,"master_deck":["Strike_B","Defend_B","Defend_B","Zap+1","Dualcast","Defragment+1","Static Discharge+1","Cold Snap","Echo Form+1","Coolheaded","Glacier","Self Repair","Conserve Battery","Barrage","Capacitor+1","Conserve Battery","Thunder Strike+1","Defragment+1","Loop+1","Force Field","Redo+1","White Noise+1"],"relics":["Cracked Core","Happy Flower","Peace Pipe","Bag of Preparation","Orrery","Pear","DataDisk","Blood Vial","Inserter","Centennial Puzzle"],"potions_floor_usage":[13,14,16,21,24,27,33,33,41,41,50],"damage_taken":[{"damage":0,"enemies":"2 Louse","floor":1,"turns":3},{"damage":0,"enemies":"Small Slimes","floor":3,"turns":4},{"damage":25,"enemies":"Lagavulin","floor":6,"turns":4},{"damage":2,"enemies":"Jaw Worm","floor":10,"turns":3},{"damage":9,"enemies":"Large Slime","floor":12,"turns":4},{"damage":11,"enemies":"3 Sentries","floor":13,"turns":5},{"damage":2,"enemies":"Lots of Slimes","floor":14,"turns":2},{"damage":13,"enemies":"The Guardian","floor":16,"turns":7},{"damage":5,"enemies":"Spheric Guardian","floor":18,"turns":5},{"damage":0,"enemies":"Chosen","floor":20,"turns":8},{"damage":43,"enemies":"Snecko","floor":21,"turns":5},{"damage":38,"enemies":"Gremlin Leader","floor":24,"turns":5},{"damage":25,"enemies":"Book of Stabbing","floor":27,"turns":3},{"damage":5,"enemies":"Cultist and Chosen","floor":28,"turns":6},{"damage":2,"enemies":"Automaton","floor":33,"turns":12},{"damage":38,"enemies":"3 Darklings","floor":35,"turns":3},{"damage":4,"enemies":"Orb Walker","floor":36,"turns":5},{"damage":37,"enemies":"Sphere and 2 Shapes","floor":38,"turns":5},{"damage":34,"enemies":"Jaw Worm Horde","floor":41,"turns":3},{"damage":0,"enemies":"Maw","floor":47,"turns":6},{"damage":23,"enemies":"4 Shapes","floor":48,"turns":6},{"damage":22,"enemies":"Donu and Deca","floor":50,"turns":12}],"seed_played":"3961318820084468947","potions_obtained":[{"floor":1,"key":"FocusPotion"},{"floor":12,"key":"Energy Potion"},{"floor":13,"key":"Strength Potion"},{"floor":14,"key":"Energy Potion"},{"floor":18,"key":"Explosive Potion"},{"floor":24,"key":"Strength Potion"},{"floor":27,"key":"Poison Potion"},{"floor":28,"key":"SteroidPotion"},{"floor":35,"key":"Energy Potion"},{"floor":38,"key":"PowerPotion"}],"is_trial":false,"path_per_floor":["M","?","M","$","?","E","R","?","T","M","R","M","E","M","R","B",null,"M","?","M","M","$","R","E","R","T","E","M","$","R","?","R","B",null,"M","M","$","M","?","R","M","R","T","?","R","$","M","M","R","B",null],"character_chosen":"DEFECT","items_purchased":["Static Discharge","Capacitor","Regen Potion","Defragment","Force Field","Block Potion"],"campfire_rested":6,"item_purchase_floors":[4,22,22,37,46,46],"current_hp_per_floor":[75,75,75,75,75,50,50,55,55,53,53,44,33,31,55,42,80,80,80,80,51,51,51,44,71,71,46,50,50,50,50,77,84,90,52,57,57,29,29,56,24,51,51,51,51,51,60,39,66,53],"gold":68,"neow_bonus":"REMOVE_CARD","is_prod":false,"is_daily":false,"chose_seed":false,"campfire_upgraded":5,"win_rate":0,"timestamp":1550771686,"path_taken":["M","?","M","$","?","E","R","?","T","M","R","M","E","M","R","BOSS","M","?","?","M","$","R","E","R","T","E","M","?","R","?","R","BOSS","M","M","$","M","?","R","M","R","T","?","R","$","M","?","R","BOSS"],"build_version":"2019-01-23","purchased_purges":3,"victory":true,"max_hp_per_floor":[75,75,75,75,75,75,75,80,80,80,80,80,80,80,80,80,80,80,80,80,80,80,80,90,90,90,90,90,90,90,90,90,90,90,90,90,90,90,90,90,90,90,90,90,90,90,90,90,90,90],"card_choices":[{"not_picked":["Leap","Beam Cell"],"picked":"Defragment","floor":1},{"not_picked":["Aggregate","Leap"],"picked":"Ball Lightning","floor":3},{"not_picked":["Compile Driver","Hello World","All For One"],"picked":"SKIP","floor":6},{"not_picked":["Gash","Static Discharge"],"picked":"Cold Snap","floor":10},{"not_picked":["Fusion","Steam","Stack"],"picked":"SKIP","floor":12},{"not_picked":["Ball Lightning","Tempest","Darkness"],"picked":"SKIP","floor":13},{"not_picked":["Rebound","Barrage","Streamline"],"picked":"SKIP","floor":14},{"not_picked":["Hyperbeam","Buffer"],"picked":"Echo Form","floor":16},{"not_picked":["Sweeping Beam","Melter"],"picked":"Coolheaded","floor":17},{"not_picked":["Go for the Eyes","Compile Driver"],"picked":"Glacier","floor":17},{"not_picked":["Darkness","Force Field"],"picked":"Self Repair","floor":17},{"not_picked":["Leap","Melter+1"],"picked":"Conserve Battery","floor":18},{"not_picked":["Rebound","Darkness","Turbo"],"picked":"SKIP","floor":20},{"not_picked":["Sweeping Beam","Ball Lightning","Sunder+1"],"picked":"SKIP","floor":21},{"not_picked":["Recycle+1","Cold Snap+1","Streamline"],"picked":"SKIP","floor":24},{"not_picked":["Steam","Streamline"],"picked":"Conserve Battery","floor":27},{"not_picked":["Go for the Eyes","Streamline+1","Melter"],"picked":"SKIP","floor":28},{"not_picked":["Biased Cognition","Machine Learning"],"picked":"Thunder Strike","floor":33},{"not_picked":["Coolheaded+1","Rebound","Self Repair+1"],"picked":"SKIP","floor":35},{"not_picked":["Reprogram","Self Repair","Go for the Eyes+1"],"picked":"SKIP","floor":36},{"not_picked":["Steam Power","Redo+1","Fusion+1"],"picked":"SKIP","floor":38},{"not_picked":["Sweeping Beam","Static Discharge"],"picked":"Loop+1","floor":41},{"not_picked":["Sweeping Beam","Rebound+1"],"picked":"Redo+1","floor":47},{"not_picked":["Coolheaded","Gash"],"picked":"White Noise+1","floor":48}],"player_experience":318761,"relics_obtained":[{"floor":6,"key":"Happy Flower"},{"floor":9,"key":"Peace Pipe"},{"floor":13,"key":"Bag of Preparation"},{"floor":24,"key":"Pear"},{"floor":26,"key":"DataDisk"},{"floor":27,"key":"Blood Vial"},{"floor":43,"key":"Centennial Puzzle"}],"event_choices":[{"damage_healed":0,"gold_gain":0,"player_choice":"Grow","damage_taken":0,"max_hp_gain":0,"max_hp_loss":0,"event_name":"Living Wall","floor":2,"gold_loss":0,"cards_upgraded":["Defragment"]},{"damage_healed":0,"gold_gain":0,"player_choice":"Leave","damage_taken":0,"max_hp_gain":0,"max_hp_loss":0,"event_name":"The Cleric","floor":5,"gold_loss":0},{"damage_healed":0,"gold_gain":0,"player_choice":"Donut","damage_taken":0,"max_hp_gain":5,"max_hp_loss":0,"event_name":"Big Fish","floor":8,"gold_loss":0},{"damage_healed":0,"gold_gain":0,"cards_transformed":["Strike_B"],"player_choice":"Transformed","damage_taken":0,"max_hp_gain":0,"max_hp_loss":0,"event_name":"Transmorgrifier","floor":19,"gold_loss":0,"cards_obtained":["Barrage"]},{"damage_healed":0,"gold_gain":0,"player_choice":"Ignored","damage_taken":0,"max_hp_gain":0,"max_hp_loss":0,"event_name":"Ghosts","floor":31,"gold_loss":0},{"cards_removed":["Ball Lightning"],"damage_healed":0,"gold_gain":0,"player_choice":"Removed Attack","damage_taken":0,"max_hp_gain":0,"max_hp_loss":0,"event_name":"Falling","floor":39,"gold_loss":0},{"damage_healed":0,"gold_gain":0,"player_choice":"Upgraded","damage_taken":0,"max_hp_gain":0,"max_hp_loss":0,"event_name":"Upgrade Shrine","floor":44,"gold_loss":0,"cards_upgraded":["Defragment"]}],"is_beta":false,"boss_relics":[{"not_picked":["Eternal Feather","Calling Bell"],"picked":"Orrery"},{"not_picked":["Philosopher\u0027s Stone","Black Star"],"picked":"Inserter"}],"items_purged_floors":[4,22,29],"is_endless":false,"potions_floor_spawned":[1,12,13,14,18,24,27,28,35,38],"ascension_level":4}