{"gold_per_floor":[115,115,17,17,17,17,51,51,51,76,94,104,130,146,146,146],"floor_reached":16,"playtime":771,"items_purged":["Strike_G"],"score":176,"play_id":"e66c6880-925e-4510-9d80-6d82df9142e8","local_time":"20190213110128","is_ascension_mode":true,"campfire_choices":[{"data":"Storm of Steel","floor":6,"key":"SMITH"},{"data":"Survivor","floor":8,"key":"SMITH"},{"data":"Calculated Gamble","floor":15,"key":"SMITH"}],"neow_cost":"NONE","seed_source_timestamp":2560448364950599,"circlet_count":0,"master_deck":["Defend_G","Defend_G","Defend_G","Defend_G","Defend_G","Strike_G","Strike_G","Strike_G","Strike_G","Survivor+1","Neutralize","Flying Knee","Storm of Steel+1","Dash","Calculated Gamble+1","Dodge and Roll","Cloak And Dagger","Blade Dance","Quick Slash"],"relics":["Ring of the Snake","NeowsBlessing","Dream Catcher","Blue Candle","Centennial Puzzle","Torii","Calipers"],"potions_floor_usage":[16],"damage_taken":[{"damage":0,"enemies":"Cultist","floor":1,"turns":1},{"damage":0,"enemies":"Lagavulin","floor":7,"turns":1},{"damage":0,"enemies":"3 Sentries","floor":10,"turns":2},{"damage":11,"enemies":"Jaw Worm","floor":11,"turns":2},{"damage":0,"enemies":"2 Louse","floor":12,"turns":5},{"damage":4,"enemies":"Lagavulin","floor":13,"turns":11},{"damage":0,"enemies":"Exordium Thugs","floor":14,"turns":5},{"damage":49,"enemies":"Hexaghost","floor":16,"turns":16}],"seed_played":"-4347621415286375400","potions_obtained":[{"floor":11,"key":"SpeedPotion"}],"is_trial":false,"path_per_floor":["M","?","$","?","?","R","E","R","T","E","M","M","E","M","R","B"],"character_chosen":"THE_SILENT","items_purchased":["Flying Knee"],"campfire_rested":0,"item_purchase_floors":[3],"current_hp_per_floor":[70,63,63,63,63,63,63,63,63,63,52,52,48,48,48,0],"gold":146,"neow_bonus":"THREE_ENEMY_KILL","is_prod":false,"is_daily":false,"chose_seed":false,"campfire_upgraded":3,"win_rate":0,"timestamp":1550073688,"path_taken":["M","?","$","?","?","R","E","R","T","E","M","M","E","?","R","BOSS"],"build_version":"2019-02-06","purchased_purges":1,"victory":false,"max_hp_per_floor":[70,70,70,70,70,70,70,70,70,70,70,70,70,70,70,70],"card_choices":[{"not_picked":["Deflect","Outmaneuver","PiercingWail"],"picked":"SKIP","floor":1},{"not_picked":["Dagger Throw","Well Laid Plans"],"picked":"Dash","floor":7},{"not_picked":["Sucker Punch","PiercingWail"],"picked":"Calculated Gamble","floor":10},{"not_picked":["Dagger Throw","Noxious Fumes"],"picked":"Dodge and Roll","floor":11},{"not_picked":["Calculated Gamble","Choke"],"picked":"Cloak And Dagger","floor":12},{"not_picked":["Dagger Spray","Noxious Fumes"],"picked":"Blade Dance","floor":13},{"not_picked":["Calculated Gamble","Deadly Poison"],"picked":"Quick Slash","floor":14}],"player_experience":87484,"relics_obtained":[{"floor":7,"key":"Blue Candle"},{"floor":9,"key":"Centennial Puzzle"},{"floor":10,"key":"Torii"},{"floor":13,"key":"Calipers"}],"event_choices":[{"damage_healed":0,"gold_gain":0,"player_choice":"Success","damage_taken":7,"relics_obtained":["Dream Catcher"],"max_hp_gain":0,"max_hp_loss":0,"event_name":"Scrap Ooze","floor":2,"gold_loss":0},{"damage_healed":0,"gold_gain":0,"player_choice":"Ignored","damage_taken":0,"max_hp_gain":0,"max_hp_loss":0,"event_name":"Liars Game","floor":4,"gold_loss":0},{"damage_healed":0,"gold_gain":0,"player_choice":"1 cards matched","damage_taken":0,"max_hp_gain":0,"max_hp_loss":0,"event_name":"Match and Keep!","floor":5,"gold_loss":0,"cards_obtained":["Storm of Steel"]}],"is_beta":true,"boss_relics":[],"items_purged_floors":[3],"is_endless":false,"potions_floor_spawned":[11],"killed_by":"Hexaghost","ascension_level":1}