{"gold_per_floor":[109,122,133,133,133,133,167,167,167,179,202,214,214,242,242,337,337,349,349,274,274,25,25,125,125,174,174,185,202,217,236,236,337,337,348,348,358,358,33,48,48],"floor_reached":41,"playtime":3012,"items_purged":["Strike_G","Writhe"],"score":554,"play_id":"8ee1f1a4-8f3a-4fa7-8027-c31e78b799de","local_time":"20190224192232","is_ascension_mode":true,"campfire_choices":[{"data":"Footwork","floor":6,"key":"SMITH"},{"data":"Adrenaline","floor":8,"key":"SMITH"},{"data":"Cloak And Dagger","floor":13,"key":"SMITH"},{"floor":15,"key":"REST"},{"data":"Tools of the Trade","floor":23,"key":"SMITH"},{"data":"Cloak And Dagger","floor":25,"key":"SMITH"},{"data":"Acrobatics","floor":27,"key":"SMITH"},{"data":"Crippling Poison","floor":32,"key":"SMITH"}],"neow_cost":"NONE","seed_source_timestamp":826061650028583,"circlet_count":0,"master_deck":["Defend_G","Defend_G","Defend_G","Defend_G","Defend_G","Strike_G","Survivor","Neutralize+1","Footwork+1","Cloak And Dagger+1","Dagger Throw","Adrenaline+1","Crippling Poison+1","Cloak And Dagger+1","Blade Dance","Acrobatics+1","Tools of the Trade+1","PiercingWail","Backflip","Dagger Spray+1","A Thousand Cuts","Terror+1","Distraction+1","Crippling Poison+1","Bandage Up","Noxious Fumes"],"relics":["Ring of the Snake","Pantograph","Molten Egg 2","Pen Nib","Gremlin Horn","Odd Mushroom","Potion Belt","WristBlade","Paper Crane","Blood Vial","Astrolabe","Bottled Tornado"],"potions_floor_usage":[7,11,30,33,33,40,41],"damage_taken":[{"damage":0,"enemies":"2 Louse","floor":1,"turns":3},{"damage":1,"enemies":"Small Slimes","floor":2,"turns":5},{"damage":0,"enemies":"Cultist","floor":3,"turns":4},{"damage":13,"enemies":"Gremlin Nob","floor":7,"turns":5},{"damage":0,"enemies":"Blue Slaver","floor":10,"turns":5},{"damage":12,"enemies":"The Mushroom Lair","floor":11,"turns":3},{"damage":4,"enemies":"Looter","floor":12,"turns":3},{"damage":0,"enemies":"Lagavulin","floor":14,"turns":10},{"damage":40,"enemies":"Slime Boss","floor":16,"turns":16},{"damage":2,"enemies":"Shell Parasite","floor":18,"turns":6},{"damage":14,"enemies":"2 Thieves","floor":28,"turns":4},{"damage":3,"enemies":"Snake Plant","floor":29,"turns":5},{"damage":6,"enemies":"Snecko","floor":30,"turns":5},{"damage":0,"enemies":"Centurion and Healer","floor":31,"turns":6},{"damage":35,"enemies":"Collector","floor":33,"turns":14},{"damage":2,"enemies":"3 Shapes","floor":35,"turns":6},{"damage":0,"enemies":"Orb Walker","floor":37,"turns":3},{"damage":41,"enemies":"Transient","floor":40,"turns":5},{"damage":48,"enemies":"3 Darklings","floor":41,"turns":2}],"seed_played":"3523113940283947914","potions_obtained":[{"floor":1,"key":"Block Potion"},{"floor":3,"key":"LiquidBronze"},{"floor":10,"key":"SkillPotion"},{"floor":28,"key":"Explosive Potion"},{"floor":33,"key":"Fire Potion"},{"floor":40,"key":"Regen Potion"}],"is_trial":false,"path_per_floor":["M","M","M","?","?","R","E","R","T","M","?","M","R","E","R","B",null,"M","?","$","?","$","R","?","R","T","R","M","M","M","M","R","B",null,"M","?","M","?","$","M","M"],"character_chosen":"THE_SILENT","items_purchased":["Backflip","Dexterity Potion","PowerPotion","Noxious Fumes","Bottled Tornado"],"campfire_rested":1,"item_purchase_floors":[22,22,22,39,39],"current_hp_per_floor":[63,62,62,55,55,55,42,42,42,42,30,26,26,26,47,30,60,58,58,58,58,58,58,58,58,58,58,46,45,41,43,43,35,61,61,61,67,67,67,29,0],"gold":48,"neow_bonus":"UPGRADE_CARD","is_prod":false,"is_daily":false,"chose_seed":false,"campfire_upgraded":7,"win_rate":0,"timestamp":1551032552,"path_taken":["M","M","M","?","?","R","E","R","T","?","?","M","R","E","R","BOSS","M","?","$","?","$","R","?","R","T","R","M","M","M","?","R","BOSS","M","?","M","?","$","M","M"],"build_version":"2019-01-23","purchased_purges":2,"victory":false,"max_hp_per_floor":[70,70,70,70,70,70,70,70,70,70,70,70,70,70,70,70,70,70,70,70,70,70,70,70,70,70,70,70,70,70,70,70,70,70,70,70,70,70,70,70,70],"card_choices":[{"not_picked":["Finisher","All Out Attack"],"picked":"Footwork","floor":1},{"not_picked":["Sucker Punch","Endless Agony"],"picked":"Cloak And Dagger","floor":2},{"not_picked":["Prepared","Bouncing Flask"],"picked":"Dagger Throw","floor":3},{"not_picked":["Caltrops","Prepared"],"picked":"Adrenaline","floor":7},{"not_picked":["Acrobatics","Slice+1"],"picked":"Crippling Poison","floor":10},{"not_picked":["Footwork","Quick Slash+1"],"picked":"Cloak And Dagger","floor":11},{"not_picked":["Flechettes+1","All Out Attack+1"],"picked":"Blade Dance","floor":12},{"not_picked":["Riddle With Holes+1","Poisoned Stab+1"],"picked":"Acrobatics","floor":14},{"not_picked":["Storm of Steel","Wraith Form v2"],"picked":"Tools of the Trade","floor":16},{"not_picked":["Flying Knee+1","Dodge and Roll","Acrobatics"],"picked":"SKIP","floor":18},{"not_picked":["Deadly Poison","Bane+1","Cloak And Dagger"],"picked":"SKIP","floor":28},{"not_picked":["Choke+1","Flying Knee+1","Bane+1"],"picked":"SKIP","floor":29},{"not_picked":["Crippling Poison+1","Sucker Punch+1","Quick Slash+1"],"picked":"SKIP","floor":30},{"not_picked":["Slice+1","Poisoned Stab+1"],"picked":"Dagger Spray+1","floor":31},{"not_picked":["Adrenaline","Burst"],"picked":"A Thousand Cuts","floor":33},{"not_picked":["Prepared+1","Blade Dance+1","Bane+1"],"picked":"SKIP","floor":35},{"not_picked":["Dramatic Entrance+1","Violence"],"picked":"Bandage Up","floor":36},{"not_picked":["Flying Knee+1","Slice+1","PiercingWail"],"picked":"SKIP","floor":37},{"not_picked":["Dagger Spray+1","Backflip","Phantasmal Killer"],"picked":"SKIP","floor":40}],"player_experience":452701,"relics_obtained":[{"floor":7,"key":"Pen Nib"},{"floor":9,"key":"Gremlin Horn"},{"floor":11,"key":"Odd Mushroom"},{"floor":14,"key":"Potion Belt"},{"floor":26,"key":"Blood Vial"}],"event_choices":[{"damage_healed":0,"gold_gain":0,"player_choice":"Success","damage_taken":7,"relics_obtained":["Pantograph"],"max_hp_gain":0,"max_hp_loss":0,"event_name":"Scrap Ooze","floor":4,"gold_loss":0},{"damage_healed":0,"gold_gain":0,"player_choice":"Gave Potion","damage_taken":0,"relics_obtained":["Molten Egg 2"],"max_hp_gain":0,"max_hp_loss":0,"event_name":"WeMeetAgain","floor":5,"gold_loss":0},{"damage_healed":0,"gold_gain":0,"player_choice":"Fought Mushrooms","damage_taken":0,"max_hp_gain":0,"max_hp_loss":0,"event_name":"Mushrooms","floor":11,"gold_loss":0},{"damage_healed":0,"gold_gain":0,"player_choice":"Read","damage_taken":0,"max_hp_gain":0,"max_hp_loss":0,"event_name":"The Library","floor":19,"gold_loss":0,"cards_obtained":["PiercingWail"]},{"damage_healed":0,"gold_gain":0,"player_choice":"Opened","damage_taken":0,"relics_obtained":["Paper Crane"],"max_hp_gain":0,"max_hp_loss":0,"event_name":"The Mausoleum","floor":21,"gold_loss":0,"cards_obtained":["Writhe"]},{"damage_healed":0,"gold_gain":100,"player_choice":"Pray","damage_taken":0,"max_hp_gain":0,"max_hp_loss":0,"event_name":"Golden Shrine","floor":24,"gold_loss":0},{"damage_healed":0,"gold_gain":0,"player_choice":"Memory 1","damage_taken":0,"max_hp_gain":0,"max_hp_loss":0,"event_name":"SensoryStone","floor":36,"gold_loss":0},{"damage_healed":0,"gold_gain":0,"player_choice":"Ignored","damage_taken":0,"max_hp_gain":0,"max_hp_loss":0,"event_name":"Tomb of Lord Red Mask","floor":38,"gold_loss":0}],"is_beta":false,"boss_relics":[{"not_picked":["Runic Dome","Runic Pyramid"],"picked":"WristBlade"},{"not_picked":["Busted Crown","Tiny House"],"picked":"Astrolabe"}],"items_purged_floors":[20,22],"is_endless":false,"potions_floor_spawned":[1,3,10,28,33,40],"killed_by":"3 Darklings","ascension_level":6}