{"gold_per_floor":[109,119,44,56,68,68,102,118,118,131,161,161,196,209,209,209],"floor_reached":16,"playtime":767,"items_purged":["Strike_R"],"score":165,"play_id":"c9ae3a4d-74eb-4c4c-b33a-d545dc356bcf","local_time":"20190226101837","is_ascension_mode":true,"campfire_choices":[{"data":"Bash","floor":6,"key":"SMITH"},{"data":"Inflame","floor":12,"key":"SMITH"},{"data":"Battle Trance","floor":15,"key":"SMITH"}],"neow_cost":"NONE","seed_source_timestamp":968483180857029,"circlet_count":0,"master_deck":["Strike_R","Strike_R","Strike_R","Strike_R","Defend_R","Defend_R","Defend_R","Defend_R","Bash+1","Headbutt","Carnage","Battle Trance+1","Shrug It Off","Inflame+1","Metallicize+1","Evolve+1","Power Through"],"relics":["Burning Blood","Prayer Wheel","Frozen Egg 2","Question Card"],"potions_floor_usage":[10,10,16],"damage_taken":[{"damage":7,"enemies":"Small Slimes","floor":1,"turns":4},{"damage":4,"enemies":"2 Louse","floor":2,"turns":4},{"damage":1,"enemies":"Cultist","floor":4,"turns":3},{"damage":11,"enemies":"Blue Slaver","floor":5,"turns":3},{"damage":36,"enemies":"Gremlin Nob","floor":7,"turns":4},{"damage":7,"enemies":"2 Fungi Beasts","floor":8,"turns":3},{"damage":22,"enemies":"Gremlin Gang","floor":10,"turns":6},{"damage":20,"enemies":"3 Sentries","floor":13,"turns":8},{"damage":5,"enemies":"3 Louse","floor":14,"turns":4},{"damage":21,"enemies":"Hexaghost","floor":16,"turns":9}],"seed_played":"-3485227028288492099","potions_obtained":[{"floor":7,"key":"FearPotion"},{"floor":8,"key":"LiquidBronze"},{"floor":14,"key":"Energy Potion"}],"is_trial":false,"path_per_floor":["M","M","$","M","M","R","E","M","T","M","?","R","E","M","R","B"],"character_chosen":"IRONCLAD","items_purchased":[],"campfire_rested":0,"item_purchase_floors":[],"current_hp_per_floor":[79,81,81,86,81,81,51,50,50,34,34,34,20,21,21,0],"gold":209,"neow_bonus":"TEN_PERCENT_HP_BONUS","is_prod":false,"is_daily":false,"chose_seed":false,"campfire_upgraded":3,"win_rate":0,"timestamp":1551172717,"path_taken":["M","M","$","M","M","R","E","M","T","M","?","R","E","M","R","BOSS"],"build_version":"2019-01-23","purchased_purges":1,"victory":false,"max_hp_per_floor":[88,88,88,88,88,88,88,88,88,88,88,88,88,88,88,88],"card_choices":[{"not_picked":["Anger","Wild Strike"],"picked":"Headbutt","floor":1},{"not_picked":["Clothesline","Warcry"],"picked":"Carnage","floor":2},{"not_picked":["Thunderclap","Sword Boomerang","Havoc"],"picked":"SKIP","floor":4},{"not_picked":["Flex","Feel No Pain","Battle Trance"],"picked":"SKIP","floor":5},{"not_picked":["Flex","Feel No Pain"],"picked":"Battle Trance","floor":5},{"not_picked":["Havoc","Dark Embrace"],"picked":"Shrug It Off","floor":7},{"not_picked":["Warcry","Sword Boomerang"],"picked":"Inflame","floor":8},{"not_picked":["Pummel","Intimidate","Body Slam"],"picked":"SKIP","floor":8},{"not_picked":["Perfected Strike","Pummel"],"picked":"Metallicize+1","floor":10},{"not_picked":["Pummel","Iron Wave","Wild Strike"],"picked":"SKIP","floor":10},{"not_picked":["Body Slam","Havoc","Shrug It Off"],"picked":"SKIP","floor":13},{"not_picked":["Warcry","Dark Embrace+1","Thunderclap"],"picked":"Evolve+1","floor":14},{"not_picked":["Wild Strike","Infernal Blade","Rampage"],"picked":"Power Through","floor":14}],"player_experience":536532,"relics_obtained":[{"floor":7,"key":"Prayer Wheel"},{"floor":9,"key":"Frozen Egg 2"},{"floor":13,"key":"Question Card"}],"event_choices":[{"damage_healed":0,"gold_gain":30,"player_choice":"Searched \u00271\u0027 times","damage_taken":0,"max_hp_gain":0,"max_hp_loss":0,"event_name":"Dead Adventurer","floor":11,"gold_loss":0}],"is_beta":false,"boss_relics":[],"items_purged_floors":[3],"is_endless":false,"potions_floor_spawned":[7,8,14],"killed_by":"Hexaghost","ascension_level":9}