{"gold_per_floor":[116,116,131,146,165,165,188,188],"floor_reached":8,"playtime":479,"items_purged":[],"score":75,"play_id":"3051d595-05bf-41b0-a002-a84da35387d2","local_time":"20190226124319","is_ascension_mode":true,"campfire_choices":[{"data":"After Image","floor":6,"key":"SMITH"}],"neow_cost":"PERCENT_DAMAGE","seed_source_timestamp":977453862284765,"circlet_count":0,"master_deck":["AscendersBane","Defend_G","Defend_G","Defend_G","Defend_G","Defend_G","Strike_G","Strike_G","Strike_G","Strike_G","Strike_G","Survivor","Neutralize","After Image+1","Cloak And Dagger","Blade Dance","Accuracy","Dagger Throw","Blade Dance"],"relics":["Ring of the Snake","Golden Idol"],"potions_floor_usage":[8,8],"damage_taken":[{"damage":8,"enemies":"Jaw Worm","floor":1,"turns":8},{"damage":1,"enemies":"2 Louse","floor":3,"turns":5},{"damage":0,"enemies":"Small Slimes","floor":4,"turns":5},{"damage":22,"enemies":"Exordium Thugs","floor":5,"turns":6},{"damage":11,"enemies":"Large Slime","floor":7,"turns":9},{"damage":3,"enemies":"3 Sentries","floor":8,"turns":8}],"seed_played":"6321583405608379020","potions_obtained":[{"floor":5,"key":"GamblersBrew"},{"floor":7,"key":"GhostInAJar"}],"is_trial":false,"path_per_floor":["M","?","M","M","M","R","M","E"],"character_chosen":"THE_SILENT","items_purchased":[],"campfire_rested":0,"item_purchase_floors":[],"current_hp_per_floor":[37,37,36,36,14,14,3,0],"gold":188,"neow_bonus":"THREE_RARE_CARDS","is_prod":false,"is_daily":false,"chose_seed":false,"campfire_upgraded":1,"win_rate":0,"timestamp":1551181399,"path_taken":["M","?","M","M","M","R","M","E"],"build_version":"2019-01-23","purchased_purges":0,"victory":false,"max_hp_per_floor":[70,65,65,65,65,65,65,65],"card_choices":[{"not_picked":["Grand Finale","Malaise"],"picked":"After Image","floor":0},{"not_picked":["Dodge and Roll","Acrobatics"],"picked":"Cloak And Dagger","floor":1},{"not_picked":["Bouncing Flask","Calculated Gamble"],"picked":"Blade Dance","floor":3},{"not_picked":["Endless Agony","All Out Attack"],"picked":"Accuracy","floor":4},{"not_picked":["Bane","Masterful Stab"],"picked":"Dagger Throw","floor":5},{"not_picked":["Dagger Throw","Underhanded Strike"],"picked":"Blade Dance","floor":7}],"player_experience":543520,"relics_obtained":[],"event_choices":[{"damage_healed":0,"gold_gain":0,"player_choice":"Lose Max HP","damage_taken":0,"relics_obtained":["Golden Idol"],"max_hp_gain":0,"max_hp_loss":5,"event_name":"Golden Idol","floor":2,"gold_loss":0}],"is_beta":false,"boss_relics":[],"items_purged_floors":[],"is_endless":false,"potions_floor_spawned":[5,7],"killed_by":"3 Sentries","ascension_level":10}