{"path_per_floor":["M","M","M","M","M","R","M","E","T","R","?","E","R","M","R","B",null,"M","?","?","M","M","R","E","R","T","R","M"],"character_chosen":"IRONCLAD","items_purchased":[],"gold_per_floor":[117,134,152,162,176,176,193,222,275,275,275,309,309,328,328,402,402,388,388,388,407,426,426,451,451,506,506,524,524],"floor_reached":29,"campfire_rested":1,"playtime":1789,"current_hp_per_floor":[73,70,75,75,69,69,74,62,62,62,67,29,29,35,35,28,67,65,65,65,71,56,56,7,31,31,31,31,0],"items_purged":[],"gold":524,"score":437,"play_id":"5cb9b999-ef07-40d7-a9db-e52fb87b2517","local_time":"20180510121648","is_prod":false,"is_daily":false,"chose_seed":false,"is_ascension_mode":true,"campfire_upgraded":6,"timestamp":1525979808,"path_taken":["M","M","M","M","M","R","?","E","T","R","?","E","R","M","R","BOSS","M","?","?","?","M","R","E","R","T","R","M","?"],"build_version":"2018-05-09","seed_source_timestamp":0,"purchased_purges":0,"victory":false,"master_deck":["Strike_R","Strike_R","Strike_R","Strike_R","Strike_R","Defend_R","Defend_R","Defend_R","Defend_R","Bash","AscendersBane","Rage","Shrug It Off+1","Searing Blow+6","True Grit","Shrug It Off+1","Flame Barrier","Metallicize","Headbutt","Offering","Bandage Up","Limit Break","Evolve+1","Feel No Pain+1"],"max_hp_per_floor":[75,75,75,75,75,75,75,75,75,75,80,80,80,80,80,80,80,80,80,80,80,80,80,80,80,80,80,80,80],"relics":["Burning Blood","War Paint","Ancient Tea Set","Omamori","Velvet Choker","Frozen Egg 2","Lantern","Tiny Chest"],"card_choices":[{"not_picked":["Flex","Thunderclap"],"picked":"Rage","floor":0.0},{"not_picked":["Perfected Strike","Corruption"],"picked":"Shrug It Off","floor":1.0},{"not_picked":["Thunderclap","Clothesline"],"picked":"Searing Blow","floor":2.0},{"not_picked":["Havoc","Clothesline"],"picked":"True Grit","floor":3.0},{"not_picked":["Clash","Body Slam"],"picked":"Shrug It Off","floor":4.0},{"not_picked":["Clash","Limit Break"],"picked":"Flame Barrier","floor":5.0},{"not_picked":["Heavy Blade","Second Wind"],"picked":"Metallicize","floor":8.0},{"not_picked":["Perfected Strike","Rampage"],"picked":"Headbutt","floor":12.0},{"not_picked":["Infernal Blade","Clash"],"picked":"Offering","floor":14.0},{"not_picked":["Headbutt","Clothesline"],"picked":"Limit Break","floor":21.0},{"not_picked":["Warcry","Fiend Fire"],"picked":"Evolve","floor":24.0},{"not_picked":["Flame Barrier","Entrench"],"picked":"Feel No Pain","floor":28}],"player_experience":550196,"potions_floor_usage":[28,29],"damage_taken":[{"damage":1.0,"enemies":"Cultist","floor":1.0,"turns":4.0},{"damage":9.0,"enemies":"2 Louse","floor":2.0,"turns":3.0},{"damage":0.0,"enemies":"Small Slimes","floor":3.0,"turns":4.0},{"damage":2.0,"enemies":"2 Fungi Beasts","floor":4.0,"turns":4.0},{"damage":12.0,"enemies":"Lots of Slimes","floor":5.0,"turns":10.0},{"damage":1.0,"enemies":"3 Louse","floor":7.0,"turns":5.0},{"damage":18.0,"enemies":"3 Sentries","floor":8.0,"turns":10.0},{"damage":44.0,"enemies":"Gremlin Nob","floor":12.0,"turns":6.0},{"damage":0.0,"enemies":"Looter","floor":14.0,"turns":2.0},{"damage":13.0,"enemies":"The Guardian","floor":16.0,"turns":13.0},{"damage":8.0,"enemies":"2 Thieves","floor":18.0,"turns":4.0},{"damage":4.0,"enemies":"3 Byrds","floor":21.0,"turns":3.0},{"damage":25.0,"enemies":"Sentry and Sphere","floor":22.0,"turns":6.0},{"damage":59.0,"enemies":"Slavers","floor":24.0,"turns":8.0},{"damage":14,"enemies":"Snake Plant","floor":28,"turns":3},{"damage":50,"enemies":"Masked Bandits","floor":29,"turns":3}],"event_choices":[{"event_name":"Big Fish","player_choice":"Donut","floor":11.0,"damage_taken":0.0},{"event_name":"Match and Keep!","player_choice":"1 cards matched","floor":19.0,"damage_taken":0.0},{"event_name":"The Mausoleum","player_choice":"Yes","floor":20.0,"damage_taken":0.0},{"event_name":"Masked Bandits","player_choice":"Fought over 524 gold","floor":29,"damage_taken":0}],"boss_relics":[],"potions_floor_spawned":[4,5,12,16,24,28],"seed_played":"-4655012419162717757","killed_by":"Masked Bandits","ascension_level":14,"is_trial":false}