{"path_per_floor":["M","?","M","M","$","R","?","M","T","?","R","M","?","E","R","B",null,"M","$","M","M","M","R","M","R","T","R","$","M","R","M","R","B",null,"M","?","M","?","$","R","M","R","T","R","E","?","R","$","R","B"],"character_chosen":"THE_SILENT","items_purchased":["Acrobatics","Dexterity Potion","Energy Potion","Explosive Potion","Flash of Steel"],"gold_per_floor":[114,114,138,161,86,86,86,100,169,244,244,228,228,266,266,395,395,379,182,206,230,244,244,269,269,269,269,48,67,67,81,81,211,211,226,226,251,251,101,101,120,120,175,175,206,272,272,7,7,7],"floor_reached":51,"campfire_rested":2,"playtime":6260,"current_hp_per_floor":[63,63,63,63,62,62,62,54,54,43,43,37,37,19,37,6,48,28,28,26,22,21,21,11,29,29,29,29,29,29,27,27,18,51,50,50,50,50,50,50,44,44,44,44,46,48,58,58,65,65],"items_purged":["Parasite","Strike_G","Strike_G","Corpse Explosion","Outmaneuver"],"gold":7,"play_id":"782dff08-8bf4-4e4a-a031-fac4bfb49aea","is_prod":false,"is_daily":false,"is_ascension_mode":true,"campfire_upgraded":8,"path_taken":["M","?","M","M","$","R","?","?","T","?","R","M","?","E","R","BOSS","M","?","M","?","M","R","M","R","T","R","$","M","R","M","R","BOSS","M","?","?","?","$","R","M","R","T","R","E","?","R","$","R","BOSS"],"build_version":"2018-02-01-PROD3","purchased_purges":5,"victory":true,"master_deck":["Survivor+1","Neutralize+1","Finisher+1","Deadly Poison+1","Well Laid Plans","Prepared+1","PiercingWail","Noxious Fumes","Tactician+1","Acrobatics+1","Acrobatics+1","Grand Finale","Escape Plan+1","Well Laid Plans+1","Calculated Gamble+1","Night Terror","Eviscerate+1","Escape Plan+1","Setup+1","Flash of Steel"],"max_hp_per_floor":[70,65,65,65,62,62,62,62,62,62,62,62,62,62,62,62,62,62,62,62,62,62,62,62,62,62,62,62,62,62,62,62,62,62,62,62,62,62,62,62,62,62,62,62,64,66,76,76,83,83],"relics":["Ring of the Snake","Golden Idol","Shuriken","Whetstone","Question Card","Shovel","Astrolabe","Tiny Chest","Tough Bandages","Singing Bowl","Calipers","Pear","Strawberry"],"card_choices":[{"not_picked":["Footwork","Setup"],"picked":"Deadly Poison"},{"not_picked":["Deflect","PiercingWail"],"picked":"Well Laid Plans"},{"not_picked":["Dagger Spray","Wraith Form"],"picked":"Prepared"},{"not_picked":["Deadly Poison","Blur"],"picked":"PiercingWail"},{"not_picked":["Outmaneuver","Footwork"],"picked":"Noxious Fumes"},{"not_picked":["Adrenaline","Storm of Steel"],"picked":"Tactician"},{"not_picked":["Dagger Spray","Bane","PiercingWail"],"picked":"Acrobatics"},{"not_picked":["Dodge and Roll","Bane","Backflip"],"picked":"Grand Finale"},{"not_picked":["Dagger Throw","Riddle With Holes","Predator"],"picked":"Escape Plan"},{"not_picked":["Flechettes","Acrobatics","Blade Dance"],"picked":"Well Laid Plans"},{"not_picked":["Setup","Backflip","Acrobatics"],"picked":"Calculated Gamble"},{"not_picked":["Envenom","Phantasmal Killer","Venomology"],"picked":"Night Terror"},{"not_picked":["Dagger Throw","Acrobatics","Concentrate"],"picked":"Setup"}],"player_experience":637034,"potions_floor_usage":[8,14,21,21,22,46],"damage_taken":[{"damage":0,"enemies":"2 Louse","floor":1,"turns":4},{"damage":0,"enemies":"Cultist","floor":3,"turns":3},{"damage":0,"enemies":"Jaw Worm","floor":4,"turns":5},{"damage":8,"enemies":"Exordium Wildlife","floor":8,"turns":7},{"damage":6,"enemies":"Exordium Thugs","floor":12,"turns":6},{"damage":18,"enemies":"Gremlin Nob","floor":14,"turns":4},{"damage":31,"enemies":"Slime Boss","floor":16,"turns":14},{"damage":20,"enemies":"2 Thieves","floor":18,"turns":4},{"damage":2,"enemies":"Shell Parasite","floor":20,"turns":6},{"damage":16,"enemies":"Snake Plant","floor":21,"turns":5},{"damage":1,"enemies":"Sentry and Sphere","floor":22,"turns":3},{"damage":10,"enemies":"Centurion and Healer","floor":24,"turns":4},{"damage":0,"enemies":"Cultist and Chosen","floor":29,"turns":3},{"damage":2,"enemies":"Sentry and Sphere","floor":31,"turns":4},{"damage":9,"enemies":"Champ","floor":33,"turns":10},{"damage":1,"enemies":"Orb Walker","floor":35,"turns":3},{"damage":0,"enemies":"3 Shapes","floor":37,"turns":3},{"damage":6,"enemies":"Sphere and 2 Shapes","floor":41,"turns":4},{"damage":0,"enemies":"Nemesis","floor":45,"turns":7},{"damage":0,"enemies":"Mysterious Sphere","floor":46,"turns":5},{"damage":0,"enemies":"Awakened One","floor":50,"turns":3}],"event_choices":[{"event_name":"Golden Idol","player_choice":"Lose Max HP","floor":2,"damage_taken":0},{"event_name":"Purifier","player_choice":"One Purge","floor":7,"damage_taken":0},{"event_name":"World of Goop","player_choice":"Gather Gold","floor":10,"damage_taken":0},{"event_name":"Living Wall","player_choice":"Forget","floor":13,"damage_taken":0},{"event_name":"Transmorgrifier","player_choice":"Transform","floor":38,"damage_taken":0},{"event_name":"Mysterious Sphere","player_choice":"Fight","floor":46,"damage_taken":0}],"boss_relics":[{"not_picked":["The Specimen","Calling Bell"],"picked":"Question Card"},{"not_picked":["White Beast Statue","Black Star"],"picked":"Astrolabe"}],"potions_floor_spawned":[3,8,12,20,21,29,31,33,45],"seed_played":"-3882767834477412043","ascension_level":10,"is_trial":false}