{"path_per_floor":["M","?","$","M","?","R","?","R","T","M","R","E","M","M","R","B",null,"M","M","?"],"character_chosen":"THE_SILENT","items_purchased":["Noxious Fumes"],"gold_per_floor":[111,111,72,88,88,88,88,88,88,100,100,131,144,154,154,231,231,214,226,226],"floor_reached":21,"campfire_rested":0,"playtime":1473,"current_hp_per_floor":[57,57,57,53,53,53,33,33,33,33,33,30,24,24,24,23,55,29,18,18],"items_purged":[],"gold":226,"score":313,"play_id":"25f033a9-7bcf-41c9-a776-5c1f5c46426c","is_prod":false,"is_daily":false,"is_ascension_mode":true,"campfire_upgraded":4,"path_taken":["M","?","$","M","?","R","?","R","T","?","R","E","?","M","R","BOSS","M","M","?","M"],"build_version":"2018-02-16-BETA2","purchased_purges":0,"victory":false,"master_deck":["Defend_G","Defend_G","Defend_G","Defend_G+1","Defend_G","Strike_G","Strike_G","Strike_G","Strike_G+1","Strike_G","Survivor","Neutralize+1","Parasite","Caltrops+1","Neutralize+1","Noxious Fumes+1","Catalyst","Dash","Poisoned Stab","Die Die Die","Backflip"],"max_hp_per_floor":[66,66,66,66,66,66,66,66,66,66,66,66,66,66,66,66,66,66,66,66],"relics":["Ring of the Snake","Pen Nib","Pantograph","Black Star","Nloth\u0027s Gift"],"card_choices":[{"not_picked":["Concentrate","Backstab"],"picked":"Caltrops"},{"not_picked":["Well Laid Plans","Dagger Throw"],"picked":"Catalyst"},{"not_picked":["Acrobatics","Sucker Punch"],"picked":"Dash"},{"not_picked":["Bouncing Flask","Deadly Poison"],"picked":"Poisoned Stab"},{"not_picked":["Corpse Explosion","Storm of Steel"],"picked":"Die Die Die"},{"not_picked":["Storm of Steel","Choke"],"picked":"Backflip"}],"player_experience":706214,"potions_floor_usage":[12,19],"damage_taken":[{"damage":2,"enemies":"Jaw Worm","floor":1,"turns":6},{"damage":4,"enemies":"Cultist","floor":4,"turns":5},{"damage":0,"enemies":"2 Louse","floor":10,"turns":3},{"damage":3,"enemies":"3 Sentries","floor":12,"turns":6},{"damage":6,"enemies":"2 Fungi Beasts","floor":13,"turns":4},{"damage":0,"enemies":"Looter","floor":14,"turns":4},{"damage":26,"enemies":"Hexaghost","floor":16,"turns":8},{"damage":26,"enemies":"2 Thieves","floor":18,"turns":4},{"damage":11,"enemies":"Chosen","floor":19,"turns":6},{"damage":23,"enemies":"Snake Plant","floor":21,"turns":3}],"event_choices":[{"event_name":"Match and Keep!","player_choice":"1 cards matched","floor":2,"damage_taken":0},{"event_name":"Scrap Ooze","player_choice":"unsuccessful","floor":5,"damage_taken":0},{"event_name":"Shining Light","player_choice":"Entered Light","floor":7,"damage_taken":0},{"event_name":"N\u0027loth","player_choice":"Traded a Girya","floor":20,"damage_taken":0}],"boss_relics":[{"not_picked":["Philosopher\u0027s Stone","Question Card"],"picked":"Black Star"}],"potions_floor_spawned":[1,13,14,19],"seed_played":"-7008898079026161413","killed_by":"Snake Plant","ascension_level":15,"is_trial":false}