{"path_per_floor":["M","M","M","$","M","E","M","E","T","?","E","?","R","E","R"],"character_chosen":"THE_SILENT","items_purchased":["Flash of Steel","Regen Potion"],"gold_per_floor":[109,123,141,4,22,54,69,96,120,220,249,249,249,276,276],"floor_reached":16,"campfire_rested":0,"playtime":1700,"current_hp_per_floor":[69,68,68,68,61,45,41,47,47,47,35,40,40,36,36],"items_purged":[],"gold":276,"score":156,"play_id":"19c6ec69-db27-4c09-8a8a-cca1ba75bc15","is_prod":false,"is_daily":false,"is_ascension_mode":true,"campfire_upgraded":2,"path_taken":["M","M","M","$","M","E","M","E","T","?","E","?","R","E","R","BOSS"],"build_version":"2018-02-08-BETA1","purchased_purges":0,"victory":false,"master_deck":["Defend_G","Defend_G","Defend_G","Defend_G","Defend_G","Strike_G","Strike_G","Strike_G","Strike_G","Strike_G","Survivor+1","Neutralize+1","Dagger Spray","Caltrops","Envenom","Flash of Steel","Well Laid Plans+1","Calculated Gamble+1","Backflip","Outmaneuver","Acrobatics","Blade Dance"],"max_hp_per_floor":[70,70,70,70,70,70,70,70,70,70,70,75,75,75,75],"relics":["Ring of the Snake","Lantern","War Paint","Bag of Marbles","Oddly Smooth Stone","Letter Opener","Ancient Tea Set"],"card_choices":[{"not_picked":["Terror","PiercingWail"],"picked":"Dagger Spray"},{"not_picked":["Expertise","Bane"],"picked":"Caltrops"},{"not_picked":["Leg Sweep","Slice"],"picked":"Envenom"},{"not_picked":["Bouncing Flask","Deflect"],"picked":"Well Laid Plans"},{"not_picked":["Sucker Punch","Poisoned Stab"],"picked":"Calculated Gamble"},{"not_picked":["Backstab","Escape Plan"],"picked":"Backflip"},{"not_picked":["Deflect","Prepared"],"picked":"Outmaneuver"},{"not_picked":["Choke","Dagger Throw"],"picked":"Acrobatics"},{"not_picked":["Sucker Punch","PiercingWail"],"picked":"Blade Dance"}],"player_experience":56949,"potions_floor_usage":[8,8,11,14],"damage_taken":[{"damage":1,"enemies":"Cultist","floor":1,"turns":3},{"damage":1,"enemies":"Blue Slaver","floor":2,"turns":4},{"damage":0,"enemies":"Jaw Worm","floor":3,"turns":4},{"damage":7,"enemies":"Exordium Wildlife","floor":5,"turns":5},{"damage":16,"enemies":"Gremlin Nob","floor":6,"turns":4},{"damage":4,"enemies":"Lots of Slimes","floor":7,"turns":3},{"damage":9,"enemies":"3 Sentries","floor":8,"turns":7},{"damage":12,"enemies":"Lagavulin","floor":11,"turns":8},{"damage":4,"enemies":"Gremlin Nob","floor":14,"turns":4},{"damage":39,"enemies":"The Guardian","floor":16,"turns":6}],"event_choices":[{"event_name":"Wheel of Change","player_choice":"Gold","floor":10,"damage_taken":0},{"event_name":"Big Fish","player_choice":"Donut","floor":12,"damage_taken":0}],"boss_relics":[],"potions_floor_spawned":[1,6,7,11],"seed_played":"-7725480728430842108","killed_by":"The Guardian","ascension_level":4,"is_trial":false}