{"gold_per_floor":[110,110,125,137,137,137,166,166,166,183,204,214,289,37,37,139,139,158,173,173,191,12,12,22,22,22,22,33,33],"floor_reached":29,"playtime":2174,"items_purged":["Strike_G","Strike_G"],"score":225,"play_id":"6ef389a6-61a9-4028-9d64-a354f91a4cce","local_time":"20190216103419","is_ascension_mode":false,"campfire_choices":[{"data":"Poisoned Stab","floor":6,"key":"SMITH"},{"floor":8,"key":"REST"},{"floor":15,"key":"REST"},{"floor":23,"key":"REST"},{"data":"Neutralize","floor":25,"key":"SMITH"},{"data":"Deadly Poison","floor":27,"key":"SMITH"}],"neow_cost":"NONE","seed_source_timestamp":0,"circlet_count":0,"master_deck":["Defend_G","Defend_G","Defend_G","Defend_G","Defend_G","Strike_G","Strike_G","Strike_G","Survivor","Neutralize+1","Dramatic Entrance","Poisoned Stab+1","Slice","Masterful Stab","Quick Slash","Crippling Poison","Slice","Infinite Blades+1","Envenom+1","Footwork+1","Deadly Poison+1","Well Laid Plans+1","Deadly Poison+1"],"special_seed":0,"relics":["Ring of the Snake","Frozen Egg 2","Blood Vial","Ancient Tea Set","Odd Mushroom","Sozu","Darkstone Periapt"],"potions_floor_usage":[7,16,16,16],"damage_taken":[{"damage":0,"enemies":"Jaw Worm","floor":1,"turns":5},{"damage":2,"enemies":"2 Louse","floor":3,"turns":3},{"damage":0,"enemies":"Small Slimes","floor":4,"turns":2},{"damage":27,"enemies":"3 Sentries","floor":7,"turns":8},{"damage":0,"enemies":"3 Louse","floor":10,"turns":2},{"damage":8,"enemies":"The Mushroom Lair","floor":11,"turns":3},{"damage":7,"enemies":"Blue Slaver","floor":12,"turns":3},{"damage":53,"enemies":"The Guardian","floor":16,"turns":10},{"damage":0,"enemies":"3 Byrds","floor":18,"turns":5},{"damage":12,"enemies":"Chosen","floor":19,"turns":5},{"damage":14,"enemies":"Snecko","floor":21,"turns":5},{"damage":8,"enemies":"3 Cultists","floor":24,"turns":6},{"damage":13,"enemies":"Shelled Parasite and Fungi","floor":28,"turns":5},{"damage":57,"enemies":"Gremlin Leader","floor":29,"turns":3}],"seed_played":"2437779888069789606","potions_obtained":[{"floor":3,"key":"Ancient Potion"},{"floor":10,"key":"Block Potion"}],"is_trial":false,"path_per_floor":["M","?","M","M","?","R","E","R","T","M","?","M","?","$","R","B",null,"M","M","?","M","$","R","M","R","T","R","M","E"],"character_chosen":"THE_SILENT","items_purchased":["Infinite Blades+1","Poison Potion","Weak Potion","Well Laid Plans+1"],"campfire_rested":3,"item_purchase_floors":[14,14,14,22],"current_hp_per_floor":[70,70,68,68,61,61,34,55,55,57,51,46,35,35,56,5,70,70,58,58,46,46,67,61,61,61,61,50,0],"gold":33,"neow_bonus":"RANDOM_COLORLESS","is_prod":false,"is_daily":false,"chose_seed":false,"campfire_upgraded":3,"win_rate":0.0,"timestamp":1550309659,"path_taken":["M","?","M","M","?","R","E","R","T","M","?","M","?","$","R","BOSS","M","M","?","M","$","R","M","R","T","R","M","E"],"build_version":"2019-01-23","purchased_purges":2,"victory":false,"max_hp_per_floor":[70,70,70,70,70,70,70,70,70,70,70,70,70,70,70,70,70,70,70,70,70,70,70,70,70,70,70,70,70],"card_choices":[{"not_picked":["Skewer","Dodge and Roll"],"picked":"Poisoned Stab","floor":1},{"not_picked":["Leg Sweep","Finisher","Blade Dance"],"picked":"SKIP","floor":3},{"not_picked":["PiercingWail","Underhanded Strike"],"picked":"Slice","floor":4},{"not_picked":["Predator","Escape Plan"],"picked":"Masterful Stab","floor":7},{"not_picked":["Deadly Poison","Outmaneuver"],"picked":"Quick Slash","floor":10},{"not_picked":["Masterful Stab","Slice"],"picked":"Crippling Poison","floor":11},{"not_picked":["Outmaneuver","Leg Sweep"],"picked":"Slice","floor":12},{"not_picked":["Burst","Bullet Time"],"picked":"Envenom+1","floor":16},{"not_picked":["Sucker Punch","Slice"],"picked":"Footwork+1","floor":18},{"not_picked":["Backflip","Calculated Gamble","Blade Dance"],"picked":"SKIP","floor":19},{"not_picked":["PiercingWail","Predator"],"picked":"Deadly Poison","floor":21},{"not_picked":["Escape Plan+1","Burst","Dash"],"picked":"SKIP","floor":24},{"not_picked":["Flechettes+1","Flying Knee"],"picked":"Deadly Poison+1","floor":28}],"player_experience":14009,"relics_obtained":[{"floor":7,"key":"Blood Vial"},{"floor":9,"key":"Ancient Tea Set"},{"floor":11,"key":"Odd Mushroom"},{"floor":26,"key":"Darkstone Periapt"}],"event_choices":[{"damage_healed":0,"gold_gain":0,"player_choice":"Ignored","damage_taken":0,"max_hp_gain":0,"max_hp_loss":0,"event_name":"Liars Game","floor":2,"gold_loss":0},{"damage_healed":0,"gold_gain":0,"player_choice":"Success","damage_taken":7,"relics_obtained":["Frozen Egg 2"],"max_hp_gain":0,"max_hp_loss":0,"event_name":"Scrap Ooze","floor":5,"gold_loss":0},{"damage_healed":0,"gold_gain":0,"player_choice":"Fought Mushrooms","damage_taken":0,"max_hp_gain":0,"max_hp_loss":0,"event_name":"Mushrooms","floor":11,"gold_loss":0},{"damage_healed":0,"gold_gain":75,"player_choice":"Gather Gold","damage_taken":11,"max_hp_gain":0,"max_hp_loss":0,"event_name":"World of Goop","floor":13,"gold_loss":0},{"damage_healed":0,"gold_gain":0,"player_choice":"Ignored","damage_taken":0,"max_hp_gain":0,"max_hp_loss":0,"event_name":"Ghosts","floor":20,"gold_loss":0}],"is_beta":false,"boss_relics":[{"not_picked":["Coffee Dripper","Orrery"],"picked":"Sozu"}],"items_purged_floors":[14,22],"is_endless":false,"potions_floor_spawned":[3,10,19,21],"killed_by":"Gremlin Leader","ascension_level":0}