{"gold_per_floor":[109,127,140,159,139,139,139,166,223,239,239,249,249,281,281,352,352,371,371,390,390,440,440,214,225,272,286,286,286,312,24,24,101,101,114,134,134,134,144,144,144,144],"floor_reached":42,"playtime":3623,"items_purged":["Strike_B"],"score":789,"play_id":"1c53f6cc-62c4-4748-acd1-c534b9d00729","local_time":"20180705163557","is_ascension_mode":true,"campfire_choices":[{"data":"Zap","floor":6,"key":"SMITH"},{"data":"Go for the Eyes","floor":11,"key":"SMITH"},{"floor":13,"key":"REST"},{"data":"Loop","floor":15,"key":"SMITH"},{"floor":23,"key":"REST"},{"data":"Capacitor","floor":29,"key":"SMITH"},{"floor":32,"key":"REST"},{"floor":40,"key":"REST"}],"neow_cost":"NONE","seed_source_timestamp":836528215819969,"circlet_count":0,"master_deck":["Strike_B","Strike_B","Defend_B","Defend_B","Defend_B","Defend_B","Zap+1","Dualcast","AscendersBane","Compile Driver","Leap","Loop+1","Conserve Battery","Capacitor+1","Go for the Eyes+1","Glacier","Hyperbeam","Reboot","Capacitor+1","Doom and Gloom","Cold Snap","Compile Driver","Consume+1","Loop","Reboot+1","Leap+1","Hologram+1"],"relics":["Cracked Core","Juzu Bracelet","Tiny Chest","Singing Bowl","Runic Dome","Enchiridion","Omamori","The Courier","Toxic Egg 2","Eternal Feather"],"potions_floor_usage":[8,10,30,30,42],"damage_taken":[{"damage":1,"enemies":"Cultist","floor":1,"turns":4},{"damage":2,"enemies":"Jaw Worm","floor":2,"turns":3},{"damage":1,"enemies":"2 Louse","floor":3,"turns":3},{"damage":0,"enemies":"Large Slime","floor":4,"turns":5},{"damage":16,"enemies":"Gremlin Nob","floor":8,"turns":5},{"damage":6,"enemies":"2 Fungi Beasts","floor":10,"turns":4},{"damage":8,"enemies":"3 Louse","floor":12,"turns":4},{"damage":20,"enemies":"3 Sentries","floor":14,"turns":8},{"damage":8,"enemies":"The Guardian","floor":16,"turns":14},{"damage":4,"enemies":"Shell Parasite","floor":18,"turns":6},{"damage":4,"enemies":"2 Thieves","floor":20,"turns":3},{"damage":4,"enemies":"Centurion and Healer","floor":25,"turns":11},{"damage":0,"enemies":"Sentry and Sphere","floor":27,"turns":4},{"damage":33,"enemies":"Slavers","floor":30,"turns":7},{"damage":10,"enemies":"Champ","floor":33,"turns":15},{"damage":25,"enemies":"Orb Walker","floor":35,"turns":5},{"damage":23,"enemies":"3 Darklings","floor":36,"turns":8},{"damage":1,"enemies":"Sphere and 2 Shapes","floor":39,"turns":3},{"damage":60,"enemies":"Flame Bruiser 2 Orb","floor":42,"turns":5}],"seed_played":"-4867164680036284844","potions_obtained":[{"floor":2,"key":"EssenceOfSteel"},{"floor":4,"key":"FairyPotion"},{"floor":5,"key":"Ancient Potion"},{"floor":8,"key":"LiquidBronze"},{"floor":16,"key":"Fire Potion"},{"floor":25,"key":"Dexterity Potion"},{"floor":33,"key":"SpeedPotion"},{"floor":36,"key":"Ancient Potion"}],"is_trial":false,"path_per_floor":["M","M","M","M","?","R","?","E","T","M","R","M","R","E","R","B",null,"M","?","M","?","?","R","$","M","T","M","?","R","E","$","R","B",null,"M","M","?","?","M","R","?"],"character_chosen":"DEFECT","items_purchased":["Capacitor","Doom and Gloom","Toxic Egg 2","Consume+1","Loop"],"campfire_rested":4,"item_purchase_floors":[24,24,31,31,31],"current_hp_per_floor":[70,68,67,67,67,67,60,44,44,38,38,30,53,33,33,25,65,63,42,38,38,38,62,62,58,58,58,58,58,27,27,51,41,72,49,26,26,26,25,60,60,0],"gold":144,"neow_bonus":"TEN_PERCENT_HP_BONUS","is_prod":false,"is_daily":false,"chose_seed":false,"campfire_upgraded":4,"win_rate":0,"timestamp":1530833757,"path_taken":["M","?","M","M","?","R","?","E","T","M","R","M","R","E","R","BOSS","M","?","M","?","?","R","$","M","T","M","?","R","E","$","R","BOSS","M","M","?","?","M","R","?","M"],"build_version":"2018-07-04","purchased_purges":1,"victory":false,"max_hp_per_floor":[78,78,78,78,78,78,78,78,78,78,78,78,78,78,78,78,78,80,80,80,80,80,80,80,80,80,80,80,80,82,82,82,82,82,84,84,84,84,84,84,84,84],"card_choices":[{"not_picked":["Rebound","Coolheaded"],"picked":"Compile Driver","floor":1},{"not_picked":["Gash","Rebound"],"picked":"Leap","floor":2},{"not_picked":["Redo","Consume"],"picked":"Loop","floor":3},{"not_picked":["Steam Power","Compile Driver"],"picked":"Conserve Battery","floor":4},{"not_picked":["Sweeping Beam","Aggregate"],"picked":"Capacitor","floor":8},{"not_picked":["Heatsinks","Capacitor"],"picked":"Go for the Eyes","floor":10},{"not_picked":["Barrage","Turbo","Rip and Tear"],"picked":"SKIP","floor":12},{"not_picked":["Creative AI","Reinforced Body"],"picked":"Glacier","floor":14},{"not_picked":["Amplify","Creative AI"],"picked":"Hyperbeam","floor":16},{"not_picked":["Redo","Turbo","Go for the Eyes"],"picked":"Singing Bowl","floor":18},{"not_picked":["Sweeping Beam","Turbo"],"picked":"Reboot","floor":20},{"not_picked":["Auto Shields","Darkness"],"picked":"Cold Snap","floor":25},{"not_picked":["Leap","Steam Power"],"picked":"Compile Driver","floor":27},{"not_picked":["Streamline","Force Field","Gash"],"picked":"Singing Bowl","floor":30},{"not_picked":["Fission+1","Machine Learning"],"picked":"Reboot+1","floor":33},{"not_picked":["Turbo+1","Aggregate+1","Barrage"],"picked":"Singing Bowl","floor":35},{"not_picked":["Go for the Eyes+1","Static Discharge+1"],"picked":"Leap+1","floor":36},{"not_picked":["Melter","Storm"],"picked":"Hologram+1","floor":39}],"player_experience":2047074,"relics_obtained":[{"floor":8,"key":"Juzu Bracelet"},{"floor":9,"key":"Tiny Chest"},{"floor":14,"key":"Singing Bowl"},{"floor":19,"key":"Enchiridion"},{"floor":26,"key":"Omamori"},{"floor":30,"key":"The Courier"}],"event_choices":[{"event_name":"The Woman in Blue","player_choice":"Bought 1 Potion","floor":5,"damage_taken":0},{"event_name":"Golden Wing","player_choice":"Card Removal","floor":7,"damage_taken":0},{"event_name":"Cursed Tome","player_choice":"Obtained Book","floor":19,"damage_taken":0},{"event_name":"N\u0027loth","player_choice":"Ignored","floor":21,"damage_taken":0},{"event_name":"Nest","player_choice":"Stole From Cult","floor":22,"damage_taken":0},{"event_name":"Upgrade Shrine","player_choice":"Upgraded","floor":28,"damage_taken":0},{"event_name":"FaceTrader","player_choice":"Leave","floor":37,"damage_taken":0},{"event_name":"The Moai Head","player_choice":"Ignored","floor":38,"damage_taken":0},{"event_name":"Mysterious Sphere","player_choice":"Ignore","floor":41,"damage_taken":0}],"boss_relics":[{"not_picked":["Pandora\u0027s Box","Ectoplasm"],"picked":"Runic Dome"},{"not_picked":["Lizard Tail","Philosopher\u0027s Stone"],"picked":"Eternal Feather"}],"items_purged_floors":[24],"is_endless":false,"potions_floor_spawned":[2,4,8,16,25,27,33,36],"killed_by":"Flame Bruiser 2 Orb","ascension_level":15}