{"gold_per_floor":[116,116,116,134,148,148,179,179,179,179,179,191,191,211,211,310,360,377,388,21,21,37,37,48,60,87,87,267,267,282,300,300,403,403,414,67,77,93,113,113,146,159,186,198,198,208,158,158],"floor_reached":48,"playtime":2801,"items_purged":["All Out Attack","Skewer+1"],"score":543,"play_id":"9cb6665d-c745-475b-8722-4a872e7941df","local_time":"20190226222544","is_ascension_mode":true,"campfire_choices":[{"floor":6,"key":"REST"},{"floor":8,"key":"REST"},{"data":"Noxious Fumes","floor":13,"key":"SMITH"},{"floor":15,"key":"REST"},{"floor":23,"key":"REST"},{"data":"Corpse Explosion","floor":27,"key":"SMITH"},{"floor":29,"key":"REST"},{"floor":32,"key":"REST"},{"floor":40,"key":"REST"}],"neow_cost":"NONE","seed_source_timestamp":377578546275840,"circlet_count":0,"master_deck":["Survivor","Neutralize+1","Well Laid Plans","Adrenaline+1","Deadly Poison+1","Corpse Explosion+1","Setup","Envenom","Dodge and Roll","Deadly Poison","Prepared","Noxious Fumes+1","Deadly Poison","Backflip","Corpse Explosion","Cloak And Dagger","Deadly Poison","Catalyst+1","Dash","Noxious Fumes+1","Deflect+1","Catalyst+1"],"relics":["Pandora\u0027s Box","Mercury Hourglass","Gremlin Horn","Smiling Mask","Tiny House","ClockworkSouvenir","Vajra","Du-Vu Doll","Happy Flower","Black Star","Incense Burner","Whetstone","Orichalcum","Centennial Puzzle"],"potions_floor_usage":[7,24,33,33,39,39],"damage_taken":[{"damage":0,"enemies":"Cultist","floor":1,"turns":3},{"damage":0,"enemies":"Jaw Worm","floor":4,"turns":2},{"damage":0,"enemies":"2 Louse","floor":5,"turns":1},{"damage":15,"enemies":"3 Sentries","floor":7,"turns":3},{"damage":9,"enemies":"Blue Slaver","floor":12,"turns":3},{"damage":9,"enemies":"2 Fungi Beasts","floor":14,"turns":3},{"damage":33,"enemies":"The Guardian","floor":16,"turns":7},{"damage":0,"enemies":"3 Byrds","floor":18,"turns":2},{"damage":0,"enemies":"Spheric Guardian","floor":19,"turns":3},{"damage":14,"enemies":"Shelled Parasite and Fungi","floor":22,"turns":4},{"damage":6,"enemies":"Snake Plant","floor":24,"turns":3},{"damage":3,"enemies":"Snecko","floor":25,"turns":3},{"damage":6,"enemies":"3 Cultists","floor":30,"turns":3},{"damage":10,"enemies":"Cultist and Chosen","floor":31,"turns":4},{"damage":22,"enemies":"Champ","floor":33,"turns":7},{"damage":26,"enemies":"3 Darklings","floor":35,"turns":3},{"damage":18,"enemies":"Orb Walker","floor":37,"turns":3},{"damage":0,"enemies":"Jaw Worm Horde","floor":38,"turns":2},{"damage":16,"enemies":"3 Darklings","floor":39,"turns":3},{"damage":26,"enemies":"Reptomancer","floor":41,"turns":6},{"damage":6,"enemies":"4 Shapes","floor":42,"turns":3},{"damage":3,"enemies":"Sphere and 2 Shapes","floor":44,"turns":4},{"damage":8,"enemies":"Spire Growth","floor":46,"turns":4},{"damage":8,"enemies":"4 Shapes","floor":48,"turns":1}],"seed_played":"9171966758573089556","potions_obtained":[{"floor":4,"key":"PowerPotion"},{"floor":12,"key":"GhostInAJar"},{"floor":16,"key":"Fire Potion"},{"floor":17,"key":"Poison Potion"},{"floor":24,"key":"AttackPotion"},{"floor":31,"key":"PowerPotion"},{"floor":37,"key":"EssenceOfSteel"},{"floor":46,"key":"SpeedPotion"}],"is_trial":false,"path_per_floor":["M","?","?","M","M","R","E","R","T","?","?","M","R","M","R","B",null,"M","M","$","?","M","R","M","M","T","R","?","R","M","M","R","B",null,"M","$","M","M","M","R","E","M","T","M","?","M","$","M"],"character_chosen":"THE_SILENT","items_purchased":["Deadly Poison","ClockworkSouvenir","Vajra","Incense Burner"],"campfire_rested":7,"item_purchase_floors":[20,20,20,36],"current_hp_per_floor":[70,67,53,53,53,70,55,70,70,63,68,59,59,50,72,39,80,80,80,80,80,66,80,74,71,71,71,47,71,65,55,79,57,80,54,54,36,36,20,44,18,12,12,9,9,1,1,0],"gold":158,"neow_bonus":"BOSS_RELIC","is_prod":false,"is_daily":false,"chose_seed":false,"campfire_upgraded":2,"win_rate":0,"timestamp":1551191144,"path_taken":["M","?","?","M","?","R","E","R","T","?","?","M","R","M","R","BOSS","M","M","$","?","M","R","M","M","T","R","?","R","M","M","R","BOSS","M","$","M","M","M","R","E","?","T","M","?","M","$","M"],"build_version":"2019-01-23","purchased_purges":2,"victory":false,"max_hp_per_floor":[70,70,70,70,70,70,70,70,70,70,75,75,75,75,75,75,80,80,80,80,80,80,80,80,80,80,80,80,80,80,80,80,80,80,80,80,80,80,80,80,80,80,80,80,80,80,80,80],"card_choices":[{"not_picked":["Heel Hook","Dagger Throw"],"picked":"Dodge and Roll","floor":1},{"not_picked":["Caltrops","Acrobatics"],"picked":"Deadly Poison","floor":4},{"not_picked":["Bane","Concentrate"],"picked":"Prepared","floor":5},{"not_picked":["Deflect","Outmaneuver"],"picked":"Noxious Fumes","floor":7},{"not_picked":["Prepared","Caltrops"],"picked":"Deadly Poison","floor":12},{"not_picked":["Dagger Throw","Underhanded Strike"],"picked":"Backflip","floor":14},{"not_picked":["Envenom","Tools of the Trade"],"picked":"Corpse Explosion","floor":16},{"not_picked":["Noxious Fumes","Predator"],"picked":"Cloak And Dagger","floor":17},{"not_picked":["Slice+1","Underhanded Strike","Flying Knee"],"picked":"SKIP","floor":18},{"not_picked":["Blur","Caltrops","Poisoned Stab+1"],"picked":"SKIP","floor":19},{"not_picked":["Quick Slash","Dagger Throw+1"],"picked":"Catalyst+1","floor":22},{"not_picked":["Prepared+1","Accuracy"],"picked":"Dash","floor":24},{"not_picked":["Accuracy","Dagger Throw","Terror"],"picked":"SKIP","floor":25},{"not_picked":["Distraction","Underhanded Strike+1"],"picked":"Noxious Fumes+1","floor":30},{"not_picked":["Blur+1","Masterful Stab","Blade Dance"],"picked":"SKIP","floor":31},{"not_picked":["Flying Knee","Underhanded Strike"],"picked":"Deflect+1","floor":35},{"not_picked":["Endless Agony+1","Deadly Poison+1","Escape Plan"],"picked":"SKIP","floor":37},{"not_picked":["Blade Dance","Well Laid Plans","Bane+1"],"picked":"SKIP","floor":38},{"not_picked":["Heel Hook","Quick Slash","Blade Dance"],"picked":"SKIP","floor":39},{"not_picked":["Quick Slash","Blur","Dodge and Roll"],"picked":"SKIP","floor":41},{"not_picked":["Infinite Blades+1","Underhanded Strike"],"picked":"Catalyst+1","floor":42},{"not_picked":["Expertise+1","PiercingWail","A Thousand Cuts"],"picked":"SKIP","floor":44},{"not_picked":["Escape Plan+1","Cloak And Dagger+1","Deadly Poison+1"],"picked":"SKIP","floor":46}],"player_experience":98183,"relics_obtained":[{"floor":7,"key":"Gremlin Horn"},{"floor":9,"key":"Smiling Mask"},{"floor":26,"key":"Happy Flower"},{"floor":41,"key":"Whetstone"},{"floor":41,"key":"Orichalcum"},{"floor":43,"key":"Centennial Puzzle"}],"event_choices":[{"damage_healed":0,"gold_gain":0,"player_choice":"Success","damage_taken":3,"relics_obtained":["Mercury Hourglass"],"max_hp_gain":0,"max_hp_loss":0,"event_name":"Scrap Ooze","floor":2,"gold_loss":0},{"damage_healed":0,"gold_gain":0,"player_choice":"Entered Light","damage_taken":14,"max_hp_gain":0,"max_hp_loss":0,"event_name":"Shining Light","floor":3,"gold_loss":0,"cards_upgraded":["Deadly Poison","Adrenaline"]},{"cards_removed":["Doppelganger"],"damage_healed":0,"gold_gain":0,"player_choice":"Card Removal","damage_taken":7,"max_hp_gain":0,"max_hp_loss":0,"event_name":"Golden Wing","floor":10,"gold_loss":0},{"damage_healed":0,"gold_gain":0,"player_choice":"Donut","damage_taken":0,"max_hp_gain":5,"max_hp_loss":0,"event_name":"Big Fish","floor":11,"gold_loss":0},{"damage_healed":0,"gold_gain":0,"player_choice":"Opened","damage_taken":0,"relics_obtained":["Du-Vu Doll"],"max_hp_gain":0,"max_hp_loss":0,"event_name":"The Mausoleum","floor":21,"gold_loss":0},{"damage_healed":0,"gold_gain":180,"player_choice":"GOLD GOLD ","damage_taken":24,"max_hp_gain":0,"max_hp_loss":0,"event_name":"Knowing Skull","floor":28,"potions_obtained":[],"gold_loss":0,"cards_obtained":[]},{"cards_removed":["Choke"],"damage_healed":0,"gold_gain":0,"player_choice":"Removed Attack","damage_taken":0,"max_hp_gain":0,"max_hp_loss":0,"event_name":"Falling","floor":45,"gold_loss":0}],"is_beta":false,"boss_relics":[{"not_picked":["Coffee Dripper","Philosopher\u0027s Stone"],"picked":"Tiny House"},{"not_picked":["Velvet Choker","Fusion Hammer"],"picked":"Black Star"}],"items_purged_floors":[36,47],"is_endless":false,"potions_floor_spawned":[4,12,16,19,24,31,37,46],"killed_by":"4 Shapes","ascension_level":1}