{"path_per_floor":["M","M","M","M","?","E","R","?","T","M","$","E","T","M","R","B",null,"M","M","?","T","?","E","R","E","T","R","?","?","M","E","R"],"character_chosen":"IRONCLAD","items_purchased":["Fire Breathing","Shockwave"],"gold_per_floor":[112,124,140,156,231,257,257,257,257,267,33,64,90,108,108,208,208,218,200,200,226,151,181,181,211,238,238,238,238,252,280,280],"floor_reached":33,"campfire_rested":0,"playtime":4829,"current_hp_per_floor":[80,80,80,64,53,16,16,16,16,17,17,23,23,21,21,11,80,71,65,65,72,72,58,58,32,32,32,32,32,40,35,35],"items_purged":["Defend_R"],"gold":280,"score":338,"play_id":"8513c967-093f-4d54-801b-708513646b7d","is_prod":false,"is_daily":false,"is_ascension_mode":false,"campfire_upgraded":5,"path_taken":["M","?","M","M","?","E","R","?","T","M","?","E","?","M","R","BOSS","M","M","?","?","?","E","R","E","T","R","?","?","M","E","R","BOSS"],"build_version":"2018-02-15-PROD1","purchased_purges":1,"victory":false,"master_deck":["Strike_R","Strike_R","Defend_R","Bash","Anger+1","Shrug It Off","Iron Wave","Flex","Demon Form+1","Shrug It Off","Fire Breathing","Shockwave+1","Double Tap+1","Metallicize","Brutality","Rampage+1","Flex+1","Shrug It Off+1","Seeing Red+1","Armaments","Metallicize","Anger","Rupture","Seeing Red+1","Flame Barrier+1"],"max_hp_per_floor":[80,80,80,80,80,80,80,80,80,80,80,80,80,80,80,80,80,80,80,80,87,87,87,87,87,87,87,87,87,87,87,87],"relics":["Burning Blood","Bag of Preparation","Gambling Chip","Pen Nib","Juzu Bracelet","Astrolabe","Strawberry","Blood Vial","Shuriken","Anchor","Bottled Tornado"],"card_choices":[{"not_picked":["Corruption","Intimidate"],"picked":"Anger"},{"not_picked":["Twin Strike","Feel No Pain"],"picked":"Shrug It Off"},{"not_picked":["Shrug It Off","Twin Strike"],"picked":"Iron Wave"},{"not_picked":["Clash","Sword Boomerang"],"picked":"Flex"},{"not_picked":["Blood for Blood","True Grit"],"picked":"Demon Form"},{"not_picked":["Feel No Pain","Clash"],"picked":"Shrug It Off"},{"not_picked":["Shrug It Off","Clothesline"],"picked":"Double Tap"},{"not_picked":["Blood for Blood","Rage"],"picked":"Metallicize"},{"not_picked":["Dark Embrace","Barricade"],"picked":"Brutality"},{"not_picked":["Flex","Twin Strike"],"picked":"Seeing Red"},{"not_picked":["Clothesline","Seeing Red"],"picked":"Armaments"},{"not_picked":["Warcry","Perfected Strike"],"picked":"Metallicize"},{"not_picked":["Second Wind","Hemokinesis"],"picked":"Anger"},{"not_picked":["Corruption","Disarm"],"picked":"Seeing Red"},{"not_picked":["Inflame","Feel No Pain"],"picked":"Flame Barrier"}],"player_experience":24648,"potions_floor_usage":[10,12,12,23,23,31,31,33],"damage_taken":[{"damage":1,"enemies":"Cultist","floor":1,"turns":3},{"damage":1,"enemies":"Jaw Worm","floor":2,"turns":3},{"damage":3,"enemies":"2 Louse","floor":3,"turns":3},{"damage":22,"enemies":"Gremlin Gang","floor":4,"turns":7},{"damage":43,"enemies":"Gremlin Nob","floor":6,"turns":5},{"damage":5,"enemies":"2 Fungi Beasts","floor":10,"turns":4},{"damage":0,"enemies":"Lagavulin","floor":12,"turns":7},{"damage":8,"enemies":"Red Slaver","floor":14,"turns":3},{"damage":16,"enemies":"Slime Boss","floor":16,"turns":8},{"damage":15,"enemies":"Shell Parasite","floor":18,"turns":6},{"damage":12,"enemies":"2 Thieves","floor":19,"turns":4},{"damage":20,"enemies":"Slavers","floor":23,"turns":5},{"damage":34,"enemies":"Book of Stabbing","floor":25,"turns":8},{"damage":0,"enemies":"Centurion and Healer","floor":30,"turns":6},{"damage":13,"enemies":"Slavers","floor":31,"turns":7},{"damage":39,"enemies":"Automaton","floor":33,"turns":6}],"event_choices":[{"event_name":"World of Goop","player_choice":"Gather Gold","floor":5,"damage_taken":0},{"event_name":"Accursed Blacksmith","player_choice":"Forge","floor":8,"damage_taken":0},{"event_name":"The Woman in Blue","player_choice":"Bought 0 Potions","floor":20,"damage_taken":0},{"event_name":"Beggar","player_choice":"Gave Gold","floor":22,"damage_taken":0},{"event_name":"Back to Basics","player_choice":"Elegance","floor":28,"damage_taken":0},{"event_name":"The Library","player_choice":"Read","floor":29,"damage_taken":0}],"boss_relics":[{"not_picked":["Eternal Feather","Tiny House"],"picked":"Astrolabe"}],"potions_floor_spawned":[3,4,6,14,16,18,19,23,25,31],"seed_played":"4183636374029888941","killed_by":"Automaton","ascension_level":0,"is_trial":false}