{"path_per_floor":["M","M","$","?","M","E","R","E","T","M","M","E","M","E","R","B",null,"M","?","M","M","$","R","E","M","T","E","?","M","M","?","R"],"character_chosen":"THE_SILENT","items_purchased":["Flying Knee","Slice","Strength Potion","Toxic Egg 2","Acrobatics"],"gold_per_floor":[116,135,16,16,34,64,64,92,92,112,124,153,165,199,199,275,275,287,287,297,309,11,11,40,52,103,134,134,146,166,146,146],"floor_reached":33,"campfire_rested":3,"playtime":3858,"current_hp_per_floor":[59,52,52,33,32,30,30,28,28,25,25,25,25,23,44,29,60,50,50,48,38,38,59,58,56,56,25,25,25,20,20,41],"items_purged":[],"gold":146,"score":602,"play_id":"b58c6263-b92e-429f-8125-1f74c82eb20b","is_prod":false,"is_daily":false,"is_ascension_mode":true,"campfire_upgraded":1,"path_taken":["M","M","$","?","M","E","R","E","T","M","M","E","M","E","R","BOSS","M","?","M","M","$","R","E","M","T","E","?","M","?","?","R","BOSS"],"build_version":"2018-02-16-BETA2","purchased_purges":1,"victory":false,"master_deck":["Defend_G","Defend_G","Defend_G","Defend_G","Defend_G","Strike_G","Strike_G","Strike_G","Strike_G","Strike_G+1","Survivor","Neutralize+1","Adrenaline","Caltrops+1","Flying Knee","Slice","Dagger Throw","Blur","Predator","Cloak And Dagger","Terror","Dash","Envenom+1","Adrenaline","Backflip","Acrobatics+1","Leg Sweep+1","Decay","Envenom+1","Leg Sweep+1","Bouncing Flask+1"],"max_hp_per_floor":[63,63,63,63,63,63,63,70,70,70,70,70,70,70,70,70,70,70,70,70,70,70,70,70,70,70,70,70,70,70,70,70],"relics":["Ring of the Snake","Anchor","Strawberry","Calipers","Frozen Egg 2","Ancient Tea Set","Velvet Choker","Toxic Egg 2","Dream Catcher","Bronze Scales","Mummified Hand"],"card_choices":[{"not_picked":["Choke","Slice"],"picked":"Adrenaline"},{"not_picked":["Concentrate","Deadly Poison"],"picked":"Caltrops"},{"not_picked":["Crippling Poison","Choke"],"picked":"Dagger Throw"},{"not_picked":["Sucker Punch","All Out Attack"],"picked":"Blur"},{"not_picked":["Poisoned Stab","Prepared"],"picked":"Predator"},{"not_picked":["Setup","Dagger Throw"],"picked":"Cloak And Dagger"},{"not_picked":["Flying Knee","Masterful Stab"],"picked":"Terror"},{"not_picked":["Sucker Punch","Blade Dance"],"picked":"Dash"},{"not_picked":["Backstab","Catalyst"],"picked":"Envenom"},{"not_picked":["Doppelganger","Die Die Die"],"picked":"Adrenaline"},{"not_picked":["Dagger Spray","Setup"],"picked":"Backflip"},{"not_picked":["Accuracy","Dagger Throw"],"picked":"Leg Sweep"},{"not_picked":["Concentrate","Dodge and Roll"],"picked":"Envenom"},{"not_picked":["Slice","Quick Slash"],"picked":"Leg Sweep"},{"not_picked":["Flying Knee","Escape Plan"],"picked":"Bouncing Flask"}],"player_experience":724787,"potions_floor_usage":[6,6,11,12,24,25,30,33,33],"damage_taken":[{"damage":0,"enemies":"Jaw Worm","floor":1,"turns":6},{"damage":7,"enemies":"Small Slimes","floor":2,"turns":4},{"damage":1,"enemies":"2 Louse","floor":5,"turns":2},{"damage":2,"enemies":"Lagavulin","floor":6,"turns":7},{"damage":9,"enemies":"3 Sentries","floor":8,"turns":8},{"damage":3,"enemies":"Looter","floor":10,"turns":3},{"damage":0,"enemies":"Large Slime","floor":11,"turns":5},{"damage":0,"enemies":"Gremlin Nob","floor":12,"turns":4},{"damage":0,"enemies":"Blue Slaver","floor":13,"turns":3},{"damage":2,"enemies":"3 Sentries","floor":14,"turns":7},{"damage":15,"enemies":"Hexaghost","floor":16,"turns":8},{"damage":10,"enemies":"2 Thieves","floor":18,"turns":4},{"damage":2,"enemies":"3 Byrds","floor":20,"turns":2},{"damage":10,"enemies":"Snake Plant","floor":21,"turns":4},{"damage":1,"enemies":"Slavers","floor":24,"turns":6},{"damage":2,"enemies":"3 Cultists","floor":25,"turns":5},{"damage":31,"enemies":"Gremlin Leader","floor":27,"turns":7},{"damage":0,"enemies":"Snecko","floor":29,"turns":4},{"damage":5,"enemies":"Chosen and Byrds","floor":30,"turns":5},{"damage":41,"enemies":"Collector","floor":33,"turns":6}],"event_choices":[{"event_name":"Shining Light","player_choice":"Entered Light","floor":4,"damage_taken":0},{"event_name":"Drug Dealer","player_choice":"Ignored","floor":19,"damage_taken":0},{"event_name":"Forgotten Altar","player_choice":"Smashed Altar","floor":28,"damage_taken":0},{"event_name":"The Woman in Blue","player_choice":"Bought 1 Potion","floor":31,"damage_taken":0}],"boss_relics":[{"not_picked":["Tiny House","Snecko Eye"],"picked":"Velvet Choker"}],"potions_floor_spawned":[1,8,11,13,16,21,27,29],"seed_played":"-421952504988038953","killed_by":"Collector","ascension_level":15,"is_trial":false}