{"path_per_floor":["M","M","M","$","M","E","?","R","T","R","E","?","M","M","R","B",null,"M","M","?"],"character_chosen":"DEFECT","items_purchased":["Fire Potion"],"gold_per_floor":[110,121,131,7,22,57,132,132,156,156,187,187,198,214,214,288,288,298,314,314,314],"floor_reached":21,"campfire_rested":2,"playtime":1104,"item_purchase_floors":[4],"current_hp_per_floor":[64,62,62,62,60,38,27,27,27,48,30,30,29,16,37,33,62,43,31,31,0],"items_purged":["Strike_B"],"gold":314,"score":359,"play_id":"491395d1-d81d-4d1b-9561-db5aafa39d74","local_time":"20180604011348","is_prod":false,"is_daily":false,"chose_seed":false,"is_ascension_mode":true,"campfire_upgraded":1,"win_rate":0,"timestamp":1528100028,"campfire_choices":[{"data":"Chaos","floor":8,"key":"SMITH"},{"floor":10,"key":"REST"},{"floor":15,"key":"REST"}],"path_taken":["M","?","M","$","M","E","?","R","T","R","E","?","?","?","R","BOSS","M","?","?","?"],"build_version":"2018-05-30v2","seed_source_timestamp":558227344826890,"purchased_purges":1,"victory":false,"master_deck":["Defend_B","Defend_B","Defend_B","Defend_B","Zap","Dualcast","AscendersBane","Go for the Eyes","Chaos+1","Barrage","Auto Shields","Beam Cell","Capacitor","Echo Form","Force Field","Ball Lightning+1","Bite","Bite","Bite","Bite","Bite"],"max_hp_per_floor":[71,71,71,71,71,71,71,71,71,71,71,71,71,71,71,71,71,71,71,71,71],"relics":["Cracked Core","Whetstone","Vajra","DataDisk","Cursed Key"],"card_choices":[{"not_picked":["Turbo","Consume"],"picked":"Go for the Eyes","floor":1},{"not_picked":["Heatsinks","Fusion"],"picked":"Chaos","floor":2},{"not_picked":["Blizzard","Storm","Rebound"],"picked":"SKIP","floor":3},{"not_picked":["Redo","Sweeping Beam"],"picked":"Barrage","floor":5},{"not_picked":["Beam Cell","Sunder","Storm"],"picked":"SKIP","floor":6},{"not_picked":["Go for the Eyes","Coolheaded"],"picked":"Auto Shields","floor":11},{"not_picked":["Blizzard","Fusion"],"picked":"Beam Cell","floor":13},{"not_picked":["Steam","Force Field"],"picked":"Capacitor","floor":14},{"not_picked":["Fission","Seek"],"picked":"Echo Form","floor":16},{"not_picked":["Fusion","Turbo"],"picked":"Force Field","floor":18},{"not_picked":["Sweeping Beam","Beam Cell"],"picked":"Ball Lightning+1","floor":19}],"player_experience":1770716,"potions_floor_usage":[6,11,19,19,21],"damage_taken":[{"damage":0,"enemies":"Cultist","floor":1,"turns":3},{"damage":2,"enemies":"Jaw Worm","floor":2,"turns":3},{"damage":0,"enemies":"Small Slimes","floor":3,"turns":2},{"damage":2,"enemies":"2 Fungi Beasts","floor":5,"turns":4},{"damage":22,"enemies":"3 Sentries","floor":6,"turns":6},{"damage":20,"enemies":"Lagavulin","floor":11,"turns":6},{"damage":3,"enemies":"Looter","floor":13,"turns":2},{"damage":15,"enemies":"3 Louse","floor":14,"turns":3},{"damage":6,"enemies":"Slime Boss","floor":16,"turns":7},{"damage":21,"enemies":"Shell Parasite","floor":18,"turns":5},{"damage":14,"enemies":"Spheric Guardian","floor":19,"turns":5},{"damage":39,"enemies":"Masked Bandits","floor":21,"turns":3}],"relics_obtained":[{"floor":6,"key":"Blood Vial"},{"floor":9,"key":"Vajra"},{"floor":11,"key":"DataDisk"}],"event_choices":[{"event_name":"World of Goop","player_choice":"Gather Gold","floor":7,"damage_taken":0},{"event_name":"Shining Light","player_choice":"Ignored","floor":12,"damage_taken":0},{"event_name":"Vampires","player_choice":"Became a vampire (Vial)","floor":20,"damage_taken":0},{"event_name":"Masked Bandits","player_choice":"Fought over 314 gold","floor":21,"damage_taken":0}],"boss_relics":[{"not_picked":["Eternal Feather","Nuclear Battery"],"picked":"Cursed Key"}],"items_purged_floors":[4],"potions_floor_spawned":[3,5,6,16,18],"seed_played":"-4886892800391980536","killed_by":"Masked Bandits","ascension_level":15,"potions_obtained":[{"floor":3,"key":"Explosive Potion"},{"floor":5,"key":"Energy Potion"},{"floor":6,"key":"Strength Potion"},{"floor":16,"key":"Fire Potion"}],"is_trial":false}