{"path_per_floor":["M","M","?","?","$","R","E","R","T","E","?","R","M","M","R","B",null,"M","M","?","M","$","?","E","M","T","R","?","E","?","M","R","B",null,"M","T","$","?","M","E","M","?","T","E","$","R","M","E","R","B"],"character_chosen":"THE_SILENT","items_purchased":["Infinite Blades","After Image","Backflip","Blur","Gremlin Horn","Cloak And Dagger"],"gold_per_floor":[109,122,122,122,8,8,39,39,39,65,65,65,78,97,97,200,200,210,226,226,246,26,26,86,102,126,126,126,161,188,203,203,305,305,325,348,149,371,386,420,433,433,486,511,60,60,80,115,115,115],"floor_reached":51,"campfire_rested":4,"playtime":6550,"current_hp_per_floor":[61,58,58,58,58,58,31,51,51,13,13,33,33,33,33,29,58,53,48,48,30,30,30,11,11,11,33,57,57,39,39,39,35,64,64,64,64,64,63,63,53,53,55,57,57,57,58,62,86,83],"items_purged":["Strike_G","Strike_G","Injury","Regret"],"gold":115,"score":1060,"play_id":"824567fe-86f2-4289-8b49-f7fd9480a47c","is_prod":false,"is_daily":false,"is_ascension_mode":true,"campfire_upgraded":4,"path_taken":["M","M","?","?","$","R","E","R","T","E","?","R","M","M","R","BOSS","M","M","?","M","$","?","E","M","T","R","?","E","?","M","R","BOSS","M","?","$","?","M","E","M","?","T","E","$","R","M","E","R","BOSS"],"build_version":"2018-02-06-BETA1","purchased_purges":4,"victory":true,"master_deck":["Defend_G","Defend_G","Defend_G","Defend_G","Defend_G","Strike_G","Strike_G","Survivor+1","Neutralize+1","Slice+1","Acrobatics","Infinite Blades","Blur+1","Well Laid Plans","Finisher","After Image","Infinite Blades","After Image","Backflip","Prepared","Cloak And Dagger+1","Cloak And Dagger+1","Cloak And Dagger","After Image","Escape Plan","Backflip+1","Blur","Prepared+1","Cloak And Dagger","Outmaneuver"],"max_hp_per_floor":[70,70,70,67,67,67,67,67,67,67,67,67,67,67,67,67,67,67,67,67,67,67,67,74,74,74,74,74,74,74,74,74,74,74,74,74,74,74,76,76,78,78,80,82,82,82,84,86,86,86],"relics":["Ring of the Snake","Juzu Bracelet","Pen Nib","Shuriken","Black Star","Bronze Scales","Strawberry","Tiny Chest","Bag of Preparation","Vajra","Prayer Wheel","Red Mask","Cursed Key","Singing Bowl","Dream Catcher","Blood Vial","Happy Flower","Ninja Scroll","Bottled Tornado","Gremlin Horn","Peace Pipe"],"card_choices":[{"not_picked":["Choke","Sucker Punch"],"picked":"Slice"},{"not_picked":["Masterful Stab","Endless Agony"],"picked":"Acrobatics"},{"not_picked":["Distraction","Slice"],"picked":"Blur"},{"not_picked":["Deadly Poison","Reflex"],"picked":"Well Laid Plans"},{"not_picked":["Bane","Flying Knee"],"picked":"Finisher"},{"not_picked":["Tactician","A Thousand Cuts"],"picked":"After Image"},{"not_picked":["Cloak And Dagger","Blade Dance"],"picked":"Infinite Blades"},{"not_picked":["Backstab","Choke"],"picked":"Prepared"},{"not_picked":["Flechettes","Acrobatics"],"picked":"Cloak And Dagger"},{"not_picked":["Night Terror","Deflect"],"picked":"Cloak And Dagger"},{"not_picked":["Skewer","Dagger Throw"],"picked":"Cloak And Dagger"},{"not_picked":["Bullet Time","Burst"],"picked":"After Image"},{"not_picked":["Dagger Spray","Slice"],"picked":"Escape Plan"},{"not_picked":["PiercingWail","Dodge and Roll"],"picked":"Backflip"},{"not_picked":["Blur","Corpse Explosion"],"picked":"Prepared"},{"not_picked":["Acrobatics","Dodge and Roll"],"picked":"Outmaneuver"}],"player_experience":695902,"potions_floor_usage":[10,14,19,24,29,44,50,50,50],"damage_taken":[{"damage":2,"enemies":"Small Slimes","floor":1,"turns":7},{"damage":3,"enemies":"Blue Slaver","floor":2,"turns":6},{"damage":27,"enemies":"3 Sentries","floor":7,"turns":10},{"damage":38,"enemies":"Lagavulin","floor":10,"turns":10},{"damage":0,"enemies":"Jaw Worm","floor":13,"turns":3},{"damage":0,"enemies":"3 Louse","floor":14,"turns":1},{"damage":4,"enemies":"Slime Boss","floor":16,"turns":7},{"damage":5,"enemies":"Shell Parasite","floor":18,"turns":6},{"damage":5,"enemies":"Chosen","floor":19,"turns":5},{"damage":18,"enemies":"Snake Plant","floor":21,"turns":8},{"damage":26,"enemies":"Slavers","floor":24,"turns":8},{"damage":0,"enemies":"Chosen and Byrds","floor":25,"turns":7},{"damage":0,"enemies":"Gremlin Leader","floor":29,"turns":8},{"damage":18,"enemies":"Masked Bandits","floor":30,"turns":4},{"damage":0,"enemies":"Snecko","floor":31,"turns":7},{"damage":4,"enemies":"Champ","floor":33,"turns":11},{"damage":0,"enemies":"3 Shapes","floor":35,"turns":4},{"damage":3,"enemies":"Flame Bruiser 1 Orb","floor":39,"turns":6},{"damage":0,"enemies":"Nemesis","floor":40,"turns":10},{"damage":14,"enemies":"4 Shapes","floor":41,"turns":9},{"damage":2,"enemies":"2 Orb Walkers","floor":44,"turns":4},{"damage":3,"enemies":"3 Darklings","floor":47,"turns":5},{"damage":0,"enemies":"Nemesis","floor":48,"turns":10},{"damage":14,"enemies":"Awakened One","floor":50,"turns":9}],"event_choices":[{"event_name":"Accursed Blacksmith","player_choice":"Forge","floor":3,"damage_taken":0},{"event_name":"Living Wall","player_choice":"Forget","floor":4,"damage_taken":0},{"event_name":"Liars Game","player_choice":"disagreed","floor":11,"damage_taken":0},{"event_name":"Cursed Tome","player_choice":"Ignored","floor":20,"damage_taken":0},{"event_name":"The Mausoleum","player_choice":"Yes","floor":23,"damage_taken":0},{"event_name":"The Library","player_choice":"Heal","floor":28,"damage_taken":0},{"event_name":"Tomb of Lord Red Mask","player_choice":"Wore Mask","floor":38,"damage_taken":0}],"boss_relics":[{"not_picked":["Calling Bell","The Specimen"],"picked":"Black Star"},{"not_picked":["Runic Pyramid","Pandora\u0027s Box"],"picked":"Cursed Key"}],"potions_floor_spawned":[7,10,13,18,24,30,35,41,48],"seed_played":"-7906595542396441302","ascension_level":10,"is_trial":false}