{"path_per_floor":["M","M","?","M","$","R","E","R","T","M","M","M","M","E","R","B",null,"M","M","$","M","M","R","M","?","T","M","M","M","?","M","R","B",null,"M","?","?","M","M","E","M","$","T","E","M","R","E","?","R","B"],"character_chosen":"THE_SILENT","items_purchased":["Infinite Blades","Noxious Fumes","Well Laid Plans","Malaise"],"gold_per_floor":[111,125,125,143,33,33,59,59,59,75,93,107,126,155,155,252,252,267,280,105,118,136,136,148,148,148,158,174,184,184,203,203,299,299,312,312,312,331,341,372,386,108,108,137,149,149,181,141,141,141],"floor_reached":51,"campfire_rested":1,"playtime":7633,"current_hp_per_floor":[59,59,52,52,52,52,24,44,44,44,44,44,44,28,28,22,56,60,64,64,67,59,59,43,43,43,49,54,49,49,48,48,31,58,66,66,66,67,67,67,56,56,56,67,59,59,67,67,67,64],"items_purged":["Parasite","Strike_G","Strike_G"],"gold":141,"play_id":"c60f5355-598f-448e-87f6-788e513dcb22","is_prod":false,"is_daily":false,"is_ascension_mode":true,"campfire_upgraded":6,"path_taken":["M","M","?","M","$","R","E","R","T","M","M","M","M","E","R","BOSS","M","M","$","M","M","R","M","?","T","M","M","M","?","M","R","BOSS","M","?","?","M","M","E","M","$","T","E","M","R","E","?","R","BOSS"],"build_version":"2018-02-01-PROD3","purchased_purges":3,"victory":true,"master_deck":["Defend_G","Defend_G","Defend_G","Defend_G","Defend_G","Survivor","Neutralize+1","Glass Knife","Acrobatics+1","Infinite Blades","Backstab","Prepared+1","Accuracy+1","Cloak And Dagger","Blur","Adrenaline","Acrobatics+1","Noxious Fumes+1","Adrenaline","PiercingWail+1","Acrobatics+1","Envenom","Outmaneuver+1","Prepared+1","Wraith Form","Backflip","Well Laid Plans+1","Malaise","Clumsy","Malaise+1","Infinite Blades+1"],"max_hp_per_floor":[70,70,70,70,67,67,67,67,67,67,67,67,67,67,67,67,67,67,67,67,67,67,67,67,67,67,67,67,67,67,67,67,67,67,67,67,67,67,67,67,67,67,67,67,67,67,67,67,67,67],"relics":["Ring of the Snake","Anchor","Tough Bandages","Calipers","Bird Faced Urn","Cursed Key","Runic Dome","Thread and Needle","Art of War","Molten Egg 2","Smiling Mask"],"card_choices":[{"not_picked":["Dodge and Roll","Dagger Throw"],"picked":"Glass Knife"},{"not_picked":["Quick Slash","Slice"],"picked":"Acrobatics"},{"not_picked":["Doppelganger","Quick Slash"],"picked":"Backstab"},{"not_picked":["Deflect","Catalyst"],"picked":"Prepared"},{"not_picked":["Dodge and Roll","Predator"],"picked":"Accuracy"},{"not_picked":["Blade Dance","Distraction"],"picked":"Cloak And Dagger"},{"not_picked":["Slice","Flying Knee"],"picked":"Blur"},{"not_picked":["Corpse Explosion","Die Die Die"],"picked":"Adrenaline"},{"not_picked":["Dagger Spray","Terror"],"picked":"Acrobatics"},{"not_picked":["Backflip","PiercingWail"],"picked":"Adrenaline"},{"not_picked":["Riddle With Holes","Dagger Spray"],"picked":"PiercingWail"},{"not_picked":["A Thousand Cuts","Footwork"],"picked":"Acrobatics"},{"not_picked":["Storm of Steel","Wraith Form"],"picked":"Envenom"},{"not_picked":["Poisoned Stab","Dodge and Roll"],"picked":"Outmaneuver"},{"not_picked":["Slice","Dagger Spray"],"picked":"Prepared"},{"not_picked":["Predator","Dagger Spray"],"picked":"Wraith Form"},{"not_picked":["Concentrate","PiercingWail"],"picked":"Backflip"},{"not_picked":["Dagger Throw","Quick Slash"],"picked":"Malaise"},{"not_picked":["Deadly Poison","Dagger Spray"],"picked":"Infinite Blades"}],"player_experience":561741,"potions_floor_usage":[7,16,16,22,40,50,50,50],"damage_taken":[{"damage":4,"enemies":"Jaw Worm","floor":1,"turns":5},{"damage":0,"enemies":"2 Louse","floor":2,"turns":3},{"damage":0,"enemies":"Small Slimes","floor":4,"turns":3},{"damage":28,"enemies":"Lagavulin","floor":7,"turns":10},{"damage":0,"enemies":"Exordium Wildlife","floor":10,"turns":3},{"damage":0,"enemies":"Exordium Thugs","floor":11,"turns":8},{"damage":0,"enemies":"Looter","floor":12,"turns":2},{"damage":0,"enemies":"3 Louse","floor":13,"turns":3},{"damage":16,"enemies":"Gremlin Nob","floor":14,"turns":4},{"damage":25,"enemies":"Hexaghost","floor":16,"turns":12},{"damage":0,"enemies":"3 Byrds","floor":18,"turns":5},{"damage":0,"enemies":"Chosen","floor":19,"turns":4},{"damage":0,"enemies":"Snake Plant","floor":21,"turns":6},{"damage":8,"enemies":"Cultist and Chosen","floor":22,"turns":7},{"damage":22,"enemies":"Snecko","floor":24,"turns":6},{"damage":0,"enemies":"Snake Plant","floor":27,"turns":5},{"damage":1,"enemies":"Cultist and Chosen","floor":28,"turns":6},{"damage":11,"enemies":"Sentry and Sphere","floor":29,"turns":7},{"damage":7,"enemies":"Snecko","floor":31,"turns":6},{"damage":23,"enemies":"Automaton","floor":33,"turns":13},{"damage":0,"enemies":"3 Darklings","floor":35,"turns":7},{"damage":0,"enemies":"Orb Walker","floor":38,"turns":4},{"damage":0,"enemies":"Maw","floor":39,"turns":9},{"damage":0,"enemies":"Giant Head","floor":40,"turns":9},{"damage":11,"enemies":"4 Shapes","floor":41,"turns":6},{"damage":0,"enemies":"Nemesis","floor":44,"turns":7},{"damage":8,"enemies":"Sphere and 2 Shapes","floor":45,"turns":6},{"damage":0,"enemies":"Giant Head","floor":47,"turns":7},{"damage":9,"enemies":"Donu and Deca","floor":50,"turns":8}],"event_choices":[{"event_name":"Golden Wing","player_choice":"Card Removal","floor":3,"damage_taken":0},{"event_name":"N\u0027loth","player_choice":"Ignored","floor":25,"damage_taken":0},{"event_name":"Back to Basics","player_choice":"Elegance","floor":30,"damage_taken":0},{"event_name":"Bonfire Elementals","player_choice":"BASIC","floor":36,"damage_taken":0},{"event_name":"Accursed Blacksmith","player_choice":"Forge","floor":37,"damage_taken":0},{"event_name":"The Woman in Blue","player_choice":"Bought 3 Potions","floor":48,"damage_taken":0}],"boss_relics":[{"not_picked":["White Beast Statue","Calling Bell"],"picked":"Cursed Key"},{"not_picked":["Orrery","Lizard Tail"],"picked":"Runic Dome"}],"potions_floor_spawned":[4,10,11,13,14,18,28,29,31,38,39,40,45],"seed_played":"-2988196809584190554","ascension_level":10,"is_trial":false}