{"path_per_floor":["M","M","$","?","M","R","?","R","T","E","M","M","?","?","R","B",null,"M","M","$","M","?","R","T","$","T","E"],"character_chosen":"THE_SILENT","items_purchased":["Deadly Poison","Noxious Fumes","Poison Potion","PiercingWail","Strength Potion"],"gold_per_floor":[110,128,2,2,19,19,19,19,19,44,56,66,127,127,127,224,254,267,286,40,60,60,60,60,12,12,38],"floor_reached":28,"campfire_rested":3,"playtime":2832,"current_hp_per_floor":[56,49,49,49,49,49,42,64,64,41,41,39,20,8,30,9,63,29,17,17,8,8,31,31,31,31,12],"items_purged":["Parasite","Strike_G"],"gold":38,"play_id":"4938b632-911d-4153-a243-73f050f3ec37","is_prod":false,"is_daily":false,"is_ascension_mode":true,"campfire_upgraded":1,"path_taken":["M","M","$","?","M","R","?","R","T","E","M","M","?","?","R","BOSS","M","?","$","M","?","R","?","?","T","E","?"],"build_version":"2018-02-01-PROD3","purchased_purges":2,"victory":false,"master_deck":["Defend_G","Defend_G","Defend_G+1","Defend_G","Defend_G+1","Strike_G","Strike_G","Strike_G","Survivor","Neutralize+1","Well Laid Plans","Dagger Throw","Deadly Poison+1","Well Laid Plans","Flying Knee","Envenom","Cloak And Dagger","Adrenaline","Prepared+1","Noxious Fumes","PiercingWail","Backflip"],"max_hp_per_floor":[77,77,74,74,74,74,74,74,74,74,74,74,74,74,74,74,79,79,79,79,79,79,79,79,79,79,79],"relics":["Ring of the Snake","Peace Pipe","Gambling Chip","Matryoshka","Art of War","Tiny House","Happy Flower","Frozen Eye","Bronze Scales","Bird Faced Urn","War Paint"],"card_choices":[{"not_picked":["Prepared","Slice"],"picked":"Well Laid Plans"},{"not_picked":["Setup","Dodge and Roll"],"picked":"Dagger Throw"},{"not_picked":["Eviscerate","Flechettes"],"picked":"Well Laid Plans"},{"not_picked":["Endless Agony","Masterful Stab"],"picked":"Flying Knee"},{"not_picked":["Slice","Setup"],"picked":"Envenom"},{"not_picked":["Sucker Punch","Finisher"],"picked":"Cloak And Dagger"},{"not_picked":["Corpse Explosion","Phantasmal Killer"],"picked":"Adrenaline"},{"not_picked":["Flying Knee","Bouncing Flask"],"picked":"Prepared"},{"not_picked":["Dagger Spray","Calculated Gamble"],"picked":"Backflip"}],"player_experience":594838,"potions_floor_usage":[12,13,18,27,27],"damage_taken":[{"damage":14,"enemies":"Jaw Worm","floor":1,"turns":6},{"damage":7,"enemies":"Blue Slaver","floor":2,"turns":6},{"damage":0,"enemies":"2 Louse","floor":5,"turns":2},{"damage":23,"enemies":"Lagavulin","floor":10,"turns":9},{"damage":0,"enemies":"2 Fungi Beasts","floor":11,"turns":3},{"damage":2,"enemies":"3 Louse","floor":12,"turns":3},{"damage":19,"enemies":"Lagavulin Event","floor":13,"turns":5},{"damage":21,"enemies":"Hexaghost","floor":16,"turns":9},{"damage":34,"enemies":"2 Thieves","floor":18,"turns":4},{"damage":12,"enemies":"Chosen","floor":19,"turns":5},{"damage":9,"enemies":"Snake Plant","floor":21,"turns":5},{"damage":27,"enemies":"Gremlin Leader","floor":27,"turns":6},{"damage":38,"enemies":"Chosen and Byrds","floor":28,"turns":5}],"event_choices":[{"event_name":"Upgrade Shrine","player_choice":"Upgraded","floor":4,"damage_taken":0},{"event_name":"Golden Wing","player_choice":"Card Removal","floor":7,"damage_taken":0},{"event_name":"Dead Adventurer","player_choice":"Searched \u00273\u0027 times","floor":13,"damage_taken":0},{"event_name":"Scrap Ooze","player_choice":"success","floor":14,"damage_taken":12},{"event_name":"Cursed Tome","player_choice":"Ignored","floor":22,"damage_taken":0}],"boss_relics":[{"not_picked":["Velvet Choker","White Beast Statue"],"picked":"Tiny House"}],"potions_floor_spawned":[11,12],"seed_played":"5683979610457753450","killed_by":"Chosen and Byrds","ascension_level":10,"is_trial":false}