{"path_per_floor":["M","M","M","?","$","R","M","E","T","R","M","?","M","M","R","B",null,"M","?","?","T","$","R","M","R","T","M","?","R","M","E","R"],"character_chosen":"THE_SILENT","items_purchased":["Acrobatics","Reflex"],"gold_per_floor":[16,36,55,55,10,10,24,57,57,57,70,70,90,104,104,207,207,223,223,223,223,73,73,93,93,93,108,108,108,127,156,156],"floor_reached":33,"campfire_rested":1,"playtime":3289,"current_hp_per_floor":[61,61,55,60,60,60,44,17,17,39,39,24,21,21,21,13,60,43,43,34,34,34,34,34,34,34,10,10,10,22,34,34],"items_purged":["Parasite"],"gold":156,"play_id":"8a484508-1cd8-48d3-b808-3d388c26fc05","is_prod":false,"is_daily":false,"is_ascension_mode":true,"campfire_upgraded":5,"path_taken":["M","M","M","?","$","R","M","E","T","R","?","?","M","M","R","BOSS","M","?","?","?","$","R","M","R","T","M","?","R","M","E","R","BOSS"],"build_version":"2018-02-01-PROD3","purchased_purges":1,"victory":false,"master_deck":["Defend_G+1","Defend_G+1","Defend_G+1","Defend_G+1","Defend_G+1","Survivor","Neutralize+1","Acrobatics+1","Heel Hook+1","Acrobatics","Prepared","Prepared+1","Infinite Blades","Calculated Gamble+1","Storm of Steel+1","Reflex+1","Bite","Bite","Bite","Bite","Bite"],"max_hp_per_floor":[70,70,70,75,75,75,75,75,75,75,75,75,75,75,75,75,75,75,75,80,80,77,77,77,77,77,77,53,53,53,53,53],"relics":["Ring of the Snake","Du-Vu Doll","Tingsha","Dodecahedron","Sozu","Shovel","Gambling Chip","Regal Pillow","Omamori"],"card_choices":[{"not_picked":["Leg Sweep","Skewer"],"picked":"Acrobatics"},{"not_picked":["Deadly Poison","Catalyst"],"picked":"Heel Hook"},{"not_picked":["Quick Slash","Sucker Punch"],"picked":"Prepared"},{"not_picked":["Flying Knee","Dodge and Roll"],"picked":"Prepared"},{"not_picked":["Well Laid Plans","Dagger Throw"],"picked":"Infinite Blades"},{"not_picked":["Leg Sweep","Catalyst"],"picked":"Calculated Gamble"},{"not_picked":["Doppelganger","A Thousand Cuts"],"picked":"Storm of Steel"}],"player_experience":583102,"potions_floor_usage":[8,14,16],"damage_taken":[{"damage":2,"enemies":"2 Louse","floor":1,"turns":3},{"damage":0,"enemies":"Jaw Worm","floor":2,"turns":4},{"damage":6,"enemies":"Blue Slaver","floor":3,"turns":5},{"damage":16,"enemies":"Gremlin Gang","floor":7,"turns":11},{"damage":27,"enemies":"Lagavulin","floor":8,"turns":7},{"damage":0,"enemies":"3 Louse","floor":11,"turns":3},{"damage":3,"enemies":"Looter","floor":13,"turns":2},{"damage":0,"enemies":"Gremlin Gang","floor":14,"turns":4},{"damage":23,"enemies":"The Guardian","floor":16,"turns":12},{"damage":17,"enemies":"2 Thieves","floor":18,"turns":3},{"damage":0,"enemies":"Shell Parasite","floor":24,"turns":1},{"damage":24,"enemies":"Snake Plant","floor":27,"turns":2},{"damage":0,"enemies":"Snecko","floor":30,"turns":3},{"damage":0,"enemies":"Gremlin Leader","floor":31,"turns":5},{"damage":69,"enemies":"Collector","floor":33,"turns":7}],"event_choices":[{"event_name":"Big Fish","player_choice":"Donut","floor":4,"damage_taken":0},{"event_name":"Shining Light","player_choice":"Entered Light","floor":12,"damage_taken":0},{"event_name":"Back to Basics","player_choice":"Simplicity","floor":19,"damage_taken":0},{"event_name":"Forgotten Altar","player_choice":"Shed Blood","floor":20,"damage_taken":0},{"event_name":"Vampires","player_choice":"Became a vampire","floor":28,"damage_taken":0}],"boss_relics":[{"not_picked":["Cursed Key","The Specimen"],"picked":"Sozu"}],"potions_floor_spawned":[3,7,13,14,27,30,31],"seed_played":"-9162696562975509271","killed_by":"Collector","ascension_level":10,"is_trial":false}