{"path_per_floor":["M","?","M","M","?","E","R","E","T","M","R","M","$","M","R","B",null,"M","M","?","$","?","M","E","R","T","E","R","E","R","?","R","B",null,"M","M","$","?","M","R","E","$","T","?","E","R","M","M","R","B"],"character_chosen":"DEFECT","items_purchased":["Strength Potion","Deep Breath","Cold Snap","Glacier","AttackPotion","Capacitor","Scrape","Flash of Steel"],"gold_per_floor":[110,110,130,146,71,105,105,131,200,217,217,236,70,84,84,160,160,174,190,219,15,15,29,54,54,54,89,89,121,121,121,121,195,195,206,223,102,102,112,112,142,51,51,104,130,130,148,161,161,161],"floor_reached":51,"campfire_rested":6,"playtime":5704,"current_hp_per_floor":[56,49,49,49,49,5,26,11,11,5,26,26,26,26,26,24,59,52,52,52,52,31,31,36,36,36,31,31,31,52,52,71,51,66,66,66,66,56,52,52,44,44,44,35,16,37,53,36,57,35],"items_purged":["Defend_B"],"gold":161,"score":1359,"play_id":"cf57e1e5-4d02-493c-9dcc-60b48a8847ad","local_time":"20180512145514","is_prod":false,"is_daily":false,"chose_seed":false,"is_ascension_mode":true,"campfire_upgraded":4,"timestamp":1526162114,"path_taken":["M","?","M","M","?","E","R","E","T","M","R","?","$","M","R","BOSS","M","M","?","$","?","?","E","R","T","E","R","E","R","?","R","BOSS","M","M","$","?","?","R","E","$","T","?","E","R","?","M","R","BOSS"],"build_version":"2018-05-12v2","seed_source_timestamp":1818349602156051,"purchased_purges":3,"victory":true,"master_deck":["Defend_B","Zap+1","Dualcast","AscendersBane","Fusion","Steam","Scrape","Glacier","Reprogram","FTL+1","Go for the Eyes","Skim","Deep Breath+1","Cold Snap+1","Skim","Seek","Coolheaded+1","Chaos+1","Sunder+1","Scrape","Turbo","Hologram+1","Glacier","Necronomicurse","Skim+1","FTL","Echo Form+1","Reinforced Body+1","Steam+1","Capacitor+1","Scrape","Finesse","Secret Technique+1","Magnetism+1","Capacitor+1","Skim","Flash of Steel","Sunder+1","Echo Form+1","Capacitor+1"],"max_hp_per_floor":[71,71,71,71,71,71,71,71,71,71,71,71,71,71,71,71,71,71,71,71,71,71,71,71,71,71,71,71,71,71,71,71,71,71,71,71,71,71,71,71,71,71,71,71,71,71,71,73,73,73],"relics":["Cracked Core","Thread and Needle","Oddly Smooth Stone","Shuriken","Red Mask","Necronomicon","Frozen Egg 2","Matryoshka","Art of War","Ginger","Nloth\u0027s Gift","Sozu","Ancient Tea Set","Bronze Scales","Singing Bowl","Shovel","Whetstone"],"card_choices":[{"not_picked":["Melter","Leap"],"picked":"Steam","floor":1},{"not_picked":["Sweeping Beam","Storm"],"picked":"Scrape","floor":3},{"not_picked":["Sweeping Beam","Hello World"],"picked":"Glacier","floor":4},{"not_picked":["Hello World","Conserve Battery"],"picked":"Reprogram","floor":6},{"not_picked":["Leap","Capacitor"],"picked":"FTL","floor":8},{"not_picked":["Capacitor","Stack"],"picked":"Go for the Eyes","floor":10},{"not_picked":["Genetic Algorithm","Go for the Eyes"],"picked":"Skim","floor":12},{"not_picked":["Hologram","Force Field"],"picked":"Skim","floor":14},{"not_picked":["Biased Cognition","Rainbow"],"picked":"Seek","floor":16},{"not_picked":["Sweeping Beam","Barrage"],"picked":"Scrape","floor":18},{"not_picked":["Rebound","Ball Lightning"],"picked":"Turbo","floor":19},{"not_picked":["Capacitor+1","Reinforced Body+1"],"picked":"Hologram","floor":20},{"not_picked":["Go for the Eyes","Rebound","Buffer"],"picked":"SKIP","floor":23},{"not_picked":["Rebound","Coolheaded","Hello World"],"picked":"SKIP","floor":24},{"not_picked":["Hologram","Streamline+1"],"picked":"Skim+1","floor":27},{"not_picked":["Barrage","Chill"],"picked":"FTL","floor":29},{"not_picked":["Meteor Strike","Buffer+1"],"picked":"Echo Form+1","floor":33},{"not_picked":["Axe Kick","Rebound"],"picked":"Reinforced Body+1","floor":35},{"not_picked":["Lockon","Beam Cell"],"picked":"Steam+1","floor":36},{"not_picked":["Master of Strategy","Thinking Ahead"],"picked":"Finesse","floor":38},{"not_picked":["Trip","Madness"],"picked":"Secret Technique","floor":38},{"not_picked":["Enlightenment","Purity"],"picked":"Magnetism","floor":38},{"not_picked":["Rebound","Loop+1"],"picked":"Capacitor+1","floor":39},{"not_picked":["Beam Cell","Turbo"],"picked":"Skim","floor":41},{"not_picked":["Capacitor+1","Go for the Eyes"],"picked":"Sunder+1","floor":44},{"not_picked":["Recycle","Reboot"],"picked":"Echo Form+1","floor":45},{"not_picked":["Ball Lightning","Rebound"],"picked":"Capacitor+1","floor":47},{"not_picked":["Beam Cell","Cold Snap","Sweeping Beam"],"picked":"Singing Bowl","floor":48}],"player_experience":1433023,"potions_floor_usage":[6,6,16,20,24,27,29,50,50],"damage_taken":[{"damage":8,"enemies":"Jaw Worm","floor":1,"turns":4},{"damage":0,"enemies":"2 Louse","floor":3,"turns":5},{"damage":0,"enemies":"Cultist","floor":4,"turns":4},{"damage":56,"enemies":"Gremlin Nob","floor":6,"turns":7},{"damage":15,"enemies":"Lagavulin","floor":8,"turns":12},{"damage":6,"enemies":"Large Slime","floor":10,"turns":8},{"damage":0,"enemies":"Exordium Wildlife","floor":12,"turns":4},{"damage":0,"enemies":"Looter","floor":14,"turns":3},{"damage":2,"enemies":"Hexaghost","floor":16,"turns":8},{"damage":7,"enemies":"Spheric Guardian","floor":18,"turns":4},{"damage":0,"enemies":"Shell Parasite","floor":19,"turns":4},{"damage":0,"enemies":"Masked Bandits","floor":20,"turns":3},{"damage":0,"enemies":"3 Cultists","floor":23,"turns":4},{"damage":7,"enemies":"Slavers","floor":24,"turns":5},{"damage":5,"enemies":"Book of Stabbing","floor":27,"turns":5},{"damage":0,"enemies":"Gremlin Leader","floor":29,"turns":5},{"damage":20,"enemies":"Champ","floor":33,"turns":11},{"damage":0,"enemies":"3 Shapes","floor":35,"turns":2},{"damage":0,"enemies":"Orb Walker","floor":36,"turns":2},{"damage":4,"enemies":"4 Shapes","floor":39,"turns":5},{"damage":8,"enemies":"2 Orb Walkers","floor":41,"turns":4},{"damage":9,"enemies":"Mysterious Sphere","floor":44,"turns":3},{"damage":19,"enemies":"Nemesis","floor":45,"turns":7},{"damage":0,"enemies":"Sphere and 2 Shapes","floor":47,"turns":23},{"damage":19,"enemies":"Maw","floor":48,"turns":4},{"damage":22,"enemies":"Awakened One","floor":50,"turns":9}],"event_choices":[{"event_name":"Golden Wing","player_choice":"Card Removal","floor":2,"damage_taken":0},{"event_name":"The Cleric","player_choice":"Card Removal","floor":5,"damage_taken":0},{"event_name":"Masked Bandits","player_choice":"Fought over 190 gold","floor":20,"damage_taken":0},{"event_name":"Cursed Tome","player_choice":"Obtained Book","floor":22,"damage_taken":0},{"event_name":"N\u0027loth","player_choice":"Traded a Astrolabe","floor":31,"damage_taken":0},{"event_name":"SensoryStone","player_choice":"Memory 3","floor":38,"damage_taken":0},{"event_name":"Mysterious Sphere","player_choice":"Fight","floor":44,"damage_taken":0}],"boss_relics":[{"not_picked":["White Beast Statue","Black Star"],"picked":"Astrolabe"},{"not_picked":["Velvet Choker","Tiny House"],"picked":"Sozu"}],"potions_floor_spawned":[1,4,10,12,18,23,24,33,35,36,44,47],"seed_played":"611052740390284398","ascension_level":15,"is_trial":false}