{"gold_per_floor":[110,35,35,35,35,35,35,68,93,120,138,155,155,173,173,272,272,290,290,305,315,315,315,315,315,315,62,74,74,90,125,125,220,220,233,233,247,69,87,98,98,114,114,114,13,44,54,54],"floor_reached":48,"playtime":3224,"items_purged":["Neutralize","Parasite","Strike_G"],"score":593,"play_id":"e952774b-7548-4b7c-92ee-50a442b1ba31","local_time":"20190212144336","is_ascension_mode":true,"campfire_choices":[{"data":"Defend_G","floor":6,"key":"SMITH"},{"data":"Cloak And Dagger","floor":13,"key":"SMITH"},{"data":"Backflip","floor":15,"key":"SMITH"},{"floor":23,"key":"REST"},{"data":"Accuracy","floor":25,"key":"SMITH"},{"data":"Envenom","floor":29,"key":"SMITH"},{"floor":32,"key":"REST"},{"floor":41,"key":"REST"},{"floor":44,"key":"REST"}],"neow_cost":"NONE","seed_source_timestamp":2484951908776732,"circlet_count":0,"master_deck":["Defend_G+1","Defend_G","Defend_G","Defend_G","Defend_G","Strike_G","Strike_G","Strike_G","Survivor","Backflip+1","Accuracy+1","Flying Knee","Cloak And Dagger+1","Envenom+1","Infinite Blades+1","RitualDagger","Finisher","Catalyst+1","Footwork","Adrenaline","Burst","Flying Knee+1","Blade Dance","Storm of Steel","Blur+1","Blade Dance","Acrobatics+1"],"relics":["Ring of the Snake","NeowsBlessing","Blood Vial","Anchor","Boot","Cursed Key","Dodecahedron","Vajra","Calipers","Snecko Eye","Bronze Scales"],"potions_floor_usage":[16,31,31,31,40,40,46,47],"damage_taken":[{"damage":0,"enemies":"Cultist","floor":1,"turns":1},{"damage":0,"enemies":"Gremlin Nob","floor":8,"turns":1},{"damage":0,"enemies":"Lagavulin","floor":10,"turns":1},{"damage":0,"enemies":"Small Slimes","floor":11,"turns":4},{"damage":0,"enemies":"Jaw Worm","floor":12,"turns":4},{"damage":0,"enemies":"3 Louse","floor":14,"turns":5},{"damage":50,"enemies":"The Guardian","floor":16,"turns":22},{"damage":4,"enemies":"3 Byrds","floor":18,"turns":9},{"damage":13,"enemies":"Shell Parasite","floor":20,"turns":7},{"damage":10,"enemies":"Chosen and Byrds","floor":21,"turns":6},{"damage":10,"enemies":"Snake Plant","floor":28,"turns":3},{"damage":13,"enemies":"Cultist and Chosen","floor":30,"turns":5},{"damage":6,"enemies":"Slavers","floor":31,"turns":5},{"damage":55,"enemies":"Champ","floor":33,"turns":11},{"damage":19,"enemies":"3 Darklings","floor":35,"turns":9},{"damage":42,"enemies":"3 Shapes","floor":37,"turns":5},{"damage":0,"enemies":"Sphere and 2 Shapes","floor":39,"turns":4},{"damage":0,"enemies":"Transient","floor":40,"turns":5},{"damage":35,"enemies":"Maw","floor":42,"turns":6},{"damage":26,"enemies":"Giant Head","floor":46,"turns":7},{"damage":2,"enemies":"3 Darklings","floor":47,"turns":5},{"damage":19,"enemies":"Spire Growth","floor":48,"turns":2}],"seed_played":"892875502836918023","potions_obtained":[{"floor":1,"key":"Fire Potion"},{"floor":8,"key":"GhostInAJar"},{"floor":14,"key":"Ancient Potion"},{"floor":28,"key":"Weak Potion"},{"floor":30,"key":"EssenceOfSteel"},{"floor":31,"key":"PowerPotion"},{"floor":39,"key":"PowerPotion"},{"floor":46,"key":"SkillPotion"},{"floor":47,"key":"Fire Potion"}],"is_trial":false,"path_per_floor":["M","$","$","?","$","R","?","E","T","E","M","M","R","M","R","B",null,"M","?","M","M","?","R","?","R","T","$","M","R","M","E","R","B",null,"M","?","M","$","M","M","R","M","T","R","$","E","M","M"],"character_chosen":"THE_SILENT","items_purchased":["Vajra","Blade Dance","Blade Dance","GhostInAJar"],"campfire_rested":4,"item_purchase_floors":[27,38,45,45],"current_hp_per_floor":[70,70,70,70,70,70,63,63,63,65,67,69,69,70,70,20,70,66,60,49,41,28,50,75,75,75,72,62,62,51,47,68,15,72,53,53,13,13,15,17,38,5,5,26,26,2,2,0],"gold":54,"neow_bonus":"THREE_ENEMY_KILL","is_prod":false,"is_daily":false,"chose_seed":false,"campfire_upgraded":5,"win_rate":0,"timestamp":1550000616,"path_taken":["M","?","$","?","?","R","?","E","T","E","M","M","R","M","R","BOSS","M","?","M","M","?","R","?","R","T","?","M","R","?","E","R","BOSS","M","?","M","$","M","M","R","M","T","R","$","E","M","?"],"build_version":"2019-02-06","purchased_purges":3,"victory":false,"max_hp_per_floor":[70,70,70,70,70,70,70,70,70,70,70,70,70,70,70,70,70,70,70,70,70,75,75,75,75,75,72,72,72,72,72,72,72,72,72,72,72,72,72,72,72,72,72,72,72,72,72,72],"card_choices":[{"not_picked":["Heel Hook","Blade Dance","Slice"],"picked":"SKIP","floor":1},{"not_picked":["Bane","Outmaneuver"],"picked":"Backflip","floor":8},{"not_picked":["Tactician","Sucker Punch"],"picked":"Accuracy","floor":10},{"not_picked":["Accuracy","Terror"],"picked":"Flying Knee","floor":11},{"not_picked":["Finisher","Dagger Throw"],"picked":"Cloak And Dagger","floor":12},{"not_picked":["Caltrops","Crippling Poison","Tools of the Trade"],"picked":"SKIP","floor":14},{"not_picked":["Adrenaline","Venomology"],"picked":"Envenom","floor":16},{"not_picked":["Blur","Calculated Gamble"],"picked":"Infinite Blades+1","floor":18},{"not_picked":["PiercingWail+1","Dagger Throw+1"],"picked":"Finisher","floor":20},{"not_picked":["Masterful Stab+1","Accuracy"],"picked":"Catalyst+1","floor":21},{"not_picked":["Catalyst","Terror","PiercingWail"],"picked":"SKIP","floor":28},{"not_picked":["Expertise","Crippling Poison"],"picked":"Footwork","floor":30},{"not_picked":["Endless Agony","Unload"],"picked":"Adrenaline","floor":31},{"not_picked":["Night Terror","Wraith Form v2"],"picked":"Burst","floor":33},{"not_picked":["Tactician","Deflect","Endless Agony"],"picked":"SKIP","floor":35},{"not_picked":["PiercingWail+1","Poisoned Stab+1"],"picked":"Flying Knee+1","floor":37},{"not_picked":["Bane+1","PiercingWail+1"],"picked":"Storm of Steel","floor":39},{"not_picked":["Dodge and Roll+1","Distraction"],"picked":"Blur+1","floor":40},{"not_picked":["Outmaneuver+1","Leg Sweep+1","Expertise"],"picked":"SKIP","floor":42},{"not_picked":["Underhanded Strike","Flechettes","Die Die Die"],"picked":"SKIP","floor":46},{"not_picked":["Deadly Poison+1","Dodge and Roll+1"],"picked":"Acrobatics+1","floor":47}],"player_experience":82271,"relics_obtained":[{"floor":8,"key":"Blood Vial"},{"floor":9,"key":"Anchor"},{"floor":10,"key":"Boot"},{"floor":26,"key":"Dodecahedron"},{"floor":31,"key":"Calipers"},{"floor":46,"key":"Bronze Scales"}],"event_choices":[{"damage_healed":0,"gold_gain":0,"player_choice":"Ignored","damage_taken":0,"max_hp_gain":0,"max_hp_loss":0,"event_name":"Golden Idol","floor":4,"gold_loss":0},{"cards_removed":["Strike_G"],"damage_healed":0,"gold_gain":0,"player_choice":"Card Removal","damage_taken":7,"max_hp_gain":0,"max_hp_loss":0,"event_name":"Golden Wing","floor":7,"gold_loss":0},{"damage_healed":0,"gold_gain":0,"player_choice":"Joined the Cult","damage_taken":6,"max_hp_gain":0,"max_hp_loss":0,"event_name":"Nest","floor":19,"gold_loss":0,"cards_obtained":["RitualDagger"]},{"damage_healed":0,"gold_gain":0,"player_choice":"Shed Blood","damage_taken":18,"max_hp_gain":5,"max_hp_loss":0,"event_name":"Forgotten Altar","floor":22,"gold_loss":0},{"damage_healed":25,"gold_gain":0,"player_choice":"Heal","damage_taken":0,"max_hp_gain":0,"max_hp_loss":0,"event_name":"The Library","floor":24,"gold_loss":0},{"damage_healed":0,"gold_gain":0,"player_choice":"Ignored","damage_taken":0,"max_hp_gain":0,"max_hp_loss":0,"event_name":"Transmorgrifier","floor":36,"gold_loss":0}],"is_beta":true,"boss_relics":[{"not_picked":["Fusion Hammer","Eternal Feather"],"picked":"Cursed Key"},{"not_picked":["Empty Cage","Calling Bell"],"picked":"Snecko Eye"}],"items_purged_floors":[2,27,38],"is_endless":false,"potions_floor_spawned":[1,8,14,28,30,31,39,46,47],"killed_by":"Spire Growth","ascension_level":1}