{"path_per_floor":["M","?","$","M","M","E","R","E","T","M","$","?","R","?","R","B",null,"M","?","?","?","M","R","E","?","T","$","R","M","E","M","R"],"character_chosen":"THE_SILENT","items_purchased":["Noxious Fumes","Backflip","Oddly Smooth Stone","Sucker Punch"],"gold_per_floor":[110,110,22,41,55,85,85,113,113,128,53,53,53,53,53,152,152,169,169,169,169,187,187,218,218,218,23,23,40,65,76,76],"floor_reached":33,"campfire_rested":0,"playtime":2849,"current_hp_per_floor":[63,63,63,63,62,47,47,26,26,25,25,25,25,25,25,22,53,53,53,44,44,27,27,14,14,14,14,14,14,28,12,12],"items_purged":["Strike_G"],"gold":76,"score":448,"play_id":"520fd2d1-d588-4599-bb7d-a958e574ad9d","is_prod":false,"is_daily":false,"is_ascension_mode":true,"campfire_upgraded":1,"path_taken":["M","?","$","M","M","E","R","E","T","M","$","?","R","?","R","BOSS","M","?","?","?","?","R","E","?","T","?","R","M","E","?","R","BOSS"],"build_version":"2018-02-08-BETA1","purchased_purges":1,"victory":false,"master_deck":["Defend_G+1","Defend_G+1","Defend_G+1","Defend_G+1","Survivor","Neutralize+1","Dagger Spray","Noxious Fumes+1","Backflip","PiercingWail","Adrenaline","Dagger Throw","Backflip","Dash","Deadly Poison","Dash","Concentrate","Acrobatics","Decay","Bite","Bite","Bite","Bite","Bite","Outmaneuver+1","Skewer","Sucker Punch","Catalyst","Acrobatics"],"max_hp_per_floor":[63,63,63,63,63,63,63,63,63,63,63,63,63,63,63,63,63,63,63,44,44,44,44,44,44,44,44,44,44,44,44,44],"relics":["Ring of the Snake","Du-Vu Doll","Dream Catcher","Bag of Marbles","Girya","Orrery","Shovel","Pantograph","Matryoshka","Oddly Smooth Stone","Omamori","Prayer Wheel","Orichalcum"],"card_choices":[{"not_picked":["Malaise","Deflect"],"picked":"Dagger Spray"},{"not_picked":["Crippling Poison","Leg Sweep"],"picked":"PiercingWail"},{"not_picked":["Deflect","Flechettes"],"picked":"Adrenaline"},{"not_picked":["Reflex","Choke"],"picked":"Dagger Throw"},{"not_picked":["Dagger Throw","Bane"],"picked":"Backflip"},{"not_picked":["Dodge and Roll","Dagger Spray"],"picked":"Dash"},{"not_picked":["Dodge and Roll","Eviscerate"],"picked":"Deadly Poison"},{"not_picked":["Deflect","Dagger Throw"],"picked":"Dash"},{"not_picked":["Underhanded Strike","Flechettes"],"picked":"Concentrate"},{"not_picked":["Choke","Poisoned Stab"],"picked":"Acrobatics"},{"not_picked":["Dagger Spray","Crippling Poison"],"picked":"Outmaneuver"},{"not_picked":["Backstab","Venomology"],"picked":"Skewer"},{"not_picked":["Quick Slash","Distraction"],"picked":"Catalyst"},{"not_picked":["Cloak And Dagger","Flechettes"],"picked":"Acrobatics"}],"player_experience":129937,"potions_floor_usage":[6,16,16,24,30,30,33],"damage_taken":[{"damage":0,"enemies":"Small Slimes","floor":1,"turns":3},{"damage":0,"enemies":"2 Louse","floor":4,"turns":3},{"damage":1,"enemies":"Jaw Worm","floor":5,"turns":5},{"damage":15,"enemies":"3 Sentries","floor":6,"turns":6},{"damage":21,"enemies":"Lagavulin","floor":8,"turns":10},{"damage":1,"enemies":"3 Louse","floor":10,"turns":3},{"damage":3,"enemies":"Hexaghost","floor":16,"turns":10},{"damage":0,"enemies":"3 Byrds","floor":18,"turns":4},{"damage":19,"enemies":"Spheric Guardian","floor":22,"turns":4},{"damage":19,"enemies":"Book of Stabbing","floor":24,"turns":5},{"damage":6,"enemies":"Snake Plant","floor":29,"turns":3},{"damage":17,"enemies":"Gremlin Leader","floor":30,"turns":7},{"damage":24,"enemies":"Chosen and Byrds","floor":31,"turns":4},{"damage":66,"enemies":"Collector","floor":33,"turns":7}],"event_choices":[{"event_name":"Living Wall","player_choice":"Grow","floor":2,"damage_taken":0},{"event_name":"Shining Light","player_choice":"Ignored","floor":12,"damage_taken":0},{"event_name":"Purifier","player_choice":"One Purge","floor":14,"damage_taken":0},{"event_name":"Forgotten Altar","player_choice":"Smashed Altar","floor":19,"damage_taken":0},{"event_name":"Vampires","player_choice":"Became a vampire","floor":20,"damage_taken":0},{"event_name":"The Mausoleum","player_choice":"Yes","floor":21,"damage_taken":0},{"event_name":"Back to Basics","player_choice":"Simplicity","floor":25,"damage_taken":0}],"boss_relics":[{"not_picked":["Question Card","Velvet Choker"],"picked":"Orrery"}],"potions_floor_spawned":[1,4,8,10,18,24,29],"seed_played":"-1390032944626404394","killed_by":"Collector","ascension_level":9,"is_trial":false}