{"path_per_floor":["M","M","M","$","M","R","M","R","T","R","?","?","R","?","R","B",null,"M","$","?","M","?","R","?","R","T","M","E","M","M"],"character_chosen":"IRONCLAD","items_purchased":["Shrug It Off"],"gold_per_floor":[112,129,144,17,33,33,50,50,50,50,50,50,50,50,50,174,174,163,63,63,77,27,27,27,27,27,51,85,104,123],"floor_reached":31,"campfire_rested":0,"playtime":1496,"current_hp_per_floor":[74,74,74,74,63,63,63,63,63,63,43,43,43,43,43,28,80,76,76,76,76,76,76,76,76,76,76,16,10,2],"items_purged":["Strike_R","Strike_R"],"gold":123,"score":245,"play_id":"3b6c6be3-4337-49ef-bd8a-1a0a56ed9180","local_time":"20180319164243","is_prod":false,"is_daily":false,"is_ascension_mode":false,"campfire_upgraded":7,"timestamp":1521502963,"path_taken":["M","M","M","$","M","R","M","R","T","R","?","?","R","?","R","BOSS","M","$","?","M","?","R","?","R","T","?","E","M","M","E"],"build_version":"2018-03-15v3","purchased_purges":2,"victory":false,"master_deck":["Strike_R","Strike_R","Defend_R","Defend_R","Defend_R","Defend_R","Bash","Pommel Strike","Shrug It Off","Searing Blow+5","Shrug It Off","Entrench+1","Armaments+1","Writhe","Evolve+1","Clothesline+1","Shockwave"],"max_hp_per_floor":[80,80,80,80,80,80,80,80,80,80,80,80,80,80,80,80,80,80,80,80,80,80,80,80,80,80,80,80,80,80],"relics":["Lizard Tail","Gambling Chip","Golden Idol","Velvet Choker","Bag of Preparation","Peace Pipe","Dream Catcher"],"card_choices":[{"not_picked":["Combust","Intimidate"],"picked":"Pommel Strike"},{"not_picked":["Feel No Pain","Thunderclap"],"picked":"Shrug It Off"},{"not_picked":["Metallicize","Body Slam"],"picked":"Searing Blow"},{"not_picked":["Reckless Charge","Searing Blow"],"picked":"Entrench"},{"not_picked":["Rage","Second Wind"],"picked":"Armaments"},{"not_picked":["Heavy Blade","Dropkick"],"picked":"Evolve"},{"not_picked":["Second Wind","Shrug It Off"],"picked":"Clothesline"},{"not_picked":["Shrug It Off","Sever Soul"],"picked":"Shockwave"}],"player_experience":275497,"potions_floor_usage":[16,16,16],"damage_taken":[{"damage":6,"enemies":"Jaw Worm","floor":1,"turns":3},{"damage":0,"enemies":"Small Slimes","floor":2,"turns":3},{"damage":0,"enemies":"Cultist","floor":3,"turns":3},{"damage":11,"enemies":"Large Slime","floor":5,"turns":9},{"damage":0,"enemies":"2 Fungi Beasts","floor":7,"turns":5},{"damage":55,"enemies":"Hexaghost","floor":16,"turns":13},{"damage":4,"enemies":"2 Thieves","floor":18,"turns":4},{"damage":0,"enemies":"Shell Parasite","floor":21,"turns":6},{"damage":0,"enemies":"3 Cultists","floor":27,"turns":4},{"damage":60,"enemies":"Gremlin Leader","floor":28,"turns":9},{"damage":6,"enemies":"Centurion and Healer","floor":29,"turns":5},{"damage":8,"enemies":"Cultist and Chosen","floor":30,"turns":6},{"damage":3,"enemies":"Book of Stabbing","floor":31,"turns":4}],"event_choices":[{"event_name":"Golden Idol","player_choice":"Take Damage","floor":11,"damage_taken":0},{"event_name":"Bonfire Elementals","player_choice":"BASIC","floor":12,"damage_taken":0},{"event_name":"The Woman in Blue","player_choice":"Bought 0 Potions","floor":14,"damage_taken":0},{"event_name":"The Lab","player_choice":"Got Potions","floor":20,"damage_taken":0},{"event_name":"The Joust","player_choice":"Bet on Murderer","floor":22,"damage_taken":0},{"event_name":"The Mausoleum","player_choice":"Yes","floor":24,"damage_taken":0}],"boss_relics":[{"not_picked":["Snecko Eye","Question Card"],"picked":"Velvet Choker"}],"potions_floor_spawned":[3,5,7,21,27,29,30],"seed_played":"2212398824106226544","killed_by":"Book of Stabbing","ascension_level":0,"is_trial":false}