{"path_per_floor":["M","M","$","M","M","R","?","M","T","?","R","E","R","$","R","B",null,"M","?","M","?","?","R"],"character_chosen":"THE_SILENT","items_purchased":["Caltrops","Backflip","Strength Potion"],"gold_per_floor":[119,139,20,40,57,57,57,75,101,101,101,130,130,4,4,81,81,91,91,81,81,81,81],"floor_reached":24,"campfire_rested":3,"playtime":1699,"current_hp_per_floor":[57,57,57,53,19,19,19,31,31,31,31,1,19,19,37,8,49,44,23,19,19,2,22],"items_purged":["Strike_G"],"gold":81,"score":340,"play_id":"2b256292-c936-4a7c-a96f-84ae59a587b5","is_prod":false,"is_daily":false,"is_ascension_mode":true,"campfire_upgraded":2,"path_taken":["M","M","$","M","M","R","?","M","T","?","R","E","R","$","R","BOSS","M","?","M","?","?","R","E"],"build_version":"2018-02-16-BETA2","purchased_purges":1,"victory":false,"master_deck":["Defend_G","Defend_G","Defend_G","Survivor","Neutralize+1","Predator","Caltrops","Caltrops","Backflip","Flechettes+1","Backflip","Deflect","Storm of Steel","Tools of the Trade","Night Terror+1","Unload+1","After Image+1","Footwork"],"max_hp_per_floor":[63,63,63,63,63,63,63,63,63,63,63,63,63,63,63,63,63,63,63,63,63,68,68],"relics":["Ring of the Snake","Juzu Bracelet","Dead Branch","Astrolabe","Nilry\u0027s Codex"],"card_choices":[{"not_picked":["Phantasmal Killer","Slice"],"picked":"Predator"},{"not_picked":["Outmaneuver","PiercingWail"],"picked":"Caltrops"},{"not_picked":["Sucker Punch","Dodge and Roll"],"picked":"Flechettes"},{"not_picked":["Dagger Spray","Bane"],"picked":"Backflip"},{"not_picked":["Cloak And Dagger","Quick Slash"],"picked":"Deflect"},{"not_picked":["Phantasmal Killer","Grand Finale"],"picked":"Tools of the Trade"}],"player_experience":742047,"potions_floor_usage":[5,8,16,20],"damage_taken":[{"damage":2,"enemies":"Small Slimes","floor":1,"turns":4},{"damage":0,"enemies":"Jaw Worm","floor":2,"turns":4},{"damage":4,"enemies":"Cultist","floor":4,"turns":5},{"damage":34,"enemies":"Gremlin Gang","floor":5,"turns":4},{"damage":0,"enemies":"Blue Slaver","floor":8,"turns":5},{"damage":30,"enemies":"Gremlin Nob","floor":12,"turns":4},{"damage":29,"enemies":"Slime Boss","floor":16,"turns":9},{"damage":5,"enemies":"3 Byrds","floor":18,"turns":2},{"damage":4,"enemies":"2 Thieves","floor":20,"turns":4},{"damage":31,"enemies":"Gremlin Leader","floor":24,"turns":2}],"event_choices":[{"event_name":"Living Wall","player_choice":"Forget","floor":7,"damage_taken":0},{"event_name":"Transmorgrifier","player_choice":"Transform","floor":10,"damage_taken":0},{"event_name":"Cursed Tome","player_choice":"Obtained Book","floor":19,"damage_taken":0},{"event_name":"Transmorgrifier","player_choice":"Transform","floor":21,"damage_taken":0},{"event_name":"Forgotten Altar","player_choice":"Shed Blood","floor":22,"damage_taken":0}],"boss_relics":[{"not_picked":["Tiny House","Philosopher\u0027s Stone"],"picked":"Astrolabe"}],"potions_floor_spawned":[2,4,16,18,20],"seed_played":"4648616618874071059","killed_by":"Gremlin Leader","ascension_level":15,"is_trial":false}