{"gold_per_floor":[113,113,132,132,307,307,327,360,360,360,380,380,207,207,207,328,328,342,248,271,289,339,339,357,372,395,436,436,451,451,467,467,591,591,607,200,225,275,291,291,0,38,62,81,81,125,139,173,173,173],"floor_reached":51,"playtime":1542,"items_purged":["Doubt","Decay"],"score":907,"play_id":"0ea6a2ac-8ff9-4257-90a8-543e5dedccec","local_time":"20190227082345","is_ascension_mode":false,"campfire_choices":[{"data":"Neutralize","floor":6.0,"key":"SMITH"},{"data":"Noxious Fumes","floor":10.0,"key":"SMITH"},{"data":"Crippling Poison","floor":12.0,"key":"SMITH"},{"data":"Sucker Punch","floor":15.0,"key":"SMITH"},{"data":"Malaise","floor":23.0,"key":"SMITH"},{"data":"Noxious Fumes","floor":28.0,"key":"SMITH"},{"floor":30.0,"key":"REST"},{"floor":32.0,"key":"REST"},{"data":"Noxious Fumes","floor":40.0,"key":"SMITH"},{"data":"Catalyst","floor":45.0,"key":"SMITH"},{"floor":49,"key":"REST"}],"neow_cost":"NONE","seed_source_timestamp":45180253864071,"circlet_count":0,"master_deck":["Defend_G","Defend_G","Defend_G+1","Defend_G+1","Defend_G","Strike_G","Strike_G","Strike_G","Strike_G","Strike_G","Survivor","Neutralize+1","Sucker Punch+1","Crippling Poison+1","Bane","Noxious Fumes+1","Deadly Poison","Deflect","Sucker Punch","Malaise+1","Deadly Poison+1","Poisoned Stab+1","Caltrops","Noxious Fumes+1","Adrenaline","Footwork+1","Backflip","Wraith Form v2","Bouncing Flask","Noxious Fumes+1","Catalyst+1","Panache","Backflip+1","Catalyst","Parasite","Escape Plan+1","After Image","Blur+1","Corpse Explosion"],"special_seed":0,"relics":["Ring of the Serpent","Pen Nib","Golden Idol","Boot","Mercury Hourglass","SsserpentHead","Cursed Key","Happy Flower","Orichalcum","Bag of Preparation","Art of War","Red Mask","Ninja Scroll","Bronze Scales","Pear","Molten Egg 2"],"potions_floor_usage":[48,50,50],"damage_taken":[{"damage":0.0,"enemies":"Jaw Worm","floor":1.0,"turns":6.0},{"damage":0.0,"enemies":"2 Louse","floor":3.0,"turns":3.0},{"damage":0.0,"enemies":"Small Slimes","floor":7.0,"turns":3.0},{"damage":36.0,"enemies":"Gremlin Nob","floor":8.0,"turns":5.0},{"damage":0.0,"enemies":"2 Fungi Beasts","floor":11.0,"turns":3.0},{"damage":0.0,"enemies":"Hexaghost","floor":16.0,"turns":8.0},{"damage":7.0,"enemies":"Chosen","floor":18.0,"turns":4.0},{"damage":2.0,"enemies":"3 Byrds","floor":20.0,"turns":4.0},{"damage":3.0,"enemies":"Centurion and Healer","floor":21.0,"turns":5.0},{"damage":10.0,"enemies":"Snecko","floor":24.0,"turns":5.0},{"damage":11.0,"enemies":"3 Cultists","floor":25.0,"turns":4.0},{"damage":4.0,"enemies":"Slavers","floor":27.0,"turns":4.0},{"damage":8.0,"enemies":"Centurion and Healer","floor":29.0,"turns":4.0},{"damage":2.0,"enemies":"Sentry and Sphere","floor":31.0,"turns":4.0},{"damage":24.0,"enemies":"Collector","floor":33.0,"turns":7.0},{"damage":0.0,"enemies":"Orb Walker","floor":35.0,"turns":4.0},{"damage":0.0,"enemies":"3 Shapes","floor":37.0,"turns":3.0},{"damage":0.0,"enemies":"Writhing Mass","floor":39.0,"turns":5.0},{"damage":0.0,"enemies":"Nemesis","floor":42.0,"turns":5.0},{"damage":4.0,"enemies":"Maw","floor":44.0,"turns":5.0},{"damage":3.0,"enemies":"Giant Head","floor":46.0,"turns":5.0},{"damage":7.0,"enemies":"3 Darklings","floor":47.0,"turns":6.0},{"damage":31,"enemies":"Reptomancer","floor":48,"turns":6},{"damage":9,"enemies":"Donu and Deca","floor":50,"turns":6}],"seed_played":"571877685782901311","potions_obtained":[{"floor":1.0,"key":"Energy Potion"},{"floor":3.0,"key":"Poison Potion"},{"floor":8.0,"key":"PowerPotion"},{"floor":16.0,"key":"GhostInAJar"},{"floor":20.0,"key":"Dexterity Potion"},{"floor":25.0,"key":"Swift Potion"},{"floor":31.0,"key":"FearPotion"},{"floor":33.0,"key":"GhostInAJar"},{"floor":39.0,"key":"Poison Potion"},{"floor":42.0,"key":"PowerPotion"},{"floor":44.0,"key":"Block Potion"},{"floor":48,"key":"GhostInAJar"}],"is_trial":false,"path_per_floor":["M","?","M","?","?","R","M","E","T","R","M","R","$","?","R","B",null,"M","$","M","M","?","R","M","M","T","E","R","M","R","M","R","B",null,"M","$","M","?","M","R","?","E","T","M","R","E","M","E","R","B",null],"character_chosen":"THE_SILENT","items_purchased":["Deflect","Sucker Punch","Happy Flower","Noxious Fumes","Catalyst","Panache"],"campfire_rested":3,"item_purchase_floors":[13,13,19,36,36,36],"current_hp_per_floor":[70,56,56,56,56,56,56,20,20,20,20,20,20,20,20,20,65,58,58,56,53,53,53,43,32,32,28,28,20,39,37,56,32,65,65,65,65,62,62,62,62,62,62,58,58,65,58,27,48,39],"gold":173,"neow_bonus":"RANDOM_COMMON_RELIC","is_prod":false,"is_daily":false,"chose_seed":false,"campfire_upgraded":8,"win_rate":0,"timestamp":1551277425,"path_taken":["M","?","M","?","?","R","M","E","T","R","M","R","?","?","R","BOSS","M","?","M","M","?","R","M","M","T","E","R","M","R","M","R","BOSS","M","$","M","?","M","R","?","E","T","M","R","E","M","E","R","BOSS"],"build_version":"2019-01-23","purchased_purges":2,"victory":true,"max_hp_per_floor":[70,70,70,65,65,65,65,65,65,65,65,65,65,65,65,65,65,65,65,65,65,65,65,65,65,65,65,65,65,65,65,65,65,65,65,65,65,62,62,62,62,62,62,62,62,72,72,72,72,72],"card_choices":[{"not_picked":["Endless Agony","Underhanded Strike"],"picked":"Sucker Punch","floor":1.0},{"not_picked":["Bane","Blade Dance"],"picked":"Crippling Poison","floor":3.0},{"not_picked":["PiercingWail","Choke"],"picked":"Bane","floor":7.0},{"not_picked":["Wraith Form v2","Escape Plan"],"picked":"Noxious Fumes","floor":8.0},{"not_picked":["Prepared","Finisher"],"picked":"Deadly Poison","floor":11.0},{"not_picked":["Bullet Time","A Thousand Cuts"],"picked":"Malaise","floor":16.0},{"not_picked":["Dagger Throw","Blade Dance+1"],"picked":"Deadly Poison+1","floor":18.0},{"not_picked":["Bane+1","PiercingWail"],"picked":"Poisoned Stab+1","floor":20.0},{"not_picked":["Poisoned Stab","Accuracy+1","Predator"],"picked":"SKIP","floor":21.0},{"not_picked":["Poisoned Stab","All Out Attack"],"picked":"Caltrops","floor":24.0},{"not_picked":["Catalyst+1","Concentrate+1"],"picked":"Noxious Fumes","floor":25.0},{"not_picked":["Quick Slash+1","Tactician+1"],"picked":"Adrenaline","floor":27.0},{"not_picked":["Skewer+1","Dagger Throw"],"picked":"Footwork+1","floor":29.0},{"not_picked":["Crippling Poison","Predator"],"picked":"Backflip","floor":31.0},{"not_picked":["Unload","Bullet Time"],"picked":"Wraith Form v2","floor":33.0},{"not_picked":["Heel Hook","PiercingWail"],"picked":"Bouncing Flask","floor":35.0},{"not_picked":["Poisoned Stab+1","Dagger Spray+1"],"picked":"Backflip+1","floor":37.0},{"not_picked":["Finisher","Choke+1","Masterful Stab+1"],"picked":"SKIP","floor":39.0},{"not_picked":["Glass Knife","PiercingWail+1"],"picked":"Catalyst","floor":42.0},{"not_picked":["Tactician+1","Bane+1"],"picked":"Escape Plan+1","floor":44.0},{"not_picked":["Acrobatics+1","Slice+1"],"picked":"After Image","floor":46.0},{"not_picked":["Quick Slash+1","Dodge and Roll+1"],"picked":"Blur+1","floor":47.0},{"not_picked":["Deadly Poison+1","Riddle With Holes+1"],"picked":"Corpse Explosion","floor":48}],"player_experience":936327,"relics_obtained":[{"floor":8.0,"key":"Boot"},{"floor":9.0,"key":"Mercury Hourglass"},{"floor":26.0,"key":"Bag of Preparation"},{"floor":27.0,"key":"Art of War"},{"floor":42.0,"key":"Ninja Scroll"},{"floor":43.0,"key":"Bronze Scales"},{"floor":46.0,"key":"Pear"},{"floor":48,"key":"Molten Egg 2"}],"event_choices":[{"damage_healed":0.0,"max_hp_gain":0.0,"max_hp_loss":0.0,"gold_gain":0.0,"event_name":"Shining Light","player_choice":"Entered Light","floor":2.0,"gold_loss":0.0,"damage_taken":14.0,"cards_upgraded":["Defend_G","Defend_G"]},{"damage_healed":0.0,"max_hp_gain":0.0,"max_hp_loss":5.0,"gold_gain":0.0,"event_name":"Golden Idol","player_choice":"Lose Max HP","floor":4.0,"gold_loss":0.0,"damage_taken":0.0,"relics_obtained":["Golden Idol"]},{"damage_healed":0.0,"max_hp_gain":0.0,"max_hp_loss":0.0,"gold_gain":175.0,"event_name":"Liars Game","player_choice":"AGREE","floor":5.0,"gold_loss":0.0,"damage_taken":0.0,"cards_obtained":["Doubt"]},{"damage_healed":0.0,"max_hp_gain":0.0,"max_hp_loss":0.0,"gold_gain":0.0,"event_name":"FaceTrader","player_choice":"Trade","floor":14.0,"gold_loss":0.0,"damage_taken":0.0,"relics_obtained":["SsserpentHead"]},{"damage_healed":0.0,"max_hp_gain":0.0,"max_hp_loss":0.0,"gold_gain":0.0,"event_name":"The Mausoleum","player_choice":"Opened","floor":22.0,"gold_loss":0.0,"damage_taken":0.0,"relics_obtained":["Orichalcum"]},{"damage_healed":0.0,"max_hp_gain":0.0,"max_hp_loss":3.0,"gold_gain":0.0,"event_name":"Winding Halls","player_choice":"Max HP","floor":38.0,"gold_loss":0.0,"damage_taken":0.0},{"damage_healed":0.0,"max_hp_gain":0.0,"max_hp_loss":0.0,"gold_gain":0.0,"event_name":"Tomb of Lord Red Mask","player_choice":"Paid","floor":41.0,"gold_loss":341.0,"damage_taken":0.0,"relics_obtained":["Red Mask"]}],"is_beta":false,"boss_relics":[{"not_picked":["Philosopher\u0027s Stone","Eternal Feather"],"picked":"Cursed Key"},{"not_picked":["Velvet Choker","Runic Dome"],"picked":"Ring of the Serpent"}],"items_purged_floors":[13,36],"is_endless":false,"potions_floor_spawned":[1,3,8,16,20,25,31,33,39,42,44,48],"ascension_level":0}