{"gold_per_floor":[115,115,134,134,155,155,193,193,273,313,336,15,15,15,15,138,138,154,154,7,32,10,10,10],"floor_reached":24,"playtime":1448,"items_purged":["Strike_R"],"score":263,"play_id":"8889fa6c-0489-4986-8935-317ca91d69a3","local_time":"20190224154022","is_ascension_mode":true,"campfire_choices":[{"data":"Shrug It Off","floor":6,"key":"SMITH"},{"data":"Inflame","floor":8,"key":"SMITH"},{"data":"Armaments","floor":15,"key":"SMITH"},{"data":"Heavy Blade","floor":23,"key":"SMITH"}],"neow_cost":"NONE","seed_source_timestamp":814302849625271,"circlet_count":0,"master_deck":["Strike_R+1","Defend_R+1","Defend_R+1","Defend_R","Defend_R","Bash+1","Shrug It Off+1","Inflame+1","Demon Form+1","Metallicize+1","Armaments+1","Impervious","Feed+1","Reckless Charge+1","Feel No Pain+1","Pummel+1","Combust+1","Heavy Blade+1"],"relics":["Burning Blood","Golden Idol","Strawberry","Frozen Egg 2","War Paint","Astrolabe","Shuriken","Whetstone"],"potions_floor_usage":[7,10,16,16,16,24],"damage_taken":[{"damage":2,"enemies":"Jaw Worm","floor":1,"turns":3},{"damage":1,"enemies":"Small Slimes","floor":3,"turns":4},{"damage":8,"enemies":"2 Louse","floor":5,"turns":3},{"damage":23,"enemies":"Gremlin Nob","floor":7,"turns":4},{"damage":24,"enemies":"3 Sentries","floor":10,"turns":9},{"damage":4,"enemies":"Red Slaver","floor":11,"turns":4},{"damage":7,"enemies":"Hexaghost","floor":16,"turns":8},{"damage":14,"enemies":"3 Byrds","floor":18,"turns":10},{"damage":24,"enemies":"2 Thieves","floor":21,"turns":5},{"damage":60,"enemies":"Slavers","floor":24,"turns":3}],"seed_played":"-8702039219140362330","potions_obtained":[{"floor":3,"key":"Strength Potion"},{"floor":7,"key":"Fire Potion"},{"floor":14,"key":"BloodPotion"},{"floor":16,"key":"SpeedPotion"}],"is_trial":false,"path_per_floor":["M","?","M","?","M","R","E","R","T","E","M","$","?","?","R","B",null,"M","T","$","M","$","R","E"],"character_chosen":"IRONCLAD","items_purchased":["Metallicize+1","Armaments","LiquidBronze","SpeedPotion","Whetstone","Heavy Blade"],"campfire_rested":0,"item_purchase_floors":[12,12,12,12,20,22],"current_hp_per_floor":[76,74,74,74,72,72,62,62,62,44,46,46,46,46,46,53,74,66,66,66,48,48,48,0],"gold":10,"neow_bonus":"UPGRADE_CARD","is_prod":false,"is_daily":false,"chose_seed":false,"campfire_upgraded":4,"win_rate":0,"timestamp":1551019222,"path_taken":["M","?","M","?","M","R","E","R","T","E","M","$","?","?","R","BOSS","M","?","$","M","?","R","E"],"build_version":"2019-01-23","purchased_purges":1,"victory":false,"max_hp_per_floor":[80,74,74,74,74,74,81,81,81,81,81,81,81,81,81,81,81,81,81,81,81,81,81,81],"card_choices":[{"not_picked":["Blood for Blood","Sword Boomerang"],"picked":"Shrug It Off","floor":1},{"not_picked":["Clash","Body Slam","Dual Wield"],"picked":"SKIP","floor":3},{"not_picked":["Sword Boomerang","Bloodletting","True Grit"],"picked":"SKIP","floor":5},{"not_picked":["Infernal Blade","Combust"],"picked":"Inflame","floor":7},{"not_picked":["Sentinel","Clothesline"],"picked":"Demon Form+1","floor":10},{"not_picked":["Body Slam","Hemokinesis","Cleave"],"picked":"SKIP","floor":11},{"not_picked":["Body Slam","Hemokinesis","Cleave"],"picked":"SKIP","floor":11},{"not_picked":["Double Tap","Demon Form+1"],"picked":"Impervious","floor":16},{"not_picked":["Sword Boomerang","Body Slam"],"picked":"Pummel+1","floor":18},{"not_picked":["Sever Soul+1","Wild Strike"],"picked":"Combust+1","floor":21}],"player_experience":440988,"relics_obtained":[{"floor":7,"key":"Strawberry"},{"floor":9,"key":"Frozen Egg 2"},{"floor":10,"key":"War Paint"},{"floor":19,"key":"Shuriken"}],"event_choices":[{"damage_healed":0,"gold_gain":0,"player_choice":"Lose Max HP","damage_taken":0,"relics_obtained":["Golden Idol"],"max_hp_gain":0,"max_hp_loss":6,"event_name":"Golden Idol","floor":2,"gold_loss":0},{"damage_healed":0,"gold_gain":0,"player_choice":"Ignored","damage_taken":0,"max_hp_gain":0,"max_hp_loss":0,"event_name":"Liars Game","floor":4,"gold_loss":0},{"damage_healed":0,"gold_gain":0,"player_choice":"Leave","damage_taken":0,"max_hp_gain":0,"max_hp_loss":0,"event_name":"The Cleric","floor":13,"gold_loss":0},{"damage_healed":0,"gold_gain":0,"player_choice":"Got Potions","damage_taken":0,"max_hp_gain":0,"max_hp_loss":0,"event_name":"Lab","floor":14,"gold_loss":0}],"is_beta":false,"boss_relics":[{"not_picked":["Black Star","Philosopher\u0027s Stone"],"picked":"Astrolabe"}],"items_purged_floors":[12],"is_endless":false,"potions_floor_spawned":[3,7,16],"killed_by":"Slavers","ascension_level":6}