{"path_per_floor":["M","M","$","?","M","R","M","E","T","M","E","?","E","M","R","B",null,"M","$","M","M","M","R","?","R","T","R","M","$","?","M","R","B",null,"M","?","M","M","M","R","?","$","T","R","$","?","R","M","R","B"],"character_chosen":"DEFECT","items_purchased":["Genetic Algorithm","Loop","Molten Egg 2","Gash","Defragment","Dexterity Potion"],"gold_per_floor":[119,134,27,102,116,116,134,159,182,200,232,232,263,276,276,367,367,383,43,64,87,110,110,90,90,114,114,114,14,14,33,33,124,124,149,149,163,176,196,196,196,196,196,196,108,0,0,16,16,16],"floor_reached":51,"campfire_rested":5,"playtime":3152,"item_purchase_floors":[3,3,19,19,45,45],"current_hp_per_floor":[64,62,62,51,42,63,63,57,57,54,39,39,28,30,30,10,56,48,48,48,18,16,37,37,37,37,71,71,71,71,59,59,8,55,54,44,46,26,26,62,62,62,72,72,72,72,72,69,81,60],"items_purged":["Strike_B","Strike_B"],"gold":16,"score":1177,"play_id":"431b67ce-6ff3-4015-9632-131b69b3b4fb","local_time":"20180619160813","is_prod":false,"is_daily":false,"chose_seed":false,"is_ascension_mode":true,"campfire_upgraded":5,"win_rate":0,"timestamp":1529449693,"campfire_choices":[{"floor":6,"key":"REST"},{"data":"Zap","floor":15,"key":"SMITH"},{"floor":23,"key":"REST"},{"data":"Defragment","floor":25,"key":"SMITH"},{"floor":27,"key":"REST"},{"data":"Loop","floor":32,"key":"SMITH"},{"floor":40,"key":"REST"},{"data":"Hologram","floor":44,"key":"SMITH"},{"data":"Defragment","floor":47,"key":"SMITH"},{"floor":49,"key":"REST"}],"path_taken":["M","M","$","?","M","R","M","E","T","M","E","?","E","M","R","BOSS","M","$","M","M","M","R","?","R","T","R","M","$","?","?","R","BOSS","M","?","M","?","M","R","?","?","T","R","$","?","R","M","R","BOSS"],"build_version":"2018-06-18","seed_source_timestamp":1138056426686900,"purchased_purges":2,"circlet_count":0,"victory":true,"master_deck":["Strike_B","Strike_B","Defend_B","Defend_B","Defend_B","Defend_B","Zap+1","Dualcast","AscendersBane","Leap","Genetic Algorithm","Genetic Algorithm","Loop+1","Ball Lightning","Cold Snap","Core Surge","Steam","All For One","Leap","All For One","Gash+1","Capacitor+1","Darkness","Hologram+1","Defragment+1","Gash+1","Hologram","Echo Form","Go for the Eyes+1","Master of Strategy","Blind","Hologram","Stack","Cold Snap+1","Defragment+1","Cold Snap+1"],"max_hp_per_floor":[71,71,71,71,71,71,71,71,71,71,71,71,71,71,71,71,71,71,71,71,71,71,71,71,71,71,71,71,71,71,71,71,71,71,71,71,71,71,71,71,71,71,81,81,81,81,81,81,81,81],"relics":["Cracked Core","Omamori","Dream Catcher","Boot","Blood Vial","Golden Idol","Bottled Flame","Velvet Choker","Molten Egg 2","Regal Pillow","Lizard Tail","Pear","Red Mask"],"card_choices":[{"not_picked":["Rebound","Hologram"],"picked":"Leap","floor":1},{"not_picked":["Compile Driver","Gash"],"picked":"Genetic Algorithm","floor":2},{"not_picked":["Cold Snap","Melter"],"picked":"Ball Lightning","floor":5},{"not_picked":["Melter","Redo","Sweeping Beam"],"picked":"SKIP","floor":7},{"not_picked":["Gash","Sunder"],"picked":"Cold Snap","floor":8},{"not_picked":["Streamline","Rebound"],"picked":"Core Surge","floor":10},{"not_picked":["Heatsinks","Skim"],"picked":"Steam","floor":11},{"not_picked":["Go for the Eyes","Stack"],"picked":"All For One","floor":13},{"not_picked":["Streamline","Turbo"],"picked":"Leap","floor":14},{"not_picked":["Fission","Hyperbeam"],"picked":"All For One","floor":16},{"not_picked":["Heatsinks","Conserve Battery","Leap"],"picked":"SKIP","floor":18},{"not_picked":["Recycle+1","Coolheaded"],"picked":"Capacitor","floor":20},{"not_picked":["Undo","Chill"],"picked":"Darkness","floor":21},{"not_picked":["Heatsinks","Steam Power"],"picked":"Hologram","floor":22},{"not_picked":["Compile Driver+1","Conserve Battery"],"picked":"Defragment","floor":23},{"not_picked":["Compile Driver+1","Turbo"],"picked":"Gash+1","floor":27},{"not_picked":["Leap+1","Steam+1"],"picked":"Hologram","floor":31},{"not_picked":["Multi-Cast","Reboot"],"picked":"Echo Form","floor":33},{"not_picked":["Force Field","Redo+1"],"picked":"Go for the Eyes+1","floor":35},{"not_picked":["Swift Strike+1","Madness"],"picked":"Master of Strategy","floor":36},{"not_picked":["Finesse","Swift Strike+1"],"picked":"Blind","floor":36},{"not_picked":["Redo+1","Turbo+1"],"picked":"Hologram","floor":37},{"not_picked":["Recycle","Heatsinks","FTL+1"],"picked":"SKIP","floor":38},{"not_picked":["FTL+1","Heatsinks"],"picked":"Stack","floor":39},{"not_picked":["Barrage+1","Compile Driver+1"],"picked":"Cold Snap+1","floor":40},{"not_picked":["Leap","Rainbow"],"picked":"Cold Snap+1","floor":48}],"player_experience":1952398,"potions_floor_usage":[8,11,16,28,31,33,50,50],"damage_taken":[{"damage":0,"enemies":"2 Louse","floor":1,"turns":2},{"damage":2,"enemies":"Jaw Worm","floor":2,"turns":3},{"damage":9,"enemies":"Cultist","floor":5,"turns":4},{"damage":0,"enemies":"Looter","floor":7,"turns":4},{"damage":6,"enemies":"Lagavulin","floor":8,"turns":7},{"damage":3,"enemies":"Large Slime","floor":10,"turns":6},{"damage":15,"enemies":"Gremlin Nob","floor":11,"turns":4},{"damage":13,"enemies":"Lagavulin","floor":13,"turns":7},{"damage":0,"enemies":"Blue Slaver","floor":14,"turns":4},{"damage":22,"enemies":"Slime Boss","floor":16,"turns":12},{"damage":10,"enemies":"Chosen","floor":18,"turns":6},{"damage":2,"enemies":"Spheric Guardian","floor":20,"turns":3},{"damage":32,"enemies":"Slaver and Parasite","floor":21,"turns":10},{"damage":4,"enemies":"Centurion and Healer","floor":22,"turns":9},{"damage":0,"enemies":"Snake Plant","floor":28,"turns":3},{"damage":12,"enemies":"3 Cultists","floor":31,"turns":5},{"damage":53,"enemies":"Automaton","floor":33,"turns":10},{"damage":3,"enemies":"3 Shapes","floor":35,"turns":6},{"damage":0,"enemies":"Flame Bruiser 1 Orb","floor":37,"turns":8},{"damage":22,"enemies":"Sphere and 2 Shapes","floor":38,"turns":6},{"damage":2,"enemies":"Transient","floor":39,"turns":5},{"damage":5,"enemies":"Spire Growth","floor":48,"turns":7},{"damage":36,"enemies":"Time Eater","floor":50,"turns":25}],"relics_obtained":[{"floor":8,"key":"Dream Catcher"},{"floor":9,"key":"Boot"},{"floor":11,"key":"Blood Vial"},{"floor":13,"key":"Bottled Flame"},{"floor":26,"key":"Regal Pillow"},{"floor":43,"key":"Pear"}],"event_choices":[{"event_name":"World of Goop","player_choice":"Gather Gold","floor":4,"damage_taken":0},{"event_name":"Golden Idol","player_choice":"Take Wound","floor":12,"damage_taken":0},{"event_name":"The Woman in Blue","player_choice":"Bought 1 Potion","floor":24,"damage_taken":0},{"event_name":"Addict","player_choice":"Ignored","floor":30,"damage_taken":0},{"event_name":"SensoryStone","player_choice":"Memory 3","floor":36,"damage_taken":0},{"event_name":"Upgrade Shrine","player_choice":"Upgraded","floor":41,"damage_taken":0},{"event_name":"Tomb of Lord Red Mask","player_choice":"Paid","floor":46,"damage_taken":0}],"boss_relics":[{"not_picked":["Black Star","Tiny House"],"picked":"Velvet Choker"},{"not_picked":["Cursed Key","Eternal Feather"],"picked":"Lizard Tail"}],"items_purged_floors":[19,29],"is_endless":false,"potions_floor_spawned":[5,7,8,13,18,20,31,33,38,39],"seed_played":"-8464655086059051338","ascension_level":15,"potions_obtained":[{"floor":5,"key":"FocusPotion"},{"floor":7,"key":"AttackPotion"},{"floor":8,"key":"EssenceOfSteel"},{"floor":13,"key":"LiquidBronze"},{"floor":18,"key":"SmokeBomb"},{"floor":24,"key":"LiquidBronze"},{"floor":31,"key":"SkillPotion"},{"floor":33,"key":"Poison Potion"},{"floor":38,"key":"AttackPotion"},{"floor":39,"key":"Regen Potion"}],"is_trial":false}