{"gold_per_floor":[119,131,145,164,178,178,188,188,188,205,238,126,126,142,142,242,242,252,272,272,289,299,299,314,314,314,328,328,243,272,22,22,122,122,134,134,149,149,24,24,124,124,124,143,160,1,14,14],"floor_reached":48,"playtime":2897,"items_purged":["Strike_B","Strike_B","Defend_B"],"score":618,"play_id":"f1c3b0c7-7e54-4840-a0d9-1a1a547e7082","local_time":"20190224213116","is_ascension_mode":true,"campfire_choices":[{"data":"Defragment","floor":6,"key":"SMITH"},{"data":"Coolheaded","floor":8,"key":"SMITH"},{"data":"Loop","floor":13,"key":"SMITH"},{"data":"Static Discharge","floor":15,"key":"SMITH"},{"data":"Capacitor","floor":23,"key":"SMITH"},{"data":"Consume","floor":25,"key":"SMITH"},{"data":"Defragment","floor":28,"key":"SMITH"},{"floor":32,"key":"REST"},{"data":"Consume","floor":40,"key":"SMITH"},{"data":"Seek","floor":42,"key":"SMITH"}],"neow_cost":"NONE","seed_source_timestamp":833903984234177,"circlet_count":0,"master_deck":["Defend_B","Defend_B","Zap+1","Dualcast","Coolheaded+1","FTL","Ball Lightning","Defragment+1","Cold Snap","Loop+1","Static Discharge+1","Seek+1","Capacitor+1","Consume+1","Defragment+1","BootSequence+1","Consume+1","Core Surge","Conserve Battery","Auto Shields","Capacitor"],"relics":["Cracked Core","Emotion Chip","Torii","Empty Cage","Ice Cream","Ginger","Du-Vu Doll","Inserter","Mango","Sundial"],"potions_floor_usage":[11,14,16,24,30,33,33,33,41,45,47,47],"damage_taken":[{"damage":7,"enemies":"Jaw Worm","floor":1,"turns":3},{"damage":2,"enemies":"2 Louse","floor":2,"turns":2},{"damage":0,"enemies":"Cultist","floor":3,"turns":3},{"damage":0,"enemies":"Blue Slaver","floor":4,"turns":4},{"damage":6,"enemies":"Looter","floor":5,"turns":2},{"damage":5,"enemies":"Red Slaver","floor":7,"turns":3},{"damage":0,"enemies":"2 Fungi Beasts","floor":10,"turns":2},{"damage":8,"enemies":"Lagavulin","floor":11,"turns":4},{"damage":11,"enemies":"Gremlin Gang","floor":14,"turns":4},{"damage":3,"enemies":"Hexaghost","floor":16,"turns":8},{"damage":3,"enemies":"3 Byrds","floor":18,"turns":3},{"damage":2,"enemies":"Shell Parasite","floor":19,"turns":3},{"damage":13,"enemies":"Centurion and Healer","floor":21,"turns":6},{"damage":7,"enemies":"Chosen and Byrds","floor":22,"turns":6},{"damage":1,"enemies":"Cultist and Chosen","floor":24,"turns":5},{"damage":8,"enemies":"Centurion and Healer","floor":27,"turns":6},{"damage":22,"enemies":"Book of Stabbing","floor":30,"turns":3},{"damage":23,"enemies":"Collector","floor":33,"turns":7},{"damage":14,"enemies":"3 Shapes","floor":35,"turns":5},{"damage":23,"enemies":"3 Darklings","floor":37,"turns":4},{"damage":0,"enemies":"Mind Bloom Boss Battle","floor":41,"turns":5},{"damage":6,"enemies":"Spire Growth","floor":44,"turns":5},{"damage":27,"enemies":"Transient","floor":45,"turns":5},{"damage":12,"enemies":"Jaw Worm Horde","floor":47,"turns":6},{"damage":37,"enemies":"Sphere and 2 Shapes","floor":48,"turns":3}],"seed_played":"3366107482566254711","potions_obtained":[{"floor":2,"key":"FocusPotion"},{"floor":4,"key":"Weak Potion"},{"floor":5,"key":"Swift Potion"},{"floor":11,"key":"Ancient Potion"},{"floor":14,"key":"GamblersBrew"},{"floor":18,"key":"SkillPotion"},{"floor":24,"key":"Strength Potion"},{"floor":35,"key":"AttackPotion"},{"floor":41,"key":"Block Potion"},{"floor":45,"key":"Dexterity Potion"}],"is_trial":false,"path_per_floor":["M","M","M","M","M","R","M","R","T","M","E","$","R","M","R","B",null,"M","M","?","M","M","R","M","R","T","M","R","?","E","$","R","B",null,"M","?","M","?","$","R","?","R","T","M","M","$","M","M"],"character_chosen":"DEFECT","items_purchased":["Loop","Consume","LiquidBronze","Capacitor","PowerPotion","EssenceOfSteel"],"campfire_rested":1,"item_purchase_floors":[12,31,31,46,46,46],"current_hp_per_floor":[61,59,59,59,53,53,48,48,48,48,40,40,40,29,29,26,63,60,58,58,45,38,38,37,37,37,29,29,29,7,7,29,6,58,44,44,21,66,66,66,80,80,80,74,47,47,35,0],"gold":14,"neow_bonus":"UPGRADE_CARD","is_prod":false,"is_daily":false,"chose_seed":false,"campfire_upgraded":9,"win_rate":0,"timestamp":1551040276,"path_taken":["M","M","M","M","M","R","M","R","T","M","E","$","R","M","R","BOSS","M","M","?","M","M","R","M","R","T","M","R","?","E","$","R","BOSS","M","?","?","?","$","R","?","R","T","M","M","$","M","M"],"build_version":"2019-01-23","purchased_purges":3,"victory":false,"max_hp_per_floor":[75,75,75,75,75,75,75,75,75,75,75,75,75,75,75,75,75,75,75,75,75,75,75,75,75,75,75,75,75,75,75,75,75,75,75,75,75,66,66,66,80,80,80,80,80,80,80,80],"card_choices":[{"not_picked":["Go for the Eyes","Turbo"],"picked":"Coolheaded","floor":1},{"not_picked":["Rebound","Beam Cell","Steam"],"picked":"SKIP","floor":2},{"not_picked":["Double Energy","Coolheaded"],"picked":"FTL","floor":3},{"not_picked":["Steam","Rebound"],"picked":"Ball Lightning","floor":4},{"not_picked":["Compile Driver","Barrage"],"picked":"Defragment","floor":5},{"not_picked":["Compile Driver","Recycle"],"picked":"Cold Snap","floor":7},{"not_picked":["Fission","Skim","Coolheaded"],"picked":"SKIP","floor":10},{"not_picked":["Redo","Rebound","Turbo"],"picked":"SKIP","floor":11},{"not_picked":["Heatsinks","Ball Lightning"],"picked":"Static Discharge","floor":14},{"not_picked":["Thunder Strike","Creative AI"],"picked":"Seek","floor":16},{"not_picked":["Compile Driver","Static Discharge+1","Turbo"],"picked":"SKIP","floor":18},{"not_picked":["Leap","Hologram","Stack"],"picked":"SKIP","floor":19},{"not_picked":["Rebound","Steam","Cold Snap"],"picked":"SKIP","floor":21},{"not_picked":["Go for the Eyes","Hologram","Coolheaded"],"picked":"SKIP","floor":22},{"not_picked":["Streamline","Rip and Tear"],"picked":"Consume","floor":24},{"not_picked":["Genetic Algorithm","BootSequence"],"picked":"Defragment","floor":27},{"not_picked":["Steam","Hologram"],"picked":"BootSequence+1","floor":30},{"not_picked":["Multi-Cast","Fission"],"picked":"Core Surge","floor":33},{"not_picked":["Darkness","Leap+1"],"picked":"Conserve Battery","floor":35},{"not_picked":["FTL","Go for the Eyes","Gash"],"picked":"SKIP","floor":37},{"not_picked":["Rebound","Turbo+1"],"picked":"Auto Shields","floor":41},{"not_picked":["Rainbow","Blizzard","Conserve Battery"],"picked":"SKIP","floor":44},{"not_picked":["Hologram","Go for the Eyes+1","Streamline"],"picked":"SKIP","floor":45},{"not_picked":["Beam Cell+1","Darkness+1","Conserve Battery"],"picked":"SKIP","floor":47}],"player_experience":459843,"relics_obtained":[{"floor":9,"key":"Emotion Chip"},{"floor":11,"key":"Torii"},{"floor":26,"key":"Ice Cream"},{"floor":30,"key":"Du-Vu Doll"},{"floor":41,"key":"Mango"},{"floor":43,"key":"Sundial"}],"event_choices":[{"damage_healed":0,"gold_gain":0,"player_choice":"Read","damage_taken":0,"max_hp_gain":0,"max_hp_loss":0,"event_name":"The Library","floor":20,"gold_loss":0,"cards_obtained":["Capacitor"]},{"damage_healed":0,"gold_gain":0,"player_choice":"Obtained Relic","damage_taken":0,"relics_obtained":["Ginger"],"max_hp_gain":0,"max_hp_loss":0,"event_name":"Addict","floor":29,"gold_loss":85},{"cards_removed":["Defend_B"],"damage_healed":0,"gold_gain":0,"player_choice":"Purged","damage_taken":0,"max_hp_gain":0,"max_hp_loss":0,"event_name":"Purifier","floor":36,"gold_loss":0},{"damage_healed":66,"gold_gain":0,"player_choice":"Heal","damage_taken":0,"max_hp_gain":0,"max_hp_loss":9,"event_name":"The Moai Head","floor":38,"gold_loss":0},{"damage_healed":0,"gold_gain":0,"player_choice":"Fight","damage_taken":0,"max_hp_gain":0,"max_hp_loss":0,"event_name":"MindBloom","floor":41,"gold_loss":0}],"is_beta":false,"boss_relics":[{"not_picked":["Black Star","Snecko Eye"],"picked":"Empty Cage"},{"not_picked":["Calling Bell","Runic Dome"],"picked":"Inserter"}],"items_purged_floors":[12,31,39],"is_endless":false,"potions_floor_spawned":[2,4,5,11,14,18,24,27,35,41,45],"killed_by":"Sphere and 2 Shapes","ascension_level":7}