{"gold_per_floor":[118,134,146,160,173,173,23,23,95,121,135,151,165,176,176,275,275,291,310,49,65,140,140,159,169,169,188,188,188,202,231,231,231],"floor_reached":33,"playtime":1938,"items_purged":["Strike_R"],"score":443,"play_id":"21b9281b-a0ea-4c7d-b37c-c965ea8602ad","local_time":"20190228004737","is_ascension_mode":true,"campfire_choices":[{"data":"Shockwave","floor":6,"key":"SMITH"},{"data":"Metallicize","floor":8,"key":"SMITH"},{"floor":15,"key":"REST"},{"data":"Barricade","floor":23,"key":"SMITH"},{"floor":29,"key":"REST"},{"floor":32,"key":"REST"}],"neow_cost":"NONE","seed_source_timestamp":1105854348840909,"circlet_count":0,"master_deck":["AscendersBane","Strike_R","Strike_R","Strike_R","Strike_R","Defend_R","Defend_R","Defend_R","Defend_R","Bash","Shockwave+1","Metallicize+1","Headbutt","Barricade+1","Rampage","Dropkick","Bludgeon","Feed","Corruption","Flame Barrier","Power Through+1","Warcry+1","Battle Trance"],"relics":["Burning Blood","Dream Catcher","Self Forming Clay","Gambling Chip","Sozu","Strange Spoon","The Courier","Regal Pillow","Juzu Bracelet"],"potions_floor_usage":[5,5,5,10,10,16,16],"damage_taken":[{"damage":5,"enemies":"Cultist","floor":1,"turns":5},{"damage":4,"enemies":"Small Slimes","floor":2,"turns":4},{"damage":13,"enemies":"Jaw Worm","floor":3,"turns":7},{"damage":11,"enemies":"3 Louse","floor":4,"turns":5},{"damage":22,"enemies":"Lots of Slimes","floor":5,"turns":4},{"damage":37,"enemies":"3 Sentries","floor":10,"turns":16},{"damage":14,"enemies":"Exordium Wildlife","floor":11,"turns":6},{"damage":3,"enemies":"Looter","floor":12,"turns":4},{"damage":0,"enemies":"Large Slime","floor":13,"turns":5},{"damage":7,"enemies":"2 Fungi Beasts","floor":14,"turns":4},{"damage":30,"enemies":"Slime Boss","floor":16,"turns":10},{"damage":9,"enemies":"Shell Parasite","floor":18,"turns":3},{"damage":24,"enemies":"Spheric Guardian","floor":19,"turns":6},{"damage":20,"enemies":"Centurion and Healer","floor":21,"turns":7},{"damage":10,"enemies":"Chosen and Byrds","floor":24,"turns":7},{"damage":0,"enemies":"Snecko","floor":25,"turns":6},{"damage":9,"enemies":"3 Cultists","floor":27,"turns":6},{"damage":20,"enemies":"Centurion and Healer","floor":30,"turns":10},{"damage":28,"enemies":"Gremlin Leader","floor":31,"turns":10},{"damage":71,"enemies":"Collector","floor":33,"turns":8}],"seed_played":"-3614544111620144615","potions_obtained":[{"floor":1,"key":"Strength Potion"},{"floor":2,"key":"EntropicBrew"},{"floor":12,"key":"FearPotion"},{"floor":14,"key":"SpeedPotion"}],"is_trial":false,"path_per_floor":["M","M","M","M","M","R","$","R","T","E","M","M","M","M","R","B",null,"M","M","$","M","T","R","M","M","T","M","?","R","M","E","R","B"],"character_chosen":"IRONCLAD","items_purchased":["BloodPotion","Corruption","Strange Spoon"],"campfire_rested":3,"item_purchase_floors":[7,20,20],"current_hp_per_floor":[73,75,68,63,47,47,47,47,47,24,16,19,25,24,48,24,66,63,45,45,31,31,31,30,36,36,36,19,61,47,25,67,0],"gold":231,"neow_bonus":"RANDOM_COMMON_RELIC","is_prod":false,"is_daily":false,"chose_seed":false,"campfire_upgraded":3,"win_rate":0,"timestamp":1551311257,"path_taken":["M","M","M","M","M","R","$","R","T","E","M","M","M","M","R","BOSS","M","M","$","M","?","R","M","M","T","M","?","R","?","E","R","BOSS"],"build_version":"2019-01-23","purchased_purges":1,"victory":false,"max_hp_per_floor":[80,80,80,80,80,80,80,80,80,80,80,80,80,80,80,80,80,80,80,80,80,80,80,83,83,83,86,91,91,91,91,91,91],"card_choices":[{"not_picked":["True Grit","Flame Barrier"],"picked":"Shockwave","floor":1},{"not_picked":["Heavy Blade","Rage"],"picked":"Metallicize","floor":2},{"not_picked":["Clash","Anger","Flex"],"picked":"SKIP","floor":3},{"not_picked":["Thunderclap","Shrug It Off"],"picked":"Headbutt","floor":4},{"not_picked":["Rage","Intimidate"],"picked":"Barricade","floor":5},{"not_picked":["Thunderclap","Headbutt"],"picked":"Rampage","floor":10},{"not_picked":["True Grit","Second Wind","Burning Pact"],"picked":"SKIP","floor":11},{"not_picked":["Heavy Blade","Sword Boomerang","Shrug It Off"],"picked":"SKIP","floor":12},{"not_picked":["Dropkick","Iron Wave","Sword Boomerang"],"picked":"SKIP","floor":13},{"not_picked":["Pummel","Iron Wave"],"picked":"Dropkick","floor":14},{"not_picked":["Sever Soul","Twin Strike"],"picked":"Bludgeon","floor":15},{"not_picked":["Exhume","Berserk"],"picked":"Feed","floor":16},{"not_picked":["Intimidate","Warcry","Wild Strike"],"picked":"SKIP","floor":18},{"not_picked":["Anger","Rupture","Twin Strike"],"picked":"SKIP","floor":19},{"not_picked":["Clothesline","Shrug It Off"],"picked":"Flame Barrier","floor":21},{"not_picked":["Pommel Strike","Reckless Charge","Hemokinesis+1"],"picked":"SKIP","floor":24},{"not_picked":["Clothesline","Perfected Strike","Thunderclap"],"picked":"SKIP","floor":25},{"not_picked":["Iron Wave","Warcry","True Grit"],"picked":"SKIP","floor":27},{"not_picked":["Warcry","Clothesline"],"picked":"Power Through+1","floor":29},{"not_picked":["Thunderclap","Corruption"],"picked":"Warcry+1","floor":30},{"not_picked":["Flex","Cleave"],"picked":"Battle Trance","floor":31}],"player_experience":625503,"relics_obtained":[{"floor":9,"key":"Self Forming Clay"},{"floor":10,"key":"Gambling Chip"},{"floor":22,"key":"The Courier"},{"floor":26,"key":"Regal Pillow"},{"floor":31,"key":"Juzu Bracelet"}],"event_choices":[{"damage_healed":0,"gold_gain":0,"player_choice":"Shed Blood","damage_taken":22,"max_hp_gain":5,"max_hp_loss":0,"event_name":"Forgotten Altar","floor":28,"gold_loss":0}],"is_beta":false,"boss_relics":[{"not_picked":["Runic Cube","Busted Crown"],"picked":"Sozu"}],"items_purged_floors":[7],"is_endless":false,"potions_floor_spawned":[1,2,4,12,14,18,27,30,31],"killed_by":"Collector","ascension_level":12}