{"path_per_floor":["M","M","M","M","$","R","E","R","T","R","?","M","E","M","R","B",null,"M","M","?","$","?","R","E","M","T","M","?","M","R","M","R"],"character_chosen":"IRONCLAD","items_purchased":["Dropkick","Strange Spoon"],"gold_per_floor":[116,128,148,166,16,16,43,43,118,118,118,131,165,183,183,262,262,274,294,209,8,8,8,33,47,47,61,61,72,72,85,85,85],"floor_reached":33,"campfire_rested":0,"playtime":2340,"current_hp_per_floor":[63,69,75,75,75,75,72,72,72,72,57,55,57,59,59,41,67,63,65,65,65,65,65,37,39,39,46,71,59,59,58,58,0],"items_purged":["Strike_R"],"gold":85,"score":474,"play_id":"1948b4a7-f153-4e87-9c39-9e5c42fb06d5","local_time":"20180510195306","is_prod":false,"is_daily":false,"chose_seed":false,"is_ascension_mode":true,"campfire_upgraded":7,"timestamp":1526007186,"path_taken":["M","M","M","M","$","R","E","R","T","R","?","M","E","M","R","BOSS","M","M","?","$","?","R","E","M","T","M","?","M","R","M","R","BOSS"],"build_version":"2018-05-10","seed_source_timestamp":1643879069298302,"purchased_purges":1,"victory":false,"master_deck":["Strike_R","Strike_R","Strike_R","Defend_R","Defend_R","Defend_R","Defend_R","Bash","AscendersBane","Pummel+1","Uppercut+1","Dropkick+1","Pommel Strike","Shockwave+1","Dropkick+1","Shrug It Off+1","Corruption+1","Double Tap+1","Metallicize+1","Armaments+1","Whirlwind+1","Injury","Second Wind+1"],"max_hp_per_floor":[75,75,75,75,75,75,75,75,75,75,75,75,75,75,75,75,75,75,75,75,75,75,75,75,75,75,75,75,75,75,75,75,75],"relics":["Burning Blood","Ginger","Centennial Puzzle","Oddly Smooth Stone","Cursed Key","Ice Cream","Strange Spoon","Bronze Scales","Paper Frog"],"card_choices":[{"not_picked":["Clash","Armaments"],"picked":"Uppercut","floor":1},{"not_picked":["Thunderclap","Iron Wave"],"picked":"Dropkick","floor":2},{"not_picked":["Thunderclap","Clash"],"picked":"Pommel Strike","floor":3},{"not_picked":["Immolate","Clash"],"picked":"Shockwave","floor":4},{"not_picked":["Rupture","Sword Boomerang"],"picked":"Shrug It Off","floor":7},{"not_picked":["Sword Boomerang","Carnage"],"picked":"Corruption","floor":13},{"not_picked":["Impervious","Barricade"],"picked":"Double Tap","floor":16},{"not_picked":["Shrug It Off","Headbutt"],"picked":"Metallicize","floor":18},{"not_picked":["Anger","Uppercut"],"picked":"Armaments","floor":19},{"not_picked":["Anger","Clothesline"],"picked":"Whirlwind","floor":25},{"not_picked":["Warcry","Twin Strike"],"picked":"Second Wind","floor":29}],"player_experience":558498,"potions_floor_usage":[7,24,27,27,33,33],"damage_taken":[{"damage":11,"enemies":"Small Slimes","floor":1,"turns":4},{"damage":0,"enemies":"2 Louse","floor":2,"turns":2},{"damage":0,"enemies":"Cultist","floor":3,"turns":3},{"damage":6,"enemies":"2 Fungi Beasts","floor":4,"turns":4},{"damage":9,"enemies":"3 Sentries","floor":7,"turns":7},{"damage":8,"enemies":"Blue Slaver","floor":12,"turns":3},{"damage":4,"enemies":"Lagavulin","floor":13,"turns":6},{"damage":4,"enemies":"Exordium Thugs","floor":14,"turns":4},{"damage":24,"enemies":"The Guardian","floor":16,"turns":12},{"damage":10,"enemies":"Shell Parasite","floor":18,"turns":4},{"damage":4,"enemies":"2 Thieves","floor":19,"turns":5},{"damage":34,"enemies":"Gremlin Leader","floor":24,"turns":5},{"damage":4,"enemies":"Slaver and Parasite","floor":25,"turns":4},{"damage":6,"enemies":"3 Cultists","floor":27,"turns":4},{"damage":18,"enemies":"Snake Plant","floor":29,"turns":2},{"damage":7,"enemies":"Centurion and Healer","floor":31,"turns":4},{"damage":64,"enemies":"Automaton","floor":33,"turns":6}],"event_choices":[{"event_name":"Shining Light","player_choice":"Entered Light","floor":11,"damage_taken":0},{"event_name":"Addict","player_choice":"Obtained Relic","floor":20,"damage_taken":0},{"event_name":"Vampires","player_choice":"Ignored","floor":22,"damage_taken":0},{"event_name":"The Library","player_choice":"Heal","floor":28,"damage_taken":0}],"boss_relics":[{"not_picked":["Lizard Tail","Sozu"],"picked":"Cursed Key"}],"potions_floor_spawned":[1,2,3,7,16,18,19,29],"seed_played":"960685918761655362","killed_by":"Automaton","ascension_level":14,"is_trial":false}