{"gold_per_floor":[112,2,17,33,33,33,74,74,74,113,143,143,17,37,37,163,163,178,478,494,494],"floor_reached":21,"playtime":837,"items_purged":["Strike_B"],"score":262,"play_id":"133feb9c-a59a-4d4c-a275-847a4e1ef867","local_time":"20190225105922","is_ascension_mode":true,"campfire_choices":[{"data":"Defragment","floor":6,"key":"SMITH"},{"data":"Capacitor","floor":8,"key":"SMITH"},{"floor":15,"key":"REST"}],"neow_cost":"NONE","seed_source_timestamp":884454661323385,"circlet_count":0,"master_deck":["Strike_B","Strike_B","Strike_B","Defend_B","Defend_B","Defend_B","Defend_B","Zap+1","Dualcast+1","Defragment+1","Capacitor+1","Ball Lightning","Cold Snap","Loop","Cold Snap","Buffer","Barrage","Cold Snap"],"relics":["Cracked Core","Golden Idol","Dodecahedron","Pantograph","Potion Belt","Tiny Chest","Inserter","Old Coin"],"potions_floor_usage":[16,16,21,21,21],"damage_taken":[{"damage":0,"enemies":"Jaw Worm","floor":1,"turns":3},{"damage":4,"enemies":"Small Slimes","floor":3,"turns":4},{"damage":1,"enemies":"Cultist","floor":4,"turns":3},{"damage":25,"enemies":"Lagavulin","floor":7,"turns":5},{"damage":14,"enemies":"3 Sentries","floor":10,"turns":6},{"damage":3,"enemies":"Exordium Thugs","floor":14,"turns":4},{"damage":21,"enemies":"Slime Boss","floor":16,"turns":11},{"damage":15,"enemies":"Shell Parasite","floor":18,"turns":7},{"damage":32,"enemies":"3 Byrds","floor":20,"turns":5},{"damage":23,"enemies":"Snake Plant","floor":21,"turns":3}],"seed_played":"-132550903878952170","potions_obtained":[{"floor":7,"key":"Weak Potion"},{"floor":10,"key":"Regen Potion"},{"floor":14,"key":"Ancient Potion"},{"floor":16,"key":"SteroidPotion"}],"is_trial":false,"path_per_floor":["M","$","M","M","?","R","E","R","T","E","?","?","$","M","R","B",null,"M","T","M","M"],"character_chosen":"DEFECT","items_purchased":["Capacitor","Loop","SpeedPotion"],"campfire_rested":1,"item_purchase_floors":[2,13,13],"current_hp_per_floor":[68,68,64,63,63,63,38,38,38,24,24,24,24,21,41,60,67,52,52,20,0],"gold":494,"neow_bonus":"UPGRADE_CARD","is_prod":false,"is_daily":false,"chose_seed":false,"campfire_upgraded":2,"win_rate":0,"timestamp":1551088762,"path_taken":["M","$","M","M","?","R","E","R","T","E","?","?","$","M","R","BOSS","M","?","M","M"],"build_version":"2019-01-23","purchased_purges":1,"victory":false,"max_hp_per_floor":[75,75,75,75,69,69,69,69,69,69,69,69,69,69,69,69,69,69,69,69,69],"card_choices":[{"not_picked":["Stack","Go for the Eyes"],"picked":"Defragment","floor":1},{"not_picked":["Leap","Lockon"],"picked":"Ball Lightning","floor":3},{"not_picked":["Gash","Rebound","Turbo"],"picked":"SKIP","floor":4},{"not_picked":["Steam Power","Rebound"],"picked":"Cold Snap","floor":7},{"not_picked":["Genetic Algorithm","Beam Cell","Undo"],"picked":"SKIP","floor":10},{"not_picked":["Tempest","Compile Driver"],"picked":"Cold Snap","floor":14},{"not_picked":["All For One","Machine Learning"],"picked":"Buffer","floor":16},{"not_picked":["Hello World","Force Field+1"],"picked":"Barrage","floor":18},{"not_picked":["Streamline","Doom and Gloom"],"picked":"Cold Snap","floor":20}],"player_experience":484458,"relics_obtained":[{"floor":7,"key":"Dodecahedron"},{"floor":9,"key":"Pantograph"},{"floor":10,"key":"Potion Belt"},{"floor":19,"key":"Old Coin"}],"event_choices":[{"damage_healed":0,"gold_gain":0,"player_choice":"Lose Max HP","damage_taken":0,"relics_obtained":["Golden Idol"],"max_hp_gain":0,"max_hp_loss":6,"event_name":"Golden Idol","floor":5,"gold_loss":0},{"damage_healed":0,"gold_gain":0,"player_choice":"Searched \u00271\u0027 times","damage_taken":0,"relics_obtained":["Tiny Chest"],"max_hp_gain":0,"max_hp_loss":0,"event_name":"Dead Adventurer","floor":11,"gold_loss":0},{"damage_healed":0,"gold_gain":0,"player_choice":"Upgraded","damage_taken":0,"max_hp_gain":0,"max_hp_loss":0,"event_name":"Upgrade Shrine","floor":12,"gold_loss":0,"cards_upgraded":["Dualcast"]}],"is_beta":false,"boss_relics":[{"not_picked":["Ectoplasm","Velvet Choker"],"picked":"Inserter"}],"items_purged_floors":[2],"is_endless":false,"potions_floor_spawned":[7,10,14,16],"killed_by":"Snake Plant","ascension_level":8}