{"gold_per_floor":[109,127,147,163,16,16,35,35,58,89,101,101,111,111,111,207,207,195,195,95,113,113],"floor_reached":22,"playtime":1494,"items_purged":["Strike_R","Strike_R"],"score":291,"play_id":"e1c93e79-3338-495c-86f2-f0d0e3ac20a3","local_time":"20190227120610","is_ascension_mode":true,"campfire_choices":[{"data":"Armaments","floor":6,"key":"SMITH"},{"data":"Spot Weakness","floor":8,"key":"SMITH"},{"data":"Disarm","floor":12,"key":"SMITH"},{"floor":15,"key":"REST"}],"neow_cost":"NONE","seed_source_timestamp":1060611353373523,"circlet_count":0,"master_deck":["AscendersBane","Strike_R+1","Strike_R+1","Defend_R","Defend_R","Defend_R","Defend_R","Bash","Heavy Blade","Armaments+1","Feel No Pain","True Grit","Inflame","Spot Weakness+1","Twin Strike","Disarm+1","Fiend Fire","Cleave"],"relics":["Burning Blood","Bronze Scales","Juzu Bracelet","Lizard Tail"],"potions_floor_usage":[10,16,22],"damage_taken":[{"damage":0,"enemies":"2 Louse","floor":1,"turns":2},{"damage":7,"enemies":"Small Slimes","floor":2,"turns":3},{"damage":6,"enemies":"Cultist","floor":3,"turns":4},{"damage":1,"enemies":"Large Slime","floor":4,"turns":8},{"damage":7,"enemies":"Exordium Wildlife","floor":7,"turns":4},{"damage":32,"enemies":"Gremlin Nob","floor":10,"turns":5},{"damage":28,"enemies":"Exordium Thugs","floor":11,"turns":4},{"damage":5,"enemies":"Blue Slaver","floor":13,"turns":4},{"damage":31,"enemies":"The Guardian","floor":16,"turns":13},{"damage":33,"enemies":"2 Thieves","floor":18,"turns":4},{"damage":22,"enemies":"3 Byrds","floor":21,"turns":4},{"damage":79,"enemies":"3 Cultists","floor":22,"turns":6}],"seed_played":"-9053001265771657440","potions_obtained":[{"floor":2,"key":"Weak Potion"},{"floor":3,"key":"SpeedPotion"},{"floor":10,"key":"Dexterity Potion"}],"is_trial":false,"path_per_floor":["M","M","M","M","$","R","M","R","T","E","M","R","M","?","R","B",null,"M","?","$","M","M"],"character_chosen":"IRONCLAD","items_purchased":["Inflame"],"campfire_rested":1,"item_purchase_floors":[5],"current_hp_per_floor":[86,85,85,88,88,88,87,87,87,61,39,39,40,22,48,23,72,45,45,45,29,0],"gold":113,"neow_bonus":"TEN_PERCENT_HP_BONUS","is_prod":false,"is_daily":false,"chose_seed":false,"campfire_upgraded":3,"win_rate":0,"timestamp":1551265570,"path_taken":["M","M","M","M","$","R","M","R","T","E","M","R","M","?","R","BOSS","M","?","?","M","M"],"build_version":"2019-01-23","purchased_purges":2,"victory":false,"max_hp_per_floor":[88,88,88,88,88,88,88,88,88,88,88,88,88,88,88,88,88,88,88,88,88,88],"card_choices":[{"not_picked":["Twin Strike","Power Through"],"picked":"Heavy Blade","floor":1},{"not_picked":["Sever Soul","Sword Boomerang"],"picked":"Armaments","floor":2},{"not_picked":["Bloodletting","Clash"],"picked":"Feel No Pain","floor":3},{"not_picked":["Burning Pact","Clothesline"],"picked":"True Grit","floor":4},{"not_picked":["Body Slam","Immolate"],"picked":"Spot Weakness","floor":7},{"not_picked":["Heavy Blade","Headbutt"],"picked":"Twin Strike","floor":10},{"not_picked":["Blood for Blood","Iron Wave"],"picked":"Disarm","floor":11},{"not_picked":["Clash","Wild Strike","Intimidate"],"picked":"SKIP","floor":13},{"not_picked":["Feed","Demon Form"],"picked":"Fiend Fire","floor":16},{"not_picked":["Clothesline","Iron Wave+1","Body Slam"],"picked":"SKIP","floor":18},{"not_picked":["Heavy Blade","Thunderclap"],"picked":"Cleave","floor":21}],"player_experience":589466,"relics_obtained":[{"floor":9,"key":"Bronze Scales"},{"floor":10,"key":"Juzu Bracelet"}],"event_choices":[{"damage_healed":0,"gold_gain":0,"player_choice":"Entered Light","damage_taken":18,"max_hp_gain":0,"max_hp_loss":0,"event_name":"Shining Light","floor":14,"gold_loss":0,"cards_upgraded":["Strike_R","Strike_R"]},{"cards_removed":["Strike_R"],"damage_healed":0,"gold_gain":0,"player_choice":"Purged","damage_taken":0,"max_hp_gain":0,"max_hp_loss":0,"event_name":"Purifier","floor":19,"gold_loss":0}],"is_beta":false,"boss_relics":[{"not_picked":["Tiny House","Runic Pyramid"],"picked":"Lizard Tail"}],"items_purged_floors":[5,20],"is_endless":false,"potions_floor_spawned":[2,3,7,10,13],"killed_by":"3 Cultists","ascension_level":11}