{"gold_per_floor":[20,31,106,122,122,122,139,139,187,187,199,233,245,265,265,369,369,384,384,400,416,74,74,86,86,155,155,155,185,201,217,217,316,316,334,334,27,27,47,47,67,67,67,67,92,92,110,144,144,144],"floor_reached":51,"playtime":1493,"items_purged":["Shame"],"score":829,"play_id":"1fb83550-b39f-4656-ba62-03d7bebede03","local_time":"20190226024057","is_ascension_mode":false,"campfire_choices":[{"data":"Zap","floor":6,"key":"SMITH"},{"data":"Lockon","floor":8,"key":"SMITH"},{"data":"Beam Cell","floor":10,"key":"SMITH"},{"data":"White Noise","floor":15,"key":"SMITH"},{"data":"Dualcast","floor":23,"key":"SMITH"},{"data":"White Noise","floor":25,"key":"SMITH"},{"data":"Seek","floor":27,"key":"SMITH"},{"data":"Capacitor","floor":32,"key":"SMITH"},{"data":"Reboot","floor":40,"key":"SMITH"},{"data":"Coolheaded","floor":44,"key":"SMITH"},{"data":"Thunder Strike","floor":49,"key":"SMITH"}],"neow_cost":"NO_GOLD","seed_source_timestamp":48192486564790,"circlet_count":0,"master_deck":["Strike_B","Strike_B","Strike_B","Strike_B","Defend_B","Defend_B+1","Defend_B","Defend_B","Zap+1","Dualcast+1","Skim+1","Beam Cell+1","Turbo+1","Lockon+1","Auto Shields+1","White Noise+1","Seek+1","Coolheaded+1","Electrodynamics","Lockon+1","Conserve Battery","White Noise+1","Electrodynamics","Capacitor+1","Hello World","Defragment+1","Ball Lightning+1","Ball Lightning+1","Consume+1","Reboot+1","Cold Snap","Cold Snap+1","Seek+1","Electrodynamics","Conserve Battery","Heatsinks+1","Heatsinks+1","Compile Driver","Redo+1","Thunder Strike+1","Ball Lightning","Conserve Battery+1"],"relics":["Cracked Core","FossilizedHelix","Lantern","War Paint","Coffee Dripper","Prayer Wheel","OrangePellets","Mercury Hourglass","Nilry\u0027s Codex","Bottled Tornado","Sozu","PreservedInsect","Blood Vial","Letter Opener","Juzu Bracelet"],"potions_floor_usage":[12,14,29,33],"damage_taken":[{"damage":0,"enemies":"Cultist","floor":1,"turns":4},{"damage":0,"enemies":"Small Slimes","floor":2,"turns":4},{"damage":0,"enemies":"Jaw Worm","floor":4,"turns":4},{"damage":0,"enemies":"Exordium Thugs","floor":7,"turns":4},{"damage":0,"enemies":"Blue Slaver","floor":11,"turns":1},{"damage":0,"enemies":"Gremlin Nob","floor":12,"turns":3},{"damage":0,"enemies":"Red Slaver","floor":13,"turns":2},{"damage":0,"enemies":"Lots of Slimes","floor":14,"turns":3},{"damage":18,"enemies":"The Guardian","floor":16,"turns":14},{"damage":0,"enemies":"Spheric Guardian","floor":18,"turns":4},{"damage":0,"enemies":"3 Byrds","floor":20,"turns":2},{"damage":0,"enemies":"Centurion and Healer","floor":21,"turns":4},{"damage":0,"enemies":"Cultist and Chosen","floor":24,"turns":3},{"damage":41,"enemies":"Slavers","floor":29,"turns":3},{"damage":0,"enemies":"Snake Plant","floor":30,"turns":2},{"damage":0,"enemies":"Snecko","floor":31,"turns":2},{"damage":6,"enemies":"Champ","floor":33,"turns":7},{"damage":0,"enemies":"3 Darklings","floor":35,"turns":2},{"damage":0,"enemies":"3 Shapes","floor":39,"turns":2},{"damage":0,"enemies":"Spire Growth","floor":41,"turns":3},{"damage":0,"enemies":"Nemesis","floor":45,"turns":3},{"damage":0,"enemies":"3 Darklings","floor":47,"turns":1},{"damage":0,"enemies":"Giant Head","floor":48,"turns":3},{"damage":4,"enemies":"Awakened One","floor":50,"turns":8}],"seed_played":"5270954040440459963","potions_obtained":[{"floor":2,"key":"Fire Potion"},{"floor":7,"key":"Ancient Potion"},{"floor":12,"key":"Poison Potion"},{"floor":20,"key":"Regen Potion"},{"floor":29,"key":"Energy Potion"}],"is_trial":false,"path_per_floor":["M","M","?","M","?","R","M","R","T","R","M","E","M","M","R","B",null,"M","?","M","M","$","R","M","R","T","R","?","E","M","M","R","B",null,"M","?","$","$","M","R","M","$","T","R","E","$","M","E","R","B",null],"character_chosen":"DEFECT","items_purchased":["OrangePellets","Hello World","PreservedInsect","Electrodynamics"],"campfire_rested":0,"item_purchase_floors":[22,22,37,37],"current_hp_per_floor":[75,75,64,64,49,49,49,49,49,49,49,49,49,49,49,31,75,75,75,75,75,75,75,75,75,75,75,59,27,27,27,27,21,75,75,75,75,75,75,75,75,75,75,75,75,75,75,75,75,71],"gold":144,"neow_bonus":"ONE_RARE_RELIC","is_prod":false,"is_daily":false,"chose_seed":false,"campfire_upgraded":11,"win_rate":0,"timestamp":1551170457,"path_taken":["M","?","?","M","?","R","?","R","T","R","M","E","M","M","R","BOSS","M","?","M","M","$","R","M","R","T","R","?","E","?","M","R","BOSS","M","?","?","$","M","R","?","$","T","R","E","?","M","E","R","BOSS"],"build_version":"2019-01-23","purchased_purges":1,"victory":true,"max_hp_per_floor":[75,75,75,75,75,75,75,75,75,75,75,75,75,75,75,75,75,75,75,75,75,75,75,75,75,75,75,75,75,75,75,75,75,75,75,75,75,75,75,75,75,75,75,75,75,75,75,75,75,75],"card_choices":[{"not_picked":["Turbo","Skim","Sweeping Beam"],"picked":"SKIP","floor":1},{"not_picked":["Turbo","Sweeping Beam"],"picked":"Skim","floor":1},{"not_picked":["Compile Driver","Stack"],"picked":"Beam Cell","floor":2},{"not_picked":["Rainbow","Compile Driver"],"picked":"Turbo","floor":4},{"not_picked":["Coolheaded","Sweeping Beam"],"picked":"Lockon","floor":7},{"not_picked":["Compile Driver","Blizzard"],"picked":"Auto Shields","floor":11},{"not_picked":["Barrage","Hello World"],"picked":"White Noise","floor":12},{"not_picked":["Leap","Redo"],"picked":"Seek","floor":13},{"not_picked":["Barrage","Stack"],"picked":"Coolheaded","floor":14},{"not_picked":["Seek","Meteor Strike"],"picked":"Electrodynamics","floor":16},{"not_picked":["Static Discharge","Conserve Battery"],"picked":"Lockon+1","floor":18},{"not_picked":["Redo","Scrape"],"picked":"Conserve Battery","floor":20},{"not_picked":["Leap","Beam Cell"],"picked":"White Noise","floor":20},{"not_picked":["Rip and Tear","Steam"],"picked":"Electrodynamics","floor":21},{"not_picked":["Static Discharge","White Noise"],"picked":"Capacitor","floor":21},{"not_picked":["Compile Driver","Stack"],"picked":"Defragment+1","floor":24},{"not_picked":["Stack","Genetic Algorithm","Loop"],"picked":"SKIP","floor":24},{"not_picked":["Steam","Streamline","Chaos"],"picked":"SKIP","floor":29},{"not_picked":["Rebound","Beam Cell"],"picked":"Ball Lightning+1","floor":30},{"not_picked":["Barrage","Coolheaded"],"picked":"Ball Lightning+1","floor":30},{"not_picked":["White Noise","Skim"],"picked":"Consume+1","floor":31},{"not_picked":["Recycle+1","Beam Cell","Gash"],"picked":"SKIP","floor":31},{"not_picked":["Creative AI","Core Surge"],"picked":"Reboot","floor":33},{"not_picked":["Redo+1","Stack+1"],"picked":"Cold Snap","floor":35},{"not_picked":["Rebound+1","BootSequence"],"picked":"Cold Snap+1","floor":35},{"not_picked":["Steam","Double Energy"],"picked":"Conserve Battery","floor":39},{"not_picked":["Gash","Sweeping Beam+1"],"picked":"Heatsinks+1","floor":39},{"not_picked":["Streamline+1","Consume"],"picked":"Heatsinks+1","floor":41},{"not_picked":["Steam+1","Recycle+1"],"picked":"Compile Driver","floor":41},{"not_picked":["Stack","Streamline+1"],"picked":"Redo+1","floor":45},{"not_picked":["Leap","Steam"],"picked":"Thunder Strike","floor":47},{"not_picked":["Steam+1","Stack+1"],"picked":"Ball Lightning","floor":47},{"not_picked":["FTL+1","Redo+1"],"picked":"Conserve Battery+1","floor":48}],"player_experience":927839,"relics_obtained":[{"floor":9,"key":"Lantern"},{"floor":12,"key":"War Paint"},{"floor":26,"key":"Mercury Hourglass"},{"floor":28,"key":"Nilry\u0027s Codex"},{"floor":29,"key":"Bottled Tornado"},{"floor":43,"key":"Blood Vial"},{"floor":45,"key":"Letter Opener"},{"floor":48,"key":"Juzu Bracelet"}],"event_choices":[{"damage_healed":0,"gold_gain":75,"player_choice":"Gather Gold","damage_taken":11,"max_hp_gain":0,"max_hp_loss":0,"event_name":"World of Goop","floor":3,"gold_loss":0},{"damage_healed":0,"gold_gain":0,"player_choice":"Entered Light","damage_taken":15,"max_hp_gain":0,"max_hp_loss":0,"event_name":"Shining Light","floor":5,"gold_loss":0,"cards_upgraded":["Skim","Defend_B"]},{"damage_healed":0,"gold_gain":0,"player_choice":"Stole Relic","damage_taken":0,"relics_obtained":["Prayer Wheel"],"max_hp_gain":0,"max_hp_loss":0,"event_name":"Addict","floor":19,"gold_loss":0,"cards_obtained":["Shame"]},{"damage_healed":0,"gold_gain":0,"player_choice":"Obtained Book","damage_taken":16,"max_hp_gain":0,"max_hp_loss":0,"event_name":"Cursed Tome","floor":28,"gold_loss":0},{"damage_healed":0,"gold_gain":0,"player_choice":"Copied","damage_taken":0,"max_hp_gain":0,"max_hp_loss":0,"event_name":"Duplicator","floor":36,"gold_loss":0,"cards_obtained":["Seek"]}],"is_beta":false,"boss_relics":[{"not_picked":["Lizard Tail","FrozenCore"],"picked":"Coffee Dripper"},{"not_picked":["Philosopher\u0027s Stone","Runic Dome"],"picked":"Sozu"}],"items_purged_floors":[22],"is_endless":false,"potions_floor_spawned":[2,7,12,20,29,39,47],"ascension_level":0}