{"gold_per_floor":[118,118,20,40,59,89,89,100,100,100,50,65,65,80,80,80],"floor_reached":16,"playtime":694,"items_purged":["Decay"],"score":102,"play_id":"daa9eac7-e14f-400f-bbf7-f62b627e5e9f","local_time":"20190215115403","is_ascension_mode":false,"campfire_choices":[{"data":"Zap","floor":7,"key":"SMITH"},{"data":"Dualcast","floor":10,"key":"SMITH"},{"data":"Turbo","floor":13,"key":"SMITH"},{"floor":15,"key":"REST"}],"neow_cost":"NONE","seed_source_timestamp":2736512095778862,"circlet_count":0,"master_deck":["Strike_B","Strike_B","Strike_B","Defend_B","Defend_B","Defend_B","Defend_B","Zap+1","Dualcast+1","Steam","Compile Driver","Beam Cell","Genetic Algorithm","Cold Snap","Turbo+1","Cold Snap"],"relics":["Cracked Core","Art of War","Bottled Lightning"],"potions_floor_usage":[6,16],"damage_taken":[{"damage":0,"enemies":"Cultist","floor":1,"turns":4},{"damage":1,"enemies":"Jaw Worm","floor":4,"turns":3},{"damage":0,"enemies":"2 Louse","floor":5,"turns":3},{"damage":23,"enemies":"Gremlin Nob","floor":6,"turns":4},{"damage":22,"enemies":"Lots of Slimes","floor":8,"turns":4},{"damage":5,"enemies":"3 Louse","floor":12,"turns":3},{"damage":1,"enemies":"Blue Slaver","floor":14,"turns":2},{"damage":56,"enemies":"Slime Boss","floor":16,"turns":10}],"seed_played":"4075202063210530007","potions_obtained":[{"floor":1,"key":"Fire Potion"},{"floor":5,"key":"SneckoOil"},{"floor":6,"key":"Regen Potion"}],"is_trial":false,"path_per_floor":["M","?","$","M","M","E","R","M","T","R","?","M","R","M","R","B"],"character_chosen":"DEFECT","items_purchased":["Beam Cell"],"campfire_rested":1,"item_purchase_floors":[3],"current_hp_per_floor":[75,75,75,74,74,51,51,29,29,29,29,24,24,23,45,0],"gold":80,"neow_bonus":"THREE_CARDS","is_prod":false,"is_daily":false,"chose_seed":false,"campfire_upgraded":3,"win_rate":0.0,"timestamp":1550249643,"path_taken":["M","?","$","?","M","E","R","M","T","R","?","M","R","M","R","BOSS"],"build_version":"2019-02-06","purchased_purges":1,"victory":false,"max_hp_per_floor":[75,75,75,75,75,75,75,75,75,75,75,75,75,75,75,75],"card_choices":[{"not_picked":["Streamline","Force Field"],"picked":"Steam","floor":0},{"not_picked":["Go for the Eyes","Steam"],"picked":"Compile Driver","floor":1},{"not_picked":["Conserve Battery","Leap","Compile Driver"],"picked":"SKIP","floor":4},{"not_picked":["Streamline","Hologram","Melter"],"picked":"SKIP","floor":5},{"not_picked":["Redo","Tempest"],"picked":"Genetic Algorithm","floor":6},{"not_picked":["Rebound","Skim"],"picked":"Cold Snap","floor":8},{"not_picked":["Biased Cognition","Beam Cell"],"picked":"Turbo","floor":12},{"not_picked":["Rebound","Steam"],"picked":"Cold Snap","floor":14}],"player_experience":115685,"relics_obtained":[{"floor":6,"key":"Art of War"},{"floor":9,"key":"Bottled Lightning"}],"event_choices":[{"damage_healed":0,"gold_gain":0,"player_choice":"Cursed","damage_taken":0,"max_hp_gain":0,"max_hp_loss":0,"event_name":"Wheel of Change","floor":2,"gold_loss":0,"cards_obtained":["Decay"]},{"cards_removed":["Strike_B"],"damage_healed":0,"gold_gain":0,"player_choice":"Card Removal","damage_taken":0,"max_hp_gain":0,"max_hp_loss":0,"event_name":"The Cleric","floor":11,"gold_loss":50}],"is_beta":true,"boss_relics":[],"items_purged_floors":[3],"is_endless":false,"potions_floor_spawned":[1,5,6],"killed_by":"Slime Boss","ascension_level":0}