{"gold_per_floor":[119,44,59,59,134,163,176,176,247,247,258,287,287,40,40,140,190,209,229,66,84,84,84,113,113,113,113,130,24,24],"floor_reached":30,"playtime":1810,"items_purged":["Strike_R","Strike_R","Strike_R"],"score":337,"play_id":"368af3ad-75e1-493c-b5ef-deaf5ca3d599","local_time":"20190221195425","is_ascension_mode":true,"campfire_choices":[{"data":"Disarm","floor":8,"key":"SMITH"},{"data":"Bash","floor":10,"key":"SMITH"},{"floor":15,"key":"REST"},{"floor":23,"key":"REST"},{"data":"Metallicize","floor":25,"key":"SMITH"}],"neow_cost":"NONE","seed_source_timestamp":569979894316219,"circlet_count":0,"master_deck":["Strike_R","Strike_R+1","Defend_R","Defend_R+1","Defend_R+1","Defend_R","Bash+1","Disarm+1","Thunderclap","Impervious","Whirlwind+1","Feel No Pain","Feed","Double Tap","True Grit","Sentinel","Corruption","Power Through","Metallicize+1","Exhume","Havoc","Headbutt"],"relics":["Burning Blood","NeowsBlessing","Pen Nib","War Paint","Question Card","Bag of Marbles","Torii","Bottled Tornado","Nloth\u0027s Gift"],"potions_floor_usage":[12,16,21,21,24,24,28,28,30],"damage_taken":[{"damage":0,"enemies":"Cultist","floor":1,"turns":1},{"damage":0,"enemies":"Jaw Worm","floor":3,"turns":1},{"damage":0,"enemies":"Gremlin Nob","floor":6,"turns":1},{"damage":0,"enemies":"Small Slimes","floor":7,"turns":3},{"damage":13,"enemies":"Exordium Thugs","floor":11,"turns":6},{"damage":34,"enemies":"Lagavulin","floor":12,"turns":11},{"damage":27,"enemies":"Slime Boss","floor":16,"turns":5},{"damage":44,"enemies":"Spheric Guardian","floor":18,"turns":9},{"damage":23,"enemies":"Shell Parasite","floor":19,"turns":8},{"damage":19,"enemies":"Snake Plant","floor":21,"turns":2},{"damage":23,"enemies":"Book of Stabbing","floor":24,"turns":9},{"damage":19,"enemies":"Cultist and Chosen","floor":28,"turns":9},{"damage":18,"enemies":"Snecko","floor":30,"turns":4}],"seed_played":"3278063176069671629","potions_obtained":[{"floor":1,"key":"SkillPotion"},{"floor":11,"key":"Strength Potion"},{"floor":16,"key":"AttackPotion"},{"floor":17,"key":"EntropicBrew"},{"floor":24,"key":"AttackPotion"},{"floor":28,"key":"Ancient Potion"}],"is_trial":false,"path_per_floor":["M","$","M","?","?","E","M","R","T","R","M","E","?","$","R","B",null,"M","M","$","M","$","R","E","R","T","?","M","$","M"],"character_chosen":"IRONCLAD","items_purchased":["Feel No Pain","Feed","Corruption","Havoc","Headbutt"],"campfire_rested":2,"item_purchase_floors":[14,14,20,29,29],"current_hp_per_floor":[80,80,80,77,66,72,78,78,78,78,71,43,43,43,67,46,85,47,30,30,17,17,42,25,25,25,25,15,15,0],"gold":24,"neow_bonus":"THREE_ENEMY_KILL","is_prod":false,"is_daily":false,"chose_seed":false,"campfire_upgraded":3,"win_rate":0,"timestamp":1550775265,"path_taken":["M","$","M","?","?","E","M","R","T","R","M","E","?","$","R","BOSS","M","M","$","M","$","R","E","R","T","?","M","?","M"],"build_version":"2019-01-23","purchased_purges":3,"victory":false,"max_hp_per_floor":[80,80,80,80,80,80,80,80,80,80,80,80,80,80,80,80,85,85,85,85,85,85,85,85,85,85,85,88,88,88],"card_choices":[{"not_picked":["Clash","Anger"],"picked":"Disarm","floor":1},{"not_picked":["Pommel Strike","Sentinel"],"picked":"Thunderclap","floor":3},{"not_picked":["Uppercut","Anger","Body Slam"],"picked":"SKIP","floor":6},{"not_picked":["Wild Strike","Brutality","Anger"],"picked":"SKIP","floor":7},{"not_picked":["Body Slam","Perfected Strike","Thunderclap"],"picked":"Impervious","floor":11},{"not_picked":["Havoc","Seeing Red","Body Slam"],"picked":"Whirlwind","floor":12},{"not_picked":["Brutality","Immolate","Bludgeon"],"picked":"Double Tap","floor":16},{"not_picked":["Power Through","Sever Soul","Shrug It Off"],"picked":"True Grit","floor":17},{"not_picked":["Ghostly Armor","Thunderclap+1","Body Slam"],"picked":"Sentinel","floor":18},{"not_picked":["Anger","Cleave+1","Dual Wield","Clothesline"],"picked":"SKIP","floor":19},{"not_picked":["Clothesline","Impervious","Corruption"],"picked":"Power Through","floor":21},{"not_picked":["Uppercut","Inflame","Corruption"],"picked":"Metallicize","floor":24},{"not_picked":["Cleave","Clothesline","Twin Strike"],"picked":"Exhume","floor":28}],"player_experience":323957,"relics_obtained":[{"floor":6,"key":"War Paint"},{"floor":9,"key":"Question Card"},{"floor":12,"key":"Bag of Marbles"},{"floor":24,"key":"Torii"},{"floor":26,"key":"Bottled Tornado"}],"event_choices":[{"damage_healed":0,"gold_gain":0,"player_choice":"Success","damage_taken":3,"relics_obtained":["Pen Nib"],"max_hp_gain":0,"max_hp_loss":0,"event_name":"Scrap Ooze","floor":4,"gold_loss":0},{"damage_healed":0,"gold_gain":75,"player_choice":"Gather Gold","damage_taken":11,"max_hp_gain":0,"max_hp_loss":0,"event_name":"World of Goop","floor":5,"gold_loss":0},{"damage_healed":0,"gold_gain":0,"player_choice":"Grow","damage_taken":0,"max_hp_gain":0,"max_hp_loss":0,"event_name":"Living Wall","floor":13,"gold_loss":0,"cards_upgraded":["Whirlwind"]},{"damage_healed":0,"gold_gain":0,"player_choice":"Traded Relic","damage_taken":0,"relics_obtained":["Nloth\u0027s Gift"],"max_hp_gain":0,"max_hp_loss":0,"event_name":"N\u0027loth","floor":27,"relics_lost":["Tiny House"],"gold_loss":0}],"is_beta":false,"boss_relics":[{"not_picked":["Snecko Eye","Orrery"],"picked":"Tiny House"}],"items_purged_floors":[2,14,20],"is_endless":false,"potions_floor_spawned":[1,11,16,21,24,28],"killed_by":"Snecko","ascension_level":4}