{"gold_per_floor":[113,127,127,146,166,192,192,29,29,54,70,70,82,113,113,191,191,191,191,191,191,191,191,191,191,191,191,191,191,191,191,191,191,191,191,191,191,191,191,191,191,191,191,191,191,191,191,191,191,191,191,191,10,10,10],"floor_reached":55,"playtime":4500,"items_purged":[],"score":1416,"play_id":"29785f25-7117-4040-8ebf-79ed9d7dcbee","local_time":"20190210152458","is_ascension_mode":true,"campfire_choices":[{"data":"Iron Wave","floor":7,"key":"SMITH"},{"data":"Clothesline","floor":12,"key":"SMITH"},{"floor":15,"key":"REST"},{"floor":23,"key":"REST"},{"floor":30,"key":"REST"},{"floor":32,"key":"REST"},{"data":"Inflame","floor":40,"key":"SMITH"},{"data":"Metallicize","floor":42,"key":"SMITH"},{"floor":47,"key":"RECALL"},{"floor":49,"key":"REST"},{"floor":52,"key":"DIG"}],"neow_cost":"NONE","seed_source_timestamp":1699512260251643,"circlet_count":0,"master_deck":["AscendersBane","Bash","Metallicize+1","Iron Wave+1","Ghostly Armor","Clothesline+1","Metallicize","Iron Wave+1","Thunderclap+1","Rampage+1","Double Tap+1","Feed+1","Feel No Pain","Headbutt+1","Battle Trance+1","Spot Weakness+1","Fire Breathing+1","Feel No Pain","Headbutt+1","Metallicize","Metallicize","Fiend Fire+1","Metallicize","Headbutt+1","Second Wind+1","Inflame+1","Clothesline+1","Bludgeon+1","Ghostly Armor+1","True Grit+1","Burning Pact+1","Thunderclap+1","Havoc+1","Impervious+1","Battle Trance+1","Panacea+1","Havoc+1"],"relics":["Burning Blood","Toxic Egg 2","Orichalcum","Molten Egg 2","Question Card","Paper Frog","Ectoplasm","Thread and Needle","Oddly Smooth Stone","Bag of Preparation","Pandora\u0027s Box","Kunai","Shovel","Magic Flower","Art of War","Ornamental Fan","Boot"],"potions_floor_usage":[10,14,16,22,24,25,31,41,54,54,55],"damage_taken":[{"damage":16,"enemies":"Jaw Worm","floor":1,"turns":7},{"damage":0,"enemies":"Small Slimes","floor":2,"turns":4},{"damage":13,"enemies":"2 Louse","floor":4,"turns":4},{"damage":12,"enemies":"Large Slime","floor":5,"turns":9},{"damage":39,"enemies":"Lagavulin","floor":6,"turns":9},{"damage":13,"enemies":"3 Sentries","floor":10,"turns":12},{"damage":12,"enemies":"3 Louse","floor":11,"turns":4},{"damage":2,"enemies":"Looter","floor":13,"turns":4},{"damage":5,"enemies":"Gremlin Nob","floor":14,"turns":5},{"damage":35,"enemies":"Slime Boss","floor":16,"turns":9},{"damage":4,"enemies":"3 Byrds","floor":18,"turns":5},{"damage":8,"enemies":"Spheric Guardian","floor":19,"turns":4},{"damage":17,"enemies":"Centurion and Healer","floor":20,"turns":9},{"damage":39,"enemies":"Shelled Parasite and Fungi","floor":21,"turns":6},{"damage":15,"enemies":"Snecko","floor":22,"turns":3},{"damage":21,"enemies":"Slavers","floor":24,"turns":4},{"damage":13,"enemies":"3 Cultists","floor":25,"turns":5},{"damage":23,"enemies":"Book of Stabbing","floor":27,"turns":6},{"damage":10,"enemies":"Sentry and Sphere","floor":28,"turns":5},{"damage":4,"enemies":"Snake Plant","floor":29,"turns":6},{"damage":27,"enemies":"Slavers","floor":31,"turns":5},{"damage":43,"enemies":"Collector","floor":33,"turns":11},{"damage":9,"enemies":"3 Darklings","floor":35,"turns":5},{"damage":1,"enemies":"Orb Walker","floor":36,"turns":2},{"damage":36,"enemies":"4 Shapes","floor":38,"turns":6},{"damage":6,"enemies":"Reptomancer","floor":41,"turns":5},{"damage":0,"enemies":"Mind Bloom Boss Battle","floor":44,"turns":5},{"damage":0,"enemies":"Spire Growth","floor":48,"turns":6},{"damage":46,"enemies":"Time Eater","floor":50,"turns":14},{"damage":88,"enemies":"Shield and Spear","floor":54,"turns":8},{"damage":67,"enemies":"The Heart","floor":55,"turns":3}],"seed_played":"2786686041685352284","potions_obtained":[{"floor":4,"key":"Swift Potion"},{"floor":6,"key":"Regen Potion"},{"floor":11,"key":"AttackPotion"},{"floor":14,"key":"Fire Potion"},{"floor":20,"key":"SpeedPotion"},{"floor":21,"key":"EssenceOfSteel"},{"floor":24,"key":"Regen Potion"},{"floor":27,"key":"Weak Potion"},{"floor":29,"key":"BloodPotion"},{"floor":41,"key":"SpeedPotion"},{"floor":44,"key":"SteroidPotion"},{"floor":54,"key":"BloodPotion"}],"is_trial":false,"path_per_floor":["M","M","?","M","M","E","R","$","T","E","M","R","M","E","R","B",null,"M","M","M","M","M","R","E","M","T","E","M","M","R","E","R","B",null,"M","M","?","M","?","R","E","R","T","?","?","T","R","M","R","B",null,"R","$","E","B"],"character_chosen":"IRONCLAD","items_purchased":["Orichalcum","Panacea+1","Regen Potion"],"campfire_rested":5,"item_purchase_floors":[8,53,53],"current_hp_per_floor":[65,71,71,64,58,25,25,25,25,33,27,27,31,32,56,27,68,74,72,61,28,19,44,33,44,44,27,27,29,58,50,80,43,87,88,93,93,63,63,63,63,63,63,73,73,73,73,88,108,77,103,103,103,49,0],"gold":10,"neow_bonus":"TEN_PERCENT_HP_BONUS","is_prod":false,"is_daily":false,"chose_seed":false,"campfire_upgraded":4,"win_rate":0,"timestamp":1549841098,"path_taken":["M","M","?","M","M","E","R","$","T","E","M","R","M","E","R","BOSS","M","M","M","M","M","R","E","M","T","E","M","M","R","E","R","BOSS","M","M","?","M","?","R","E","R","T","?","?","?","R","M","R","BOSS","R","$","E","BOSS"],"build_version":"2019-02-06","purchased_purges":0,"victory":false,"max_hp_per_floor":[82,82,82,82,82,82,82,82,82,82,82,82,82,82,82,82,82,86,86,86,86,86,86,90,94,94,94,98,98,98,102,102,102,102,106,106,106,106,106,106,106,106,106,110,104,104,104,108,108,112,112,112,112,116,116],"card_choices":[{"not_picked":["Headbutt","True Grit"],"picked":"Metallicize","floor":1},{"not_picked":["Headbutt","Feel No Pain"],"picked":"Iron Wave","floor":2},{"not_picked":["Pommel Strike","Rupture"],"picked":"Ghostly Armor","floor":4},{"not_picked":["Cleave","Shockwave"],"picked":"Clothesline","floor":5},{"not_picked":["Warcry","Clash"],"picked":"Metallicize","floor":6},{"not_picked":["Clash+1","Clothesline+1"],"picked":"Iron Wave+1","floor":10},{"not_picked":["Pummel+1","Iron Wave+1","Ghostly Armor+1"],"picked":"Thunderclap+1","floor":11},{"not_picked":["Armaments+1","Clash+1","Shrug It Off+1"],"picked":"Rampage+1","floor":13},{"not_picked":["Iron Wave+1","Dual Wield+1","Thunderclap+1"],"picked":"Double Tap+1","floor":14},{"not_picked":["Impervious+1","Double Tap+1","Reaper+1"],"picked":"Feed+1","floor":16},{"not_picked":["Clash+1","Sever Soul+1","Armaments+1"],"picked":"Feel No Pain","floor":18},{"not_picked":["Blood for Blood+1","Rampage+1","Wild Strike+1"],"picked":"Warcry+1","floor":19},{"not_picked":["Warcry+1","Seeing Red+1","Second Wind+1"],"picked":"Headbutt+1","floor":20},{"not_picked":["Thunderclap+1","Sever Soul+1","Shockwave+1"],"picked":"Battle Trance+1","floor":21},{"not_picked":["Shrug It Off+1","Seeing Red+1","Infernal Blade+1","Iron Wave+1"],"picked":"SKIP","floor":22},{"not_picked":["Exhume+1","Headbutt+1","Body Slam+1"],"picked":"Spot Weakness+1","floor":24},{"not_picked":["Infernal Blade+1","Armaments+1","Body Slam+1"],"picked":"Fire Breathing+1","floor":25},{"not_picked":["Uppercut+1","Havoc+1","Ghostly Armor+1"],"picked":"Feel No Pain","floor":27},{"not_picked":["Hemokinesis+1","Sentinel+1","Warcry+1"],"picked":"Headbutt+1","floor":28},{"not_picked":["Clash+1","Shockwave+1","Bloodletting+1"],"picked":"Metallicize","floor":29},{"not_picked":["Hemokinesis+1","Bloodletting+1","Battle Trance+1"],"picked":"Metallicize","floor":31},{"not_picked":["Reaper+1","Immolate+1","Barricade"],"picked":"Fiend Fire+1","floor":33},{"not_picked":["Body Slam+1","Headbutt+1","Warcry+1"],"picked":"Thunderclap+1","floor":35},{"not_picked":["Whirlwind+1","Sentinel+1","Body Slam+1","Perfected Strike+1"],"picked":"SKIP","floor":36},{"not_picked":["Thunderclap+1","Headbutt+1","Rampage+1"],"picked":"Havoc+1","floor":38},{"not_picked":["Headbutt+1","Pommel Strike+1","Corruption"],"picked":"Impervious+1","floor":41},{"not_picked":["Flex+1","Clash+1","Pommel Strike+1"],"picked":"Battle Trance+1","floor":48},{"not_picked":["Heavy Blade+1","Pommel Strike+1","Twin Strike+1"],"picked":"Havoc+1","floor":54}],"player_experience":762680,"relics_obtained":[{"floor":6,"key":"Toxic Egg 2"},{"floor":9,"key":"Molten Egg 2"},{"floor":10,"key":"Question Card"},{"floor":14,"key":"Paper Frog"},{"floor":24,"key":"Thread and Needle"},{"floor":27,"key":"Oddly Smooth Stone"},{"floor":31,"key":"Bag of Preparation"},{"floor":41,"key":"Kunai"},{"floor":43,"key":"Shovel"},{"floor":44,"key":"Magic Flower"},{"floor":46,"key":"Art of War"},{"floor":52,"key":"Ornamental Fan"},{"floor":54,"key":"Boot"}],"event_choices":[{"damage_healed":0,"gold_gain":0,"player_choice":"Ignored","damage_taken":0,"max_hp_gain":0,"max_hp_loss":0,"event_name":"Liars Game","floor":3,"gold_loss":0},{"cards_removed":["Warcry"],"damage_healed":0,"gold_gain":0,"player_choice":"Removed Skill","damage_taken":0,"max_hp_gain":0,"max_hp_loss":0,"event_name":"Falling","floor":37,"gold_loss":0},{"damage_healed":0,"gold_gain":0,"player_choice":"Ignored","damage_taken":0,"max_hp_gain":0,"max_hp_loss":0,"event_name":"Tomb of Lord Red Mask","floor":39,"gold_loss":0},{"damage_healed":0,"gold_gain":0,"player_choice":"Fight","damage_taken":0,"max_hp_gain":0,"max_hp_loss":0,"event_name":"MindBloom","floor":44,"gold_loss":0},{"damage_healed":0,"gold_gain":0,"player_choice":"Max HP","damage_taken":0,"max_hp_gain":0,"max_hp_loss":6,"event_name":"Winding Halls","floor":45,"gold_loss":0}],"is_beta":true,"boss_relics":[{"not_picked":["Runic Dome","Cursed Key"],"picked":"Ectoplasm"},{"not_picked":["Mark of Pain","White Beast Statue"],"picked":"Pandora\u0027s Box"}],"items_purged_floors":[],"is_endless":false,"potions_floor_spawned":[4,6,11,13,14,20,21,24,27,29,41,44,54],"killed_by":"The Heart","ascension_level":16}