{"path_per_floor":["M","M","M","?","M","R","$","R","T","E","?","E","$","M","R","B",null,"M","M"],"character_chosen":"THE_SILENT","items_purchased":["Vajra","Acrobatics"],"gold_per_floor":[114,134,150,150,165,165,10,10,10,39,69,97,44,54,54,149,149,162,177],"floor_reached":20,"campfire_rested":1,"playtime":2080,"current_hp_per_floor":[56,56,53,39,8,29,29,29,39,34,34,22,22,21,21,11,63,32,29],"items_purged":[],"gold":177,"score":276,"play_id":"a279f162-5c93-4a5c-be41-14742c9b48c7","is_prod":false,"is_daily":false,"is_ascension_mode":true,"campfire_upgraded":2,"path_taken":["M","M","M","?","M","R","?","R","T","E","?","E","$","M","R","BOSS","M","M","M"],"build_version":"2018-02-08-BETA1","purchased_purges":0,"victory":false,"master_deck":["Defend_G","Defend_G","Defend_G+1","Defend_G","Defend_G","Strike_G","Strike_G+1","Strike_G","Strike_G","Strike_G","Survivor","Neutralize+1","Parasite","Dagger Spray","Masterful Stab","Malaise","Endless Agony","Grand Finale","PiercingWail","Acrobatics","Prepared+1","Tactician","Acrobatics","Masterful Stab+1"],"max_hp_per_floor":[70,70,70,70,70,70,70,70,80,80,80,80,80,80,80,80,80,80,80],"relics":["Ring of the Snake","Art of War","Vajra","Pear","Sundial","Bronze Scales","Ancient Tea Set","Sozu"],"card_choices":[{"not_picked":["Outmaneuver","Underhanded Strike"],"picked":"Dagger Spray"},{"not_picked":["Underhanded Strike","Flying Knee"],"picked":"Masterful Stab"},{"not_picked":["Underhanded Strike","Deadly Poison"],"picked":"Malaise"},{"not_picked":["Setup","Bane"],"picked":"Endless Agony"},{"not_picked":["Noxious Fumes","Masterful Stab"],"picked":"Grand Finale"},{"not_picked":["Slice","Deflect"],"picked":"PiercingWail"},{"not_picked":["PiercingWail","Deflect"],"picked":"Prepared"},{"not_picked":["Burst","Storm of Steel"],"picked":"Tactician"},{"not_picked":["Underhanded Strike","Prepared"],"picked":"Acrobatics"},{"not_picked":["Dagger Throw","Sucker Punch"],"picked":"Masterful Stab"}],"player_experience":143742,"potions_floor_usage":[10,16],"damage_taken":[{"damage":7,"enemies":"Small Slimes","floor":1,"turns":5},{"damage":0,"enemies":"Cultist","floor":2,"turns":5},{"damage":3,"enemies":"Jaw Worm","floor":3,"turns":4},{"damage":31,"enemies":"Exordium Thugs","floor":5,"turns":7},{"damage":20,"enemies":"3 Sentries","floor":10,"turns":6},{"damage":12,"enemies":"Lagavulin","floor":12,"turns":9},{"damage":1,"enemies":"3 Louse","floor":14,"turns":2},{"damage":10,"enemies":"The Guardian","floor":16,"turns":10},{"damage":31,"enemies":"Chosen","floor":18,"turns":10},{"damage":3,"enemies":"Shell Parasite","floor":19,"turns":7},{"damage":33,"enemies":"Chosen and Byrds","floor":20,"turns":7}],"event_choices":[{"event_name":"Shining Light","player_choice":"Entered Light","floor":4,"damage_taken":0},{"event_name":"Dead Adventurer","player_choice":"Searched \u00272\u0027 times","floor":11,"damage_taken":0}],"boss_relics":[{"not_picked":["Question Card","The Specimen"],"picked":"Sozu"}],"potions_floor_spawned":[2,10,14,19],"seed_played":"-116402128287427957","killed_by":"Chosen and Byrds","ascension_level":10,"is_trial":false}