{"gold_per_floor":[116,132,132,146,25,66,66,90,90,90,108,108,123,163,163,287,287,276,0,14,33,0,0],"floor_reached":23,"playtime":1055,"items_purged":["Strike_G","Strike_G"],"score":233,"play_id":"b5ae0e0d-95e7-4d66-a089-911509d3323d","local_time":"20190219234132","is_ascension_mode":true,"campfire_choices":[{"data":"Backflip","floor":7,"key":"SMITH"},{"floor":12,"key":"REST"},{"floor":15,"key":"REST"}],"neow_cost":"NONE","seed_source_timestamp":3124153989621905,"circlet_count":0,"master_deck":["Defend_G","Defend_G","Defend_G","Defend_G","Defend_G","Survivor","Neutralize","Cloak And Dagger","Deadly Poison","Crippling Poison","Deadly Poison","Backflip+1","Deadly Poison","Caltrops","Poisoned Stab","Backflip","Mayhem","Prepared","Prepared"],"relics":["Ring of the Snake","Golden Idol","Anchor","Boot","Mercury Hourglass","Empty Cage"],"potions_floor_usage":[6,11,18,23,23],"damage_taken":[{"damage":1,"enemies":"2 Louse","floor":1,"turns":3},{"damage":0,"enemies":"Jaw Worm","floor":2,"turns":4},{"damage":0,"enemies":"Cultist","floor":4,"turns":4},{"damage":15,"enemies":"Gremlin Nob","floor":6,"turns":5},{"damage":4,"enemies":"Blue Slaver","floor":8,"turns":4},{"damage":3,"enemies":"Large Slime","floor":11,"turns":4},{"damage":0,"enemies":"3 Louse","floor":13,"turns":3},{"damage":14,"enemies":"Lagavulin","floor":14,"turns":5},{"damage":29,"enemies":"The Guardian","floor":16,"turns":9},{"damage":0,"enemies":"2 Thieves","floor":18,"turns":4},{"damage":14,"enemies":"Spheric Guardian","floor":20,"turns":5},{"damage":24,"enemies":"Snake Plant","floor":21,"turns":5},{"damage":35,"enemies":"Book of Stabbing","floor":23,"turns":7}],"seed_played":"-493897527576484672","potions_obtained":[{"floor":1,"key":"Fire Potion"},{"floor":4,"key":"Block Potion"},{"floor":14,"key":"SpeedPotion"},{"floor":16,"key":"Explosive Potion"},{"floor":18,"key":"FearPotion"}],"is_trial":false,"path_per_floor":["M","M","?","M","$","E","R","M","T","?","M","R","M","E","R","B",null,"M","$","M","M","?","E"],"character_chosen":"THE_SILENT","items_purchased":["Deadly Poison","Mayhem"],"campfire_rested":2,"item_purchase_floors":[5,19],"current_hp_per_floor":[69,69,52,52,52,37,37,33,33,33,30,51,51,37,58,29,70,70,70,56,32,32,0],"gold":0,"neow_bonus":"THREE_CARDS","is_prod":false,"is_daily":false,"chose_seed":false,"campfire_upgraded":1,"win_rate":0,"timestamp":1550637692,"path_taken":["M","M","?","M","$","E","R","M","T","?","M","R","?","E","R","BOSS","M","$","M","M","?","E"],"build_version":"2019-02-06","purchased_purges":2,"victory":false,"max_hp_per_floor":[70,70,70,70,70,70,70,70,70,70,70,70,70,70,70,70,70,70,70,70,70,70,70],"card_choices":[{"not_picked":["Acrobatics","Deflect"],"picked":"Cloak And Dagger","floor":0},{"not_picked":["Caltrops","Setup","Riddle With Holes"],"picked":"SKIP","floor":1},{"not_picked":["Cloak And Dagger","Masterful Stab"],"picked":"Deadly Poison","floor":2},{"not_picked":["Terror","Eviscerate"],"picked":"Crippling Poison","floor":4},{"not_picked":["Flying Knee","Setup"],"picked":"Backflip","floor":6},{"not_picked":["Dagger Spray","Slice"],"picked":"Deadly Poison","floor":8},{"not_picked":["Outmaneuver","Bane","Infinite Blades"],"picked":"SKIP","floor":11},{"not_picked":["Sucker Punch","Malaise"],"picked":"Poisoned Stab","floor":13},{"not_picked":["Dodge and Roll","Blade Dance"],"picked":"Backflip","floor":14},{"not_picked":["Flying Knee","Backflip","Outmaneuver"],"picked":"SKIP","floor":18},{"not_picked":["Underhanded Strike","Backflip"],"picked":"Prepared","floor":20},{"not_picked":["Dagger Throw","Flying Knee"],"picked":"Prepared","floor":21}],"player_experience":167439,"relics_obtained":[{"floor":6,"key":"Anchor"},{"floor":9,"key":"Boot"},{"floor":14,"key":"Mercury Hourglass"}],"event_choices":[{"damage_healed":0,"gold_gain":0,"player_choice":"Take Damage","damage_taken":17,"relics_obtained":["Golden Idol"],"max_hp_gain":0,"max_hp_loss":0,"event_name":"Golden Idol","floor":3,"gold_loss":0},{"damage_healed":0,"gold_gain":0,"cards_transformed":["Strike_G"],"player_choice":"Transformed","damage_taken":0,"max_hp_gain":0,"max_hp_loss":0,"event_name":"Transmorgrifier","floor":10,"gold_loss":0,"cards_obtained":["Caltrops"]},{"damage_healed":0,"gold_gain":0,"player_choice":"Paid Fearfully","damage_taken":0,"max_hp_gain":0,"max_hp_loss":0,"event_name":"Masked Bandits","floor":22,"gold_loss":33}],"is_beta":true,"boss_relics":[{"not_picked":["Eternal Feather","Snecko Eye"],"picked":"Empty Cage"}],"items_purged_floors":[5,19],"is_endless":false,"potions_floor_spawned":[1,4,14,16,18],"killed_by":"Book of Stabbing","ascension_level":3}