{"path_per_floor":["M","M","M","M","?","R","E","?","T","E","M","M","M","$","R","B",null,"M","M","?","?","M","R","M","R","T","R","?","?","$","M","R","B",null,"M","?","$","M","M","R","M","R","T","M","R","$","R","M","R","B"],"character_chosen":"THE_SILENT","items_purchased":["Master of Strategy","Regen Potion"],"gold_per_floor":[114,133,143,155,155,155,182,182,182,215,235,251,265,9,9,106,106,125,141,66,66,81,81,98,98,125,125,125,75,26,45,45,142,142,162,162,62,73,91,91,107,107,107,122,122,122,122,132,132,132],"floor_reached":51,"campfire_rested":0,"playtime":4480,"current_hp_per_floor":[63,63,55,55,55,55,55,55,55,37,37,33,29,29,29,19,63,58,58,58,58,43,43,30,30,30,30,30,30,30,30,30,29,65,59,59,59,51,51,51,51,51,51,51,51,51,51,51,51,43],"items_purged":["Strike_G","Defend_G"],"gold":132,"score":632,"play_id":"abf5dca3-2c71-4f25-83ca-5de483d48323","is_prod":false,"is_daily":false,"is_ascension_mode":true,"campfire_upgraded":5,"path_taken":["M","M","M","M","?","R","E","?","T","E","M","?","M","$","R","BOSS","M","M","?","?","?","R","M","R","T","R","?","?","$","M","R","BOSS","M","?","$","M","M","R","M","R","T","M","R","?","R","M","R","BOSS"],"build_version":"2018-02-08-BETA1","purchased_purges":2,"victory":true,"master_deck":["Survivor+1","Neutralize+1","Choke+1","Well Laid Plans","Backstab","Heel Hook","Endless Agony","Infinite Blades","Tactician+1","PiercingWail","Acrobatics","Master of Strategy","Well Laid Plans","Acrobatics","Escape Plan","Calculated Gamble","Adrenaline","Wraith Form+1"],"max_hp_per_floor":[63,63,63,63,63,63,77,77,77,77,77,77,77,77,77,77,77,77,77,77,77,77,77,77,77,77,77,77,77,77,77,77,77,77,77,77,77,77,77,77,77,77,77,77,77,77,77,77,77,77],"relics":["Ring of the Snake","Mango","Peace Pipe","Orichalcum","Cursed Key","Pen Nib","Black Star"],"card_choices":[{"not_picked":["Predator","Dagger Spray"],"picked":"Backstab"},{"not_picked":["Predator","Unload"],"picked":"Heel Hook"},{"not_picked":["Flying Knee","Dagger Throw"],"picked":"Endless Agony"},{"not_picked":["Dodge and Roll","Expertise"],"picked":"Flying Knee"},{"not_picked":["Acrobatics","Masterful Stab"],"picked":"Infinite Blades"},{"not_picked":["Escape Plan","Outmaneuver"],"picked":"Tactician"},{"not_picked":["Deadly Poison","Flying Knee"],"picked":"PiercingWail"},{"not_picked":["Dagger Throw","Prepared"],"picked":"Acrobatics"},{"not_picked":["Unload","Phantasmal Killer"],"picked":"Bullet Time"},{"not_picked":["Dagger Throw","Bane"],"picked":"Well Laid Plans"},{"not_picked":["Flechettes","Slice"],"picked":"Accuracy"},{"not_picked":["PiercingWail","Quick Slash"],"picked":"Escape Plan"},{"not_picked":["Riddle With Holes","Slice"],"picked":"Calculated Gamble"},{"not_picked":["Phantasmal Killer","Bullet Time"],"picked":"Adrenaline"},{"not_picked":["Cloak And Dagger","Acrobatics"],"picked":"Wraith Form"}],"player_experience":84959,"potions_floor_usage":[10,16,22,33,50],"damage_taken":[{"damage":0,"enemies":"Jaw Worm","floor":1,"turns":5},{"damage":0,"enemies":"2 Louse","floor":2,"turns":2},{"damage":8,"enemies":"Blue Slaver","floor":3,"turns":3},{"damage":0,"enemies":"Exordium Wildlife","floor":4,"turns":3},{"damage":14,"enemies":"3 Sentries","floor":7,"turns":8},{"damage":18,"enemies":"Gremlin Nob","floor":10,"turns":4},{"damage":0,"enemies":"Gremlin Gang","floor":11,"turns":4},{"damage":4,"enemies":"Red Slaver","floor":12,"turns":2},{"damage":4,"enemies":"Exordium Thugs","floor":13,"turns":3},{"damage":10,"enemies":"The Guardian","floor":16,"turns":6},{"damage":5,"enemies":"Spheric Guardian","floor":18,"turns":3},{"damage":0,"enemies":"Shell Parasite","floor":19,"turns":3},{"damage":15,"enemies":"Snecko","floor":22,"turns":5},{"damage":13,"enemies":"Snake Plant","floor":24,"turns":3},{"damage":0,"enemies":"3 Cultists","floor":31,"turns":3},{"damage":4,"enemies":"Champ","floor":33,"turns":2},{"damage":6,"enemies":"Flame Bruiser 1 Orb","floor":35,"turns":2},{"damage":8,"enemies":"3 Shapes","floor":38,"turns":2},{"damage":0,"enemies":"Maw","floor":39,"turns":1},{"damage":0,"enemies":"3 Darklings","floor":41,"turns":2},{"damage":0,"enemies":"Spire Growth","floor":44,"turns":1},{"damage":0,"enemies":"Sphere and 2 Shapes","floor":48,"turns":1},{"damage":8,"enemies":"Time Eater","floor":50,"turns":3}],"event_choices":[{"event_name":"Living Wall","player_choice":"Forget","floor":5,"damage_taken":0},{"event_name":"Purifier","player_choice":"One Purge","floor":8,"damage_taken":0},{"event_name":"Beggar","player_choice":"Gave Gold","floor":20,"damage_taken":0},{"event_name":"The Library","player_choice":"Read","floor":21,"damage_taken":0},{"event_name":"Drug Dealer","player_choice":"Ignored","floor":28,"damage_taken":0},{"event_name":"The Joust","player_choice":"Bet on Murderer","floor":29,"damage_taken":0},{"event_name":"Purifier","player_choice":"One Purge","floor":36,"damage_taken":0}],"boss_relics":[{"not_picked":["Ectoplasm","Velvet Choker"],"picked":"Cursed Key"},{"not_picked":["Question Card","Eternal Feather"],"picked":"Black Star"}],"potions_floor_spawned":[1,3,7,11,12,13,18,31,35,41],"seed_played":"-7012551727023783684","ascension_level":6,"is_trial":false}