{"gold_per_floor":[110,110,126,139,64,95,95,120,145,220,220,220],"floor_reached":12,"playtime":9619,"items_purged":["Strike_R"],"score":95,"play_id":"f7f3579b-9107-4fbb-94df-d03695cd7eb6","local_time":"20190219234717","is_ascension_mode":true,"campfire_choices":[],"neow_cost":"NONE","seed_source_timestamp":403340762689169,"circlet_count":0,"master_deck":["Strike_R","Strike_R","Strike_R","Defend_R","Defend_R","Defend_R","Defend_R","Bash","Armaments+1","Entrench","Warcry"],"relics":["Burning Blood","Vajra","Dream Catcher","Centennial Puzzle"],"potions_floor_usage":[6,12],"damage_taken":[{"damage":7,"enemies":"Small Slimes","floor":1,"turns":3},{"damage":3,"enemies":"Cultist","floor":3,"turns":4},{"damage":7,"enemies":"Jaw Worm","floor":4,"turns":3},{"damage":23,"enemies":"Gremlin Nob","floor":6,"turns":5},{"damage":36,"enemies":"3 Sentries","floor":8,"turns":11},{"damage":22,"enemies":"Gremlin Gang","floor":12,"turns":3}],"seed_played":"-543463920687866280","potions_obtained":[{"floor":1,"key":"Poison Potion"},{"floor":8,"key":"Swift Potion"}],"is_trial":false,"path_per_floor":["M","?","M","M","$","E","$","E","T","?","?","M"],"character_chosen":"IRONCLAD","items_purchased":[],"campfire_rested":0,"item_purchase_floors":[],"current_hp_per_floor":[87,87,88,87,87,70,70,40,40,29,22,0],"gold":220,"neow_bonus":"TEN_PERCENT_HP_BONUS","is_prod":false,"is_daily":false,"chose_seed":false,"campfire_upgraded":0,"win_rate":0,"timestamp":1550616437,"path_taken":["M","?","M","?","?","E","$","E","T","?","?","M"],"build_version":"2019-01-23","purchased_purges":1,"victory":false,"max_hp_per_floor":[88,88,88,88,88,88,88,88,88,88,88,88],"card_choices":[{"not_picked":["Uppercut","Cleave"],"picked":"Armaments","floor":1},{"not_picked":["Heavy Blade","True Grit"],"picked":"Entrench","floor":3},{"not_picked":["Dropkick","Armaments","Iron Wave"],"picked":"SKIP","floor":4},{"not_picked":["Heavy Blade","Reckless Charge","Havoc"],"picked":"SKIP","floor":6},{"not_picked":["Carnage","Battle Trance"],"picked":"Warcry","floor":8}],"player_experience":170770,"relics_obtained":[{"floor":6,"key":"Vajra"},{"floor":8,"key":"Dream Catcher"},{"floor":9,"key":"Centennial Puzzle"}],"event_choices":[{"damage_healed":0,"gold_gain":0,"player_choice":"Forge","damage_taken":0,"max_hp_gain":0,"max_hp_loss":0,"event_name":"Accursed Blacksmith","floor":2,"gold_loss":0,"cards_upgraded":["Armaments"]},{"damage_healed":0,"gold_gain":75,"player_choice":"Gather Gold","damage_taken":11,"max_hp_gain":0,"max_hp_loss":0,"event_name":"World of Goop","floor":10,"gold_loss":0},{"cards_removed":["Strike_R"],"damage_healed":0,"gold_gain":0,"player_choice":"Card Removal","damage_taken":7,"max_hp_gain":0,"max_hp_loss":0,"event_name":"Golden Wing","floor":11,"gold_loss":0}],"is_beta":false,"boss_relics":[],"items_purged_floors":[5],"is_endless":false,"potions_floor_spawned":[1,8],"killed_by":"Gremlin Gang","ascension_level":2}