{"gold_per_floor":[118,138,138,70,85,120,138,63,63,63,83,97,97,97,97,193,193,212,36,32,46,63,73,73,83,153,153,153,78,96,120,120,120],"floor_reached":33,"playtime":2707,"items_purged":["Strike_B","Defend_B"],"score":251,"play_id":"81cd8fb0-6e22-483c-bd67-612448c5b794","local_time":"20190214214722","is_ascension_mode":false,"campfire_choices":[{"floor":10,"key":"REST"},{"floor":13,"key":"REST"},{"floor":15,"key":"REST"},{"floor":27,"key":"REST"},{"floor":32,"key":"REST"}],"neow_cost":"NONE","seed_source_timestamp":2683687139125232,"circlet_count":0,"master_deck":["Strike_B","Defend_B","Defend_B","Defend_B","Zap","Dualcast","Steam Power","Coolheaded","Iron Wave","FTL","Compile Driver","Genetic Algorithm","Cold Snap","Barrage","Buffer","Machine Learning","Compile Driver","Defragment","BootSequence","Turbo+1","Reprogram","Double Energy","Steam","Turbo"],"relics":["FrozenCore","Omamori","Mummified Hand","Question Card","Pantograph","Anchor"],"potions_floor_usage":[16,16,21],"damage_taken":[{"damage":17,"enemies":"Small Slimes","floor":1,"turns":3},{"damage":0,"enemies":"Cultist","floor":2,"turns":5},{"damage":4,"enemies":"2 Louse","floor":5,"turns":3},{"damage":16,"enemies":"Lagavulin","floor":6,"turns":8},{"damage":5,"enemies":"Blue Slaver","floor":7,"turns":4},{"damage":0,"enemies":"Large Slime","floor":11,"turns":4},{"damage":41,"enemies":"Exordium Thugs","floor":12,"turns":6},{"damage":27,"enemies":"Slime Boss","floor":16,"turns":17},{"damage":8,"enemies":"Chosen","floor":18,"turns":8},{"damage":27,"enemies":"2 Thieves","floor":20,"turns":4},{"damage":16,"enemies":"Snake Plant","floor":21,"turns":10},{"damage":9,"enemies":"Centurion and Healer","floor":22,"turns":10},{"damage":2,"enemies":"Shelled Parasite and Fungi","floor":23,"turns":8},{"damage":4,"enemies":"Snecko","floor":25,"turns":7},{"damage":12,"enemies":"Centurion and Healer","floor":30,"turns":9},{"damage":57,"enemies":"Collector","floor":33,"turns":10}],"seed_played":"8591460767786072953","potions_obtained":[{"floor":1,"key":"Strength Potion"},{"floor":6,"key":"FearPotion"},{"floor":16,"key":"Fire Potion"},{"floor":30,"key":"FocusPotion"}],"is_trial":false,"path_per_floor":["M","M","?","$","M","E","M","$","T","R","M","M","R","?","R","B",null,"M","$","M","M","M","M","$","M","T","R","?","?","M","T","R","B"],"character_chosen":"DEFECT","items_purchased":["FTL","Defragment"],"campfire_rested":5,"item_purchase_floors":[4,19],"current_hp_per_floor":[58,58,58,58,54,38,33,33,33,55,55,14,36,54,75,48,75,67,67,40,24,15,13,13,9,9,31,17,17,5,5,29,0],"gold":120,"neow_bonus":"RANDOM_COMMON_RELIC","is_prod":false,"is_daily":false,"chose_seed":false,"campfire_upgraded":0,"win_rate":0.0,"timestamp":1550198842,"path_taken":["M","M","?","$","?","E","M","$","T","R","M","M","R","?","R","BOSS","M","$","M","M","M","M","$","M","T","R","?","?","M","?","R","BOSS"],"build_version":"2019-02-06","purchased_purges":2,"victory":false,"max_hp_per_floor":[75,75,75,75,75,75,75,75,75,75,75,75,75,75,75,75,75,75,75,75,75,75,75,75,75,75,75,80,80,80,80,80,80],"card_choices":[{"not_picked":["Beam Cell","Lockon"],"picked":"Steam Power","floor":1},{"not_picked":["Stack","Beam Cell"],"picked":"Coolheaded","floor":2},{"not_picked":["Turbo","Stack"],"picked":"Compile Driver","floor":5},{"not_picked":["Scrape","Streamline"],"picked":"Genetic Algorithm","floor":6},{"not_picked":["Conserve Battery","Steam"],"picked":"Cold Snap","floor":7},{"not_picked":["Streamline","Steam","Ball Lightning"],"picked":"Barrage","floor":11},{"not_picked":["Gash","Barrage","Ball Lightning"],"picked":"Buffer","floor":12},{"not_picked":["Meteor Strike","Buffer","Rainbow"],"picked":"Machine Learning","floor":16},{"not_picked":["Ball Lightning","Melter+1","Steam Power"],"picked":"Compile Driver","floor":18},{"not_picked":["Self Repair","White Noise","Rebound"],"picked":"BootSequence","floor":20},{"not_picked":["Beam Cell","Steam","Gash"],"picked":"Turbo+1","floor":21},{"not_picked":["Blizzard+1","Cold Snap+1","Rip and Tear+1"],"picked":"Reprogram","floor":22},{"not_picked":["Conserve Battery","Go for the Eyes","Force Field+1"],"picked":"Double Energy","floor":23},{"not_picked":["Aggregate","Auto Shields+1","FTL+1"],"picked":"Steam","floor":25},{"not_picked":["Consume+1","Beam Cell","Steam Power"],"picked":"Turbo","floor":30}],"player_experience":109528,"relics_obtained":[{"floor":6,"key":"Mummified Hand"},{"floor":9,"key":"Question Card"},{"floor":26,"key":"Pantograph"},{"floor":31,"key":"Anchor"}],"event_choices":[{"cards_removed":["Strike_B"],"damage_healed":0,"gold_gain":0,"player_choice":"Took Card","damage_taken":0,"max_hp_gain":0,"max_hp_loss":0,"event_name":"NoteForYourself","floor":3,"gold_loss":0,"cards_obtained":["Iron Wave"]},{"damage_healed":18,"gold_gain":0,"player_choice":"Healed and dodged fight","damage_taken":0,"max_hp_gain":0,"max_hp_loss":0,"event_name":"Mushrooms","floor":14,"gold_loss":0,"cards_obtained":["Parasite"]},{"damage_healed":0,"gold_gain":0,"player_choice":"Shed Blood","damage_taken":19,"max_hp_gain":5,"max_hp_loss":0,"event_name":"Forgotten Altar","floor":28,"gold_loss":0},{"cards_removed":["Strike_B"],"damage_healed":0,"gold_gain":0,"player_choice":"Gave Gold","damage_taken":0,"max_hp_gain":0,"max_hp_loss":0,"event_name":"Beggar","floor":29,"gold_loss":75}],"is_beta":true,"boss_relics":[{"not_picked":["Astrolabe","Empty Cage"],"picked":"FrozenCore"}],"items_purged_floors":[8,19],"is_endless":false,"potions_floor_spawned":[1,6,16,30],"killed_by":"Collector","ascension_level":0}