{"path_per_floor":["M","?","M","?","?","R","?","E","T","E","R","M","E","M","R","B",null,"M","M","?","$","M","E","R","M","T","?","?","R","M","M","R","B",null,"M","?","?","?","?","E","R","E","T","R","?","T","M","$","R","B"],"character_chosen":"IRONCLAD","items_purchased":["Feel No Pain","Apotheosis"],"gold_per_floor":[117,117,134,134,134,134,134,163,188,218,218,238,266,282,282,382,382,322,322,322,13,13,13,13,13,13,13,13,13,13,13,13,13,13,13,13,13,0,0,0,0,0,0,0,0,0,0,0,0,0],"floor_reached":51,"campfire_rested":3,"playtime":4525,"current_hp_per_floor":[43,43,49,49,54,54,46,33,33,26,51,57,50,47,47,22,85,76,61,85,85,82,85,85,78,78,78,78,78,79,63,85,78,85,85,61,50,50,50,61,61,42,42,82,82,82,85,85,85,84],"items_purged":["Strike_R"],"gold":0,"score":846,"play_id":"1911ce66-0965-472d-a871-b36d15154547","local_time":"20180312144653","is_prod":false,"is_daily":false,"is_ascension_mode":true,"campfire_upgraded":6,"timestamp":1520891213,"path_taken":["M","?","M","?","?","R","?","E","T","E","R","?","E","M","R","BOSS","M","M","?","$","M","E","R","M","T","?","?","R","M","M","R","BOSS","M","?","?","?","?","E","R","E","T","R","?","?","M","?","R","BOSS"],"build_version":"2018-03-09","purchased_purges":1,"victory":true,"master_deck":["Strike_R","Defend_R","Defend_R","Defend_R","Defend_R","Bash","Bludgeon","True Grit+1","Iron Wave","Demon Form+1","Burning Pact+1","Armaments+1","Shockwave+1","Offering","Metallicize+1","Reaper","Shrug It Off","Cleave","Feel No Pain","Apotheosis+1","Uppercut","Fiend Fire+1","Bloodletting","Heavy Blade+1","Exhume","Clothesline","True Grit","Madness","Madness","Sentinel+1","Metallicize+1","Reckless Charge","Heavy Blade+1"],"max_hp_per_floor":[80,80,80,80,85,85,85,85,85,85,85,85,85,85,85,85,85,85,85,85,85,85,85,85,85,85,85,85,85,85,85,85,85,85,85,85,85,85,85,85,85,85,85,85,85,85,85,85,85,85],"relics":["Burning Blood","Bag of Marbles","Ancient Tea Set","Omamori","Happy Flower","Ectoplasm","War Paint","Bag of Preparation","Snecko Eye","Red Skull","Red Mask","Centennial Puzzle","Blood Vial","Regal Pillow","Oddly Smooth Stone"],"card_choices":[{"not_picked":["Reaper","Double Tap"],"picked":"Bludgeon"},{"not_picked":["Heavy Blade","Whirlwind"],"picked":"True Grit"},{"not_picked":["Heavy Blade","Thunderclap"],"picked":"Iron Wave"},{"not_picked":["Headbutt","Demon Form"],"picked":"Anger"},{"not_picked":["Perfected Strike","Warcry"],"picked":"Armaments"},{"not_picked":["Heavy Blade","Armaments"],"picked":"Shockwave"},{"not_picked":["Evolve","Dual Wield"],"picked":"Offering"},{"not_picked":["Armaments","Wild Strike"],"picked":"Metallicize"},{"not_picked":["Berserk","Limit Break"],"picked":"Reaper"},{"not_picked":["Anger","Pommel Strike"],"picked":"Shrug It Off"},{"not_picked":["Headbutt","Warcry"],"picked":"Cleave"},{"not_picked":["Sword Boomerang","Cleave"],"picked":"Uppercut"},{"not_picked":["Anger","Pommel Strike"],"picked":"Fiend Fire"},{"not_picked":["Perfected Strike","Pummel"],"picked":"Bloodletting"},{"not_picked":["Sword Boomerang","Combust"],"picked":"Heavy Blade"},{"not_picked":["Demon Form","Reaper"],"picked":"Exhume"},{"not_picked":["Pommel Strike","Sword Boomerang"],"picked":"Clothesline"},{"not_picked":["Twin Strike","Iron Wave"],"picked":"True Grit"},{"not_picked":["Wild Strike","Havoc"],"picked":"Sentinel"},{"not_picked":["Power Through","Ghostly Armor"],"picked":"Metallicize"},{"not_picked":["Searing Blow","Shrug It Off"],"picked":"Heavy Blade"}],"player_experience":210836,"potions_floor_usage":[23,23,50,50],"damage_taken":[{"damage":3,"enemies":"Jaw Worm","floor":1,"turns":4},{"damage":0,"enemies":"Cultist","floor":3,"turns":3},{"damage":19,"enemies":"Lagavulin","floor":8,"turns":8},{"damage":13,"enemies":"3 Sentries","floor":10,"turns":7},{"damage":0,"enemies":"2 Louse","floor":12,"turns":2},{"damage":13,"enemies":"Gremlin Nob","floor":13,"turns":4},{"damage":9,"enemies":"2 Fungi Beasts","floor":14,"turns":2},{"damage":31,"enemies":"The Guardian","floor":16,"turns":10},{"damage":15,"enemies":"2 Thieves","floor":18,"turns":5},{"damage":21,"enemies":"Spheric Guardian","floor":19,"turns":6},{"damage":9,"enemies":"Snecko","floor":22,"turns":4},{"damage":6,"enemies":"Book of Stabbing","floor":23,"turns":9},{"damage":13,"enemies":"Slaver and Parasite","floor":25,"turns":4},{"damage":5,"enemies":"Centurion and Healer","floor":30,"turns":5},{"damage":22,"enemies":"Snecko","floor":31,"turns":4},{"damage":13,"enemies":"Collector","floor":33,"turns":8},{"damage":4,"enemies":"Orb Walker","floor":35,"turns":3},{"damage":30,"enemies":"Mysterious Sphere","floor":36,"turns":4},{"damage":7,"enemies":"Nemesis","floor":40,"turns":7},{"damage":25,"enemies":"Giant Head","floor":42,"turns":10},{"damage":0,"enemies":"3 Shapes","floor":47,"turns":4},{"damage":7,"enemies":"Donu and Deca","floor":50,"turns":8}],"event_choices":[{"event_name":"Purifier","player_choice":"One Purge","floor":2,"damage_taken":0},{"event_name":"Match and Keep!","player_choice":"2 cards matched","floor":4,"damage_taken":0},{"event_name":"Big Fish","player_choice":"Donut","floor":5,"damage_taken":0},{"event_name":"Wheel of Change","player_choice":"Damage","floor":7,"damage_taken":0},{"event_name":"The Library","player_choice":"Heal","floor":20,"damage_taken":0},{"event_name":"Vampires","player_choice":"Ignored","floor":27,"damage_taken":0},{"event_name":"Back to Basics","player_choice":"Elegance","floor":28,"damage_taken":0},{"event_name":"Mysterious Sphere","player_choice":"Fight","floor":36,"damage_taken":0},{"event_name":"Winding Halls","player_choice":"Embrace Madness","floor":37,"damage_taken":0},{"event_name":"Tomb of Lord Red Mask","player_choice":"Paid","floor":38,"damage_taken":0},{"event_name":"Transmorgrifier","player_choice":"Transform","floor":45,"damage_taken":0}],"boss_relics":[{"not_picked":["Black Star","White Beast Statue"],"picked":"Ectoplasm"},{"not_picked":["Tiny House","Philosopher\u0027s Stone"],"picked":"Snecko Eye"}],"potions_floor_spawned":[3,12,13,16,18,19,33,35],"seed_played":"-3527421376434382131","ascension_level":3,"is_trial":false}