{"path_per_floor":["M","M","M","?","M","R","E","R","T","M","?","$","E","M","R"],"character_chosen":"THE_SILENT","items_purchased":["Noxious Fumes","Backflip","Backflip","Noxious Fumes"],"gold_per_floor":[10,23,37,37,48,48,81,81,138,149,206,17,47,57,57],"floor_reached":16,"campfire_rested":2,"playtime":1636,"current_hp_per_floor":[62,62,54,47,39,39,25,45,45,44,41,41,9,9,29],"items_purged":[],"gold":57,"score":185,"play_id":"89830679-43d5-4be4-b052-3b139208a752","is_prod":false,"is_daily":false,"is_ascension_mode":true,"campfire_upgraded":1,"path_taken":["M","M","M","?","M","R","E","R","T","?","?","$","E","M","R","BOSS"],"build_version":"2018-02-07-BETA2","purchased_purges":0,"victory":false,"master_deck":["Defend_G","Defend_G","Defend_G","Defend_G","Defend_G","Strike_G","Strike_G","Strike_G","Strike_G","Survivor","Neutralize+1","Footwork","Deadly Poison","Grand Finale","Prepared","Flying Knee","Prepared","Footwork","Noxious Fumes","Backflip","Backflip","Noxious Fumes","Backflip"],"max_hp_per_floor":[67,67,67,67,67,67,67,67,67,67,67,67,67,67,67],"relics":["Ring of the Snake","Mummified Hand","The Courier","Tiny Chest","Omamori","Dodecahedron"],"card_choices":[{"not_picked":["Terror","Flechettes"],"picked":"Footwork"},{"not_picked":["PiercingWail","Flying Knee"],"picked":"Deadly Poison"},{"not_picked":["Flying Knee","PiercingWail"],"picked":"Grand Finale"},{"not_picked":["Blade Dance","Noxious Fumes"],"picked":"Prepared"},{"not_picked":["Bouncing Flask","Poisoned Stab"],"picked":"Flying Knee"},{"not_picked":["Endless Agony","Deflect"],"picked":"Prepared"},{"not_picked":["Dodge and Roll","Sucker Punch"],"picked":"Footwork"},{"not_picked":["Quick Slash","Deadly Poison"],"picked":"Backflip"}],"player_experience":735834,"potions_floor_usage":[7,7,11],"damage_taken":[{"damage":1,"enemies":"Jaw Worm","floor":1,"turns":4},{"damage":0,"enemies":"2 Louse","floor":2,"turns":5},{"damage":8,"enemies":"Blue Slaver","floor":3,"turns":5},{"damage":8,"enemies":"Exordium Wildlife","floor":5,"turns":5},{"damage":26,"enemies":"3 Sentries","floor":7,"turns":13},{"damage":1,"enemies":"2 Fungi Beasts","floor":10,"turns":4},{"damage":15,"enemies":"Lagavulin Event","floor":11,"turns":8},{"damage":32,"enemies":"Gremlin Nob","floor":13,"turns":6},{"damage":0,"enemies":"Exordium Thugs","floor":14,"turns":3},{"damage":30,"enemies":"Slime Boss","floor":16,"turns":10}],"event_choices":[{"event_name":"Scrap Ooze","player_choice":"success","floor":4,"damage_taken":7},{"event_name":"Dead Adventurer","player_choice":"Searched \u00273\u0027 times","floor":11,"damage_taken":0}],"boss_relics":[],"potions_floor_spawned":[1,3,10],"seed_played":"6364500907081353626","killed_by":"Slime Boss","ascension_level":13,"is_trial":false}