{"path_per_floor":["M","M","?","M","M","E","R","E","T","$","M","R","M","M","R","B",null,"M","?","M","$","?","E","R","E","T","R","E","M","M","$","R","B",null,"M","?","M","M","$","R","M","M","T","$","?","R","M","M","R","B"],"character_chosen":"THE_SILENT","items_purchased":["Paper Crane","Poison Potion","Poison Potion","Catalyst","Footwork","Noxious Fumes","Swift Potion"],"gold_per_floor":[111,121,121,138,153,182,182,215,293,51,62,62,80,91,91,196,196,214,214,224,97,12,43,43,72,146,146,179,193,208,87,87,182,182,201,201,215,227,37,37,49,62,89,48,48,48,60,74,74,74],"floor_reached":51,"campfire_rested":2,"playtime":5488,"current_hp_per_floor":[63,63,63,63,51,28,48,26,26,26,24,24,24,24,24,20,55,54,54,53,53,53,50,50,48,48,48,48,48,48,48,48,38,60,60,54,49,49,49,49,64,48,48,48,48,48,48,48,67,39],"items_purged":["Strike_G","Strike_G"],"gold":74,"play_id":"87464226-a2f8-4fe9-9cc7-baca7e17c4b4","is_prod":false,"is_daily":false,"is_ascension_mode":true,"campfire_upgraded":7,"path_taken":["M","M","?","M","M","E","R","E","T","?","M","R","M","M","R","BOSS","M","?","M","$","?","E","R","E","T","R","E","M","M","$","R","BOSS","M","?","M","M","$","R","?","M","T","$","?","R","M","M","R","BOSS"],"build_version":"2018-02-01-PROD3","purchased_purges":4,"victory":true,"master_deck":["Defend_G","Defend_G","Defend_G","Defend_G","Defend_G","Survivor","Neutralize+1","Poisoned Stab","Well Laid Plans+1","Backflip","Die Die Die","Sucker Punch+1","PiercingWail","Backstab","Tools of the Trade","Distraction+1","Setup+1","Backflip+1","Bouncing Flask+1","Footwork+1","Reflex","PiercingWail+1","Catalyst+1","Footwork+1","Reflex","Catalyst","Footwork+1","Noxious Fumes+1","Adrenaline"],"max_hp_per_floor":[67,67,67,67,67,67,67,67,67,67,67,67,67,67,67,67,67,67,67,67,67,67,67,67,67,67,67,67,67,67,67,67,67,67,67,67,67,67,67,67,67,67,67,67,67,67,67,67,67,67],"relics":["Ring of the Snake","Snake Skull","Ninja Scroll","Bottled Lightning","Paper Crane","Astrolabe","Gremlin Horn","Bag of Preparation","The Courier","Bottled Flame","Mercury Hourglass","Runic Dome","Regal Pillow"],"card_choices":[{"not_picked":["Underhanded Strike","Dodge and Roll"],"picked":"Poisoned Stab"},{"not_picked":["Underhanded Strike","Setup"],"picked":"Well Laid Plans"},{"not_picked":["Underhanded Strike","Backflip"],"picked":"Poisoned Stab"},{"not_picked":["Storm of Steel","Setup"],"picked":"Backflip"},{"not_picked":["Dodge and Roll","All Out Attack"],"picked":"Die Die Die"},{"not_picked":["Masterful Stab","Choke"],"picked":"Sucker Punch"},{"not_picked":["Bane","Slice"],"picked":"PiercingWail"},{"not_picked":["Predator","Caltrops"],"picked":"Backstab"},{"not_picked":["Grand Finale","Burst"],"picked":"Tools of the Trade"},{"not_picked":["Slice","PiercingWail"],"picked":"Footwork"},{"not_picked":["Cloak And Dagger","Grand Finale"],"picked":"Reflex"},{"not_picked":["Bane","Cloak And Dagger"],"picked":"PiercingWail"},{"not_picked":["Dash","Backflip"],"picked":"Catalyst"},{"not_picked":["Leg Sweep","Calculated Gamble"],"picked":"Footwork"},{"not_picked":["Backstab","Crippling Poison"],"picked":"Reflex"},{"not_picked":["Outmaneuver","Sucker Punch"],"picked":"Adrenaline"}],"player_experience":534559,"potions_floor_usage":[6,16,23,23,25,28,33,33,41],"damage_taken":[{"damage":0,"enemies":"2 Louse","floor":1,"turns":3},{"damage":0,"enemies":"Small Slimes","floor":2,"turns":3},{"damage":0,"enemies":"Cultist","floor":4,"turns":4},{"damage":12,"enemies":"Exordium Thugs","floor":5,"turns":5},{"damage":23,"enemies":"Gremlin Nob","floor":6,"turns":4},{"damage":22,"enemies":"3 Sentries","floor":8,"turns":6},{"damage":2,"enemies":"Red Slaver","floor":11,"turns":2},{"damage":0,"enemies":"2 Fungi Beasts","floor":13,"turns":2},{"damage":0,"enemies":"3 Louse","floor":14,"turns":1},{"damage":4,"enemies":"Hexaghost","floor":16,"turns":9},{"damage":1,"enemies":"Shell Parasite","floor":18,"turns":6},{"damage":1,"enemies":"Chosen","floor":20,"turns":4},{"damage":3,"enemies":"Slavers","floor":23,"turns":7},{"damage":2,"enemies":"Book of Stabbing","floor":25,"turns":6},{"damage":0,"enemies":"Gremlin Leader","floor":28,"turns":6},{"damage":0,"enemies":"Snake Plant","floor":29,"turns":4},{"damage":0,"enemies":"Snecko","floor":30,"turns":5},{"damage":10,"enemies":"Collector","floor":33,"turns":5},{"damage":0,"enemies":"Orb Walker","floor":35,"turns":3},{"damage":5,"enemies":"3 Darklings","floor":37,"turns":4},{"damage":0,"enemies":"Maw","floor":38,"turns":6},{"damage":0,"enemies":"4 Shapes","floor":41,"turns":6},{"damage":16,"enemies":"3 Darklings","floor":42,"turns":4},{"damage":0,"enemies":"Maw","floor":47,"turns":7},{"damage":0,"enemies":"4 Shapes","floor":48,"turns":5},{"damage":28,"enemies":"Time Eater","floor":50,"turns":7}],"event_choices":[{"event_name":"Liars Game","player_choice":"disagreed","floor":3,"damage_taken":0},{"event_name":"The Library","player_choice":"Read","floor":19,"damage_taken":0},{"event_name":"Addict","player_choice":"Obtained Relic","floor":22,"damage_taken":0},{"event_name":"Wheel of Change","player_choice":"Damage","floor":36,"damage_taken":0}],"boss_relics":[{"not_picked":["Eternal Feather","Velvet Choker"],"picked":"Astrolabe"},{"not_picked":["Snecko Eye","The Specimen"],"picked":"Runic Dome"}],"potions_floor_spawned":[2,4,11,14,23,28,30,37,38,42,47],"seed_played":"-6684489383220913873","ascension_level":10,"is_trial":false}