{"gold_per_floor":[111,127,127,143,156,156,156,156,156,50,77,89,89,59],"floor_reached":14,"playtime":444,"items_purged":[],"score":92,"play_id":"e5e45410-f672-4eac-849a-e4c40a8dfeda","local_time":"20190226164409","is_ascension_mode":false,"campfire_choices":[{"data":"Iron Wave","floor":6,"key":"SMITH"},{"data":"Bash","floor":8,"key":"SMITH"}],"neow_cost":"NONE","seed_source_timestamp":3704569555869736,"circlet_count":0,"master_deck":["Strike_R","Strike_R","Strike_R","Strike_R","Defend_R","Defend_R","Defend_R","Defend_R","Bash+1","Rampage","Iron Wave+1","Ghostly Armor","Thunderclap","Anger","Shrug It Off","Carnage","Disarm"],"relics":["Burning Blood","Golden Idol"],"potions_floor_usage":[0],"damage_taken":[{"damage":4,"enemies":"Jaw Worm","floor":1,"turns":6},{"damage":0,"enemies":"2 Louse","floor":2,"turns":2},{"damage":7,"enemies":"Small Slimes","floor":4,"turns":4},{"damage":2,"enemies":"Blue Slaver","floor":5,"turns":4},{"damage":28,"enemies":"Gremlin Nob","floor":11,"turns":5},{"damage":0,"enemies":"Large Slime","floor":12,"turns":3},{"damage":8,"enemies":"Exordium Thugs","floor":14,"turns":4}],"seed_played":"-82491617329099269","potions_obtained":[{"floor":0,"key":"Fruit Juice"},{"floor":0,"key":"SmokeBomb"},{"floor":0,"key":"FairyPotion"},{"floor":1,"key":"Swift Potion"},{"floor":11,"key":"LiquidBronze"}],"is_trial":false,"path_per_floor":["M","M","?","M","M","R","?","R","T","$","E","M","?","M"],"character_chosen":"IRONCLAD","items_purchased":["Anger","Shrug It Off"],"campfire_rested":0,"item_purchase_floors":[10,10],"current_hp_per_floor":[85,85,90,89,90,90,90,90,90,90,68,74,52,50],"gold":59,"neow_bonus":"THREE_SMALL_POTIONS","is_prod":false,"is_daily":false,"chose_seed":false,"campfire_upgraded":2,"win_rate":0,"timestamp":1551217449,"path_taken":["M","M","?","M","M","R","?","R","T","$","E","M","?","M"],"build_version":"2019-02-06","purchased_purges":0,"victory":false,"max_hp_per_floor":[85,85,90,90,90,90,90,90,90,90,90,90,90,90],"card_choices":[{"not_picked":["Warcry","Heavy Blade"],"picked":"Rampage","floor":1},{"not_picked":["Headbutt","Armaments"],"picked":"Iron Wave","floor":2},{"not_picked":["Anger","Havoc"],"picked":"Ghostly Armor","floor":4},{"not_picked":["Twin Strike","Iron Wave"],"picked":"Thunderclap","floor":5},{"not_picked":["Infernal Blade","Reckless Charge"],"picked":"Carnage","floor":11},{"not_picked":["Armaments","Cleave"],"picked":"Disarm","floor":12}],"player_experience":264252,"relics_obtained":[],"event_choices":[{"damage_healed":0,"gold_gain":0,"player_choice":"Donut","damage_taken":0,"max_hp_gain":5,"max_hp_loss":0,"event_name":"Big Fish","floor":3,"gold_loss":0},{"cards_removed":["Strike_R"],"damage_healed":0,"gold_gain":0,"player_choice":"Forget","damage_taken":0,"max_hp_gain":0,"max_hp_loss":0,"event_name":"Living Wall","floor":7,"gold_loss":0},{"damage_healed":0,"gold_gain":0,"player_choice":"Take Damage","damage_taken":22,"relics_obtained":["Golden Idol"],"max_hp_gain":0,"max_hp_loss":0,"event_name":"Golden Idol","floor":13,"gold_loss":0}],"is_beta":true,"boss_relics":[],"items_purged_floors":[],"is_endless":false,"potions_floor_spawned":[1,4,11],"killed_by":"Exordium Thugs","ascension_level":0}