{"gold_per_floor":[112,132,148,148,148,148,187,187,187,221,221,262,276,276,276,276],"floor_reached":16,"playtime":908,"items_purged":[],"score":183,"play_id":"fba9f72b-ea3c-423d-94bf-8317d34bea33","local_time":"20190202200141","is_ascension_mode":true,"campfire_choices":[{"data":"Loop","floor":6,"key":"SMITH"},{"floor":8,"key":"REST"},{"floor":11,"key":"REST"},{"floor":15,"key":"REST"}],"neow_cost":"NONE","seed_source_timestamp":1028516449488738,"circlet_count":0,"master_deck":["AscendersBane","Strike_B","Strike_B","Defend_B","Defend_B","Defend_B","Defend_B","Zap","Dualcast","Leap","Leap","Loop+1","Ball Lightning","Melter","Loop","White Noise"],"relics":["Cracked Core","Golden Idol","Meat on the Bone","Mummified Hand","Lantern","Du-Vu Doll"],"potions_floor_usage":[16,16],"damage_taken":[{"damage":13,"enemies":"Small Slimes","floor":1,"turns":3},{"damage":1,"enemies":"2 Louse","floor":2,"turns":3},{"damage":0,"enemies":"Cultist","floor":3,"turns":3},{"damage":33,"enemies":"Gremlin Nob","floor":7,"turns":4},{"damage":21,"enemies":"Lagavulin","floor":10,"turns":7},{"damage":22,"enemies":"3 Sentries","floor":12,"turns":6},{"damage":9,"enemies":"Large Slime","floor":13,"turns":5},{"damage":58,"enemies":"Slime Boss","floor":16,"turns":6}],"seed_played":"-4793268684778542596","potions_obtained":[{"floor":12,"key":"Strength Potion"},{"floor":13,"key":"Ancient Potion"}],"is_trial":false,"path_per_floor":["M","M","M","?","?","R","E","R","T","E","R","E","M","?","R","B"],"character_chosen":"DEFECT","items_purchased":[],"campfire_rested":3,"item_purchase_floors":[],"current_hp_per_floor":[62,61,61,41,34,34,1,25,25,16,40,30,33,33,57,0],"gold":276,"neow_bonus":"TEN_PERCENT_HP_BONUS","is_prod":false,"is_daily":false,"chose_seed":false,"campfire_upgraded":1,"win_rate":0,"timestamp":1549166501,"path_taken":["M","M","M","?","?","R","E","R","T","E","R","E","M","?","R","BOSS"],"build_version":"2019-01-23","purchased_purges":0,"victory":false,"max_hp_per_floor":[82,82,82,82,82,82,82,82,82,82,82,82,82,82,82,82],"card_choices":[{"not_picked":["Streamline","Stack"],"picked":"Leap","floor":1},{"not_picked":["Redo","Sweeping Beam"],"picked":"Leap","floor":2},{"not_picked":["Gash","Redo"],"picked":"Loop","floor":3},{"not_picked":["Seek","Capacitor"],"picked":"Ball Lightning","floor":7},{"not_picked":["Hologram","Beam Cell"],"picked":"Melter","floor":10},{"not_picked":["Rebound","Force Field"],"picked":"Loop","floor":12},{"not_picked":["Beam Cell","Ball Lightning"],"picked":"White Noise","floor":13}],"player_experience":737501,"relics_obtained":[{"floor":7,"key":"Meat on the Bone"},{"floor":9,"key":"Mummified Hand"},{"floor":10,"key":"Lantern"},{"floor":12,"key":"Du-Vu Doll"}],"event_choices":[{"damage_healed":0,"gold_gain":0,"player_choice":"Take Damage","damage_taken":20,"relics_obtained":["Golden Idol"],"max_hp_gain":0,"max_hp_loss":0,"event_name":"Golden Idol","floor":4,"gold_loss":0},{"cards_removed":["Strike_B"],"damage_healed":0,"gold_gain":0,"player_choice":"Card Removal","damage_taken":7,"max_hp_gain":0,"max_hp_loss":0,"event_name":"Golden Wing","floor":5,"gold_loss":0},{"cards_removed":["Strike_B"],"damage_healed":0,"gold_gain":0,"player_choice":"Offered Basic","damage_taken":0,"max_hp_gain":0,"max_hp_loss":0,"event_name":"Bonfire Elementals","floor":14,"gold_loss":0}],"is_beta":true,"boss_relics":[],"items_purged_floors":[],"is_endless":false,"potions_floor_spawned":[12,13],"killed_by":"Slime Boss","ascension_level":11}