{"gold_per_floor":[117,117,117,140,17,17,17,50,50,50,68,108,122,37,37,165,165,120,120,120,120,120,120,42,42,42,42,42,42,42,42,42,42],"floor_reached":33,"playtime":2065,"items_purged":[],"score":310,"play_id":"75e89ad1-9efa-434a-a92b-246112735c93","local_time":"20190219014300","is_ascension_mode":true,"campfire_choices":[{"floor":6,"key":"REST"},{"data":"Feel No Pain","floor":10,"key":"SMITH"},{"data":"Uppercut","floor":15,"key":"SMITH"},{"floor":23,"key":"REST"},{"floor":27,"key":"REST"},{"floor":32,"key":"REST"}],"neow_cost":"NONE","seed_source_timestamp":3044068924104506,"circlet_count":0,"master_deck":["Strike_R","Strike_R","Strike_R","Strike_R","Strike_R","Defend_R","Defend_R","Defend_R","Defend_R","Bash+1","Pummel","Battle Trance","Feel No Pain+1","Reaper","Thunderclap","Feel No Pain","Clothesline","Warcry","Uppercut+1","Exhume","Evolve","Disarm","Havoc","Warcry","Iron Wave+1","Carnage+1"],"relics":["Burning Blood","Bloody Idol","Lantern","Potion Belt","Sundial","Ectoplasm","MutagenicStrength","Nloth\u0027s Gift"],"potions_floor_usage":[3,8,8,12,12,16,22,25,33],"damage_taken":[{"damage":13,"enemies":"Jaw Worm","floor":1,"turns":4},{"damage":0,"enemies":"2 Louse","floor":4,"turns":4},{"damage":0,"enemies":"Gremlin Nob","floor":8,"turns":2},{"damage":1,"enemies":"Cultist","floor":11,"turns":3},{"damage":24,"enemies":"Lagavulin","floor":12,"turns":8},{"damage":13,"enemies":"Looter","floor":13,"turns":4},{"damage":56,"enemies":"The Guardian","floor":16,"turns":19},{"damage":17,"enemies":"2 Thieves","floor":18,"turns":4},{"damage":34,"enemies":"Spheric Guardian","floor":19,"turns":6},{"damage":50,"enemies":"Shelled Parasite and Fungi","floor":21,"turns":10},{"damage":20,"enemies":"Centurion and Healer","floor":22,"turns":8},{"damage":25,"enemies":"Chosen and Byrds","floor":25,"turns":8},{"damage":81,"enemies":"3 Cultists","floor":28,"turns":8},{"damage":14,"enemies":"Centurion and Healer","floor":29,"turns":7},{"damage":50,"enemies":"Collector","floor":33,"turns":9}],"seed_played":"-1769211782934319612","potions_obtained":[{"floor":1,"key":"GamblersBrew"},{"floor":3,"key":"Block Potion"},{"floor":3,"key":"Fruit Juice"},{"floor":3,"key":"Strength Potion"},{"floor":11,"key":"SkillPotion"},{"floor":13,"key":"Dexterity Potion"},{"floor":21,"key":"Poison Potion"},{"floor":22,"key":"Regen Potion"},{"floor":29,"key":"SpeedPotion"}],"is_trial":false,"path_per_floor":["M","?","?","M","$","R","$","E","T","R","M","E","M","$","R","B",null,"M","M","?","M","M","R","$","M","T","R","M","M","?","?","R","B"],"character_chosen":"IRONCLAD","items_purchased":["Feel No Pain","Fire Potion","Warcry","Uppercut","Havoc","Warcry"],"campfire_rested":4,"item_purchase_floors":[5,5,14,14,24,24],"current_hp_per_floor":[73,53,58,64,64,85,85,85,85,85,85,67,60,60,60,14,85,78,56,56,12,8,33,33,37,37,62,19,21,21,21,46,0],"gold":42,"neow_bonus":"UPGRADE_CARD","is_prod":false,"is_daily":false,"chose_seed":false,"campfire_upgraded":2,"win_rate":0,"timestamp":1550558580,"path_taken":["M","?","?","M","$","R","$","E","T","R","M","E","M","$","R","BOSS","M","?","?","M","M","R","$","M","T","R","M","M","?","?","R","BOSS"],"build_version":"2019-02-06","purchased_purges":0,"victory":false,"max_hp_per_floor":[80,80,85,85,85,85,85,85,85,85,85,85,85,85,85,85,85,85,85,85,85,85,85,85,85,85,85,85,85,85,85,85,85],"card_choices":[{"not_picked":["Flame Barrier","True Grit"],"picked":"Pummel","floor":1},{"not_picked":["Bloodletting","Thunderclap"],"picked":"Battle Trance","floor":4},{"not_picked":["Carnage","Clash"],"picked":"Reaper","floor":8},{"not_picked":["Iron Wave","Anger"],"picked":"Thunderclap","floor":11},{"not_picked":["Clash","Bludgeon"],"picked":"Feel No Pain","floor":12},{"not_picked":["Armaments","Perfected Strike"],"picked":"Clothesline","floor":13},{"not_picked":["Dark Embrace","Double Tap"],"picked":"Exhume","floor":16},{"not_picked":["Rupture","Clash","Shockwave"],"picked":"SKIP","floor":18},{"not_picked":["Thunderclap","Pommel Strike","Shrug It Off"],"picked":"SKIP","floor":19},{"not_picked":["Wild Strike+1","Anger"],"picked":"Evolve","floor":21},{"not_picked":["Rampage+1","Rage+1"],"picked":"Disarm","floor":22},{"not_picked":["Armaments","Pommel Strike","Combust"],"picked":"SKIP","floor":25},{"not_picked":["Rampage+1","Sword Boomerang"],"picked":"Iron Wave+1","floor":28},{"not_picked":["Barricade","Armaments"],"picked":"Carnage+1","floor":29}],"player_experience":145642,"relics_obtained":[{"floor":8,"key":"Lantern"},{"floor":9,"key":"Potion Belt"},{"floor":12,"key":"Sundial"},{"floor":26,"key":"Smiling Mask"}],"event_choices":[{"damage_healed":0,"gold_gain":0,"player_choice":"Take Damage","damage_taken":20,"relics_obtained":["Golden Idol"],"max_hp_gain":0,"max_hp_loss":0,"event_name":"Golden Idol","floor":2,"gold_loss":0},{"damage_healed":0,"gold_gain":0,"player_choice":"Got Potions","damage_taken":0,"max_hp_gain":0,"max_hp_loss":0,"event_name":"Lab","floor":3,"gold_loss":0},{"damage_healed":0,"gold_gain":0,"player_choice":"Gave Idol","damage_taken":0,"relics_obtained":["Bloody Idol"],"max_hp_gain":0,"max_hp_loss":0,"event_name":"Forgotten Altar","floor":20,"relics_lost":["Golden Idol"],"gold_loss":0},{"damage_healed":0,"gold_gain":0,"player_choice":"Inject Mutagens","damage_taken":0,"relics_obtained":["MutagenicStrength"],"max_hp_gain":0,"max_hp_loss":0,"event_name":"Drug Dealer","floor":30,"gold_loss":0},{"damage_healed":0,"gold_gain":0,"player_choice":"Traded Relic","damage_taken":0,"relics_obtained":["Nloth\u0027s Gift"],"max_hp_gain":0,"max_hp_loss":0,"event_name":"N\u0027loth","floor":31,"relics_lost":["Smiling Mask"],"gold_loss":0}],"is_beta":true,"boss_relics":[{"not_picked":["Velvet Choker","Mark of Pain"],"picked":"Ectoplasm"}],"items_purged_floors":[],"is_endless":false,"potions_floor_spawned":[1,11,13,21,22,29],"killed_by":"Collector","ascension_level":2}