{"gold_per_floor":[16,35,52,27,47,82,82,93,93,93,125,125,155,170,170,269,269,285,285,285,295,315,348,348],"floor_reached":24,"playtime":1117,"items_purged":[],"score":381,"play_id":"3232a4a0-cdc7-4e68-b2ed-bb4d300e07e9","local_time":"20190228223148","is_ascension_mode":true,"campfire_choices":[{"data":"Zap","floor":7,"key":"SMITH"},{"data":"Leap","floor":12,"key":"SMITH"},{"floor":15,"key":"REST"}],"neow_cost":"NO_GOLD","seed_source_timestamp":1184926898277164,"circlet_count":0,"master_deck":["AscendersBane","Strike_B","Strike_B","Strike_B","Strike_B","Defend_B","Defend_B","Defend_B","Defend_B","Zap+1","Dualcast+1","Ball Lightning","Ball Lightning","Leap+1","Beam Cell","Conserve Battery","Fission+1","Double Energy","Capacitor","Leap","Go for the Eyes"],"relics":["Cracked Core","Thread and Needle","Centennial Puzzle","Gremlin Horn","Shuriken","Kunai","Lizard Tail","Enchiridion","Blood Vial"],"potions_floor_usage":[6,13,16,21,23],"damage_taken":[{"damage":0,"enemies":"2 Louse","floor":1,"turns":3},{"damage":9,"enemies":"Small Slimes","floor":2,"turns":3},{"damage":0,"enemies":"Cultist","floor":3,"turns":3},{"damage":23,"enemies":"Exordium Thugs","floor":5,"turns":5},{"damage":5,"enemies":"Lagavulin","floor":6,"turns":5},{"damage":0,"enemies":"Exordium Wildlife","floor":8,"turns":3},{"damage":11,"enemies":"3 Sentries","floor":11,"turns":6},{"damage":13,"enemies":"Gremlin Nob","floor":13,"turns":4},{"damage":2,"enemies":"Looter","floor":14,"turns":2},{"damage":20,"enemies":"Slime Boss","floor":16,"turns":6},{"damage":0,"enemies":"Spheric Guardian","floor":18,"turns":5},{"damage":0,"enemies":"3 Byrds","floor":21,"turns":5},{"damage":25,"enemies":"Cultist and Chosen","floor":22,"turns":7},{"damage":28,"enemies":"Book of Stabbing","floor":23,"turns":5},{"damage":34,"enemies":"Sentry and Sphere","floor":24,"turns":5}],"seed_played":"8864298749176356312","potions_obtained":[{"floor":2,"key":"Dexterity Potion"},{"floor":11,"key":"Block Potion"},{"floor":14,"key":"Explosive Potion"},{"floor":16,"key":"EssenceOfSteel"},{"floor":21,"key":"Poison Potion"}],"is_trial":false,"path_per_floor":["M","M","M","$","M","E","R","M","T","?","E","R","E","M","R","B",null,"M","?","?","M","M","E","M"],"character_chosen":"DEFECT","items_purchased":["Ball Lightning"],"campfire_rested":1,"item_purchase_floors":[4],"current_hp_per_floor":[68,59,59,59,36,31,31,31,31,31,20,20,7,5,27,7,58,58,42,42,42,17,30,0],"gold":348,"neow_bonus":"ONE_RARE_RELIC","is_prod":false,"is_daily":false,"chose_seed":false,"campfire_upgraded":2,"win_rate":0,"timestamp":1551389508,"path_taken":["M","M","M","$","M","E","R","M","T","?","E","R","E","M","R","BOSS","M","?","?","M","M","E","M"],"build_version":"2019-01-23","purchased_purges":0,"victory":false,"max_hp_per_floor":[75,75,75,75,75,75,75,75,75,75,75,75,75,75,75,75,75,75,75,75,75,75,75,75],"card_choices":[{"not_picked":["Rebound","Steam","Hello World"],"picked":"SKIP","floor":1},{"not_picked":["Undo","Stack","Redo"],"picked":"SKIP","floor":2},{"not_picked":["Stack","Thunder Strike","Turbo"],"picked":"SKIP","floor":3},{"not_picked":["Stack","Steam"],"picked":"Ball Lightning","floor":5},{"not_picked":["Streamline","Gash","Machine Learning"],"picked":"SKIP","floor":6},{"not_picked":["Turbo","Stack"],"picked":"Leap","floor":8},{"not_picked":["Leap","Stack","Creative AI"],"picked":"SKIP","floor":11},{"not_picked":["Leap","Rainbow"],"picked":"Beam Cell","floor":13},{"not_picked":["Static Discharge","Redo"],"picked":"Conserve Battery","floor":14},{"not_picked":["Machine Learning","Rainbow"],"picked":"Fission","floor":16},{"not_picked":["Hello World","Darkness"],"picked":"Double Energy","floor":18},{"not_picked":["Static Discharge+1","Beam Cell"],"picked":"Capacitor","floor":21},{"not_picked":["Tempest","Turbo"],"picked":"Leap","floor":22},{"not_picked":["White Noise","Steam"],"picked":"Go for the Eyes","floor":23}],"player_experience":652139,"relics_obtained":[{"floor":6,"key":"Centennial Puzzle"},{"floor":9,"key":"Gremlin Horn"},{"floor":11,"key":"Shuriken"},{"floor":13,"key":"Kunai"},{"floor":19,"key":"Enchiridion"},{"floor":23,"key":"Blood Vial"}],"event_choices":[{"damage_healed":0,"gold_gain":0,"player_choice":"Grow","damage_taken":0,"max_hp_gain":0,"max_hp_loss":0,"event_name":"Living Wall","floor":10,"gold_loss":0,"cards_upgraded":["Dualcast"]},{"damage_healed":0,"gold_gain":0,"player_choice":"Obtained Book","damage_taken":16,"max_hp_gain":0,"max_hp_loss":0,"event_name":"Cursed Tome","floor":19,"gold_loss":0},{"damage_healed":0,"gold_gain":0,"player_choice":"Forge","damage_taken":0,"max_hp_gain":0,"max_hp_loss":0,"event_name":"Accursed Blacksmith","floor":20,"gold_loss":0,"cards_upgraded":["Fission"]}],"is_beta":false,"boss_relics":[{"not_picked":["Calling Bell","Coffee Dripper"],"picked":"Lizard Tail"}],"items_purged_floors":[],"is_endless":false,"potions_floor_spawned":[2,11,14,16,21],"killed_by":"Sentry and Sphere","ascension_level":12}