{"gold_per_floor":[111,131,81,81,33,61,12,12,12,28,41,41,41,51,51,149,149,159,18,38,38,38,38],"floor_reached":23,"playtime":1379,"items_purged":[],"score":235,"play_id":"1654a56c-2ccf-45e8-8e67-216683a9c84f","local_time":"20190218003109","is_ascension_mode":true,"campfire_choices":[{"data":"Entrench","floor":8,"key":"SMITH"},{"data":"Flex","floor":12,"key":"SMITH"},{"data":"Whirlwind","floor":15,"key":"SMITH"}],"neow_cost":"NONE","seed_source_timestamp":2954041777801520,"circlet_count":0,"master_deck":["Strike_R","Strike_R","Strike_R","Strike_R","Defend_R","Defend_R","Defend_R","Defend_R","Bash","Armaments+1","Entrench+1","Rampage","Flex+1","Thunderclap","Fiend Fire","Whirlwind+1","Immolate","Thunderclap","Inflame","Iron Wave"],"relics":["Burning Blood","NeowsBlessing","Boot","Juzu Bracelet","Meat on the Bone","Cursed Key"],"potions_floor_usage":[6,11,14,16,16,23],"damage_taken":[{"damage":0,"enemies":"2 Louse","floor":1,"turns":1},{"damage":0,"enemies":"Small Slimes","floor":2,"turns":1},{"damage":0,"enemies":"Gremlin Nob","floor":6,"turns":1},{"damage":4,"enemies":"Jaw Worm","floor":10,"turns":4},{"damage":1,"enemies":"Looter","floor":11,"turns":2},{"damage":15,"enemies":"Large Slime","floor":14,"turns":6},{"damage":73,"enemies":"Slime Boss","floor":16,"turns":12},{"damage":0,"enemies":"3 Byrds","floor":18,"turns":3},{"damage":23,"enemies":"2 Thieves","floor":20,"turns":3},{"damage":69,"enemies":"Book of Stabbing","floor":23,"turns":5}],"seed_played":"634127192979809700","potions_obtained":[{"floor":2,"key":"Poison Potion"},{"floor":6,"key":"EssenceOfSteel"},{"floor":10,"key":"Fire Potion"},{"floor":14,"key":"Regen Potion"}],"is_trial":false,"path_per_floor":["M","M","?","?","$","E","$","R","T","M","M","R","?","M","R","B",null,"M","$","M","?","?","E"],"character_chosen":"IRONCLAD","items_purchased":["Strength Potion","Flex","Inflame","SneckoOil"],"campfire_rested":0,"item_purchase_floors":[5,7,19,19],"current_hp_per_floor":[80,80,80,68,68,74,74,74,74,76,80,80,80,71,71,31,80,80,80,63,63,63,0],"gold":38,"neow_bonus":"THREE_ENEMY_KILL","is_prod":false,"is_daily":false,"chose_seed":false,"campfire_upgraded":3,"win_rate":0,"timestamp":1550467869,"path_taken":["M","M","?","?","$","E","?","R","T","M","M","R","?","M","R","BOSS","M","$","M","?","?","E"],"build_version":"2019-02-06","purchased_purges":0,"victory":false,"max_hp_per_floor":[80,80,80,80,80,80,80,80,80,80,80,80,80,80,80,80,80,80,80,80,80,80,80],"card_choices":[{"not_picked":["Anger","Perfected Strike"],"picked":"Armaments","floor":1},{"not_picked":["Heavy Blade","Feel No Pain"],"picked":"Entrench","floor":2},{"not_picked":["Clash","Headbutt"],"picked":"Rampage","floor":6},{"not_picked":["Iron Wave","Dropkick"],"picked":"Thunderclap","floor":10},{"not_picked":["Second Wind","Headbutt"],"picked":"Fiend Fire","floor":11},{"not_picked":["Anger","Intimidate"],"picked":"Whirlwind","floor":14},{"not_picked":["Brutality","Impervious"],"picked":"Immolate","floor":16},{"not_picked":["Body Slam+1","Carnage+1"],"picked":"Thunderclap","floor":18},{"not_picked":["Sever Soul","Twin Strike+1"],"picked":"Iron Wave","floor":20}],"player_experience":131461,"relics_obtained":[{"floor":6,"key":"Juzu Bracelet"},{"floor":9,"key":"Meat on the Bone"}],"event_choices":[{"cards_removed":["Strike_R"],"damage_healed":0,"gold_gain":0,"player_choice":"Card Removal","damage_taken":0,"max_hp_gain":0,"max_hp_loss":0,"event_name":"The Cleric","floor":3,"gold_loss":50},{"damage_healed":0,"gold_gain":0,"player_choice":"Success","damage_taken":12,"relics_obtained":["Boot"],"max_hp_gain":0,"max_hp_loss":0,"event_name":"Scrap Ooze","floor":4,"gold_loss":0},{"damage_healed":0,"gold_gain":0,"player_choice":"Grow","damage_taken":0,"max_hp_gain":0,"max_hp_loss":0,"event_name":"Living Wall","floor":13,"gold_loss":0,"cards_upgraded":["Armaments"]},{"damage_healed":0,"gold_gain":0,"player_choice":"Ignored","damage_taken":0,"max_hp_gain":0,"max_hp_loss":0,"event_name":"Beggar","floor":21,"gold_loss":0},{"damage_healed":0,"gold_gain":0,"player_choice":"Ignored","damage_taken":0,"max_hp_gain":0,"max_hp_loss":0,"event_name":"Cursed Tome","floor":22,"gold_loss":0}],"is_beta":true,"boss_relics":[{"not_picked":["Black Star","Ectoplasm"],"picked":"Cursed Key"}],"items_purged_floors":[],"is_endless":false,"potions_floor_spawned":[2,6,10,14],"killed_by":"Book of Stabbing","ascension_level":2}