{"gold_per_floor":[109,109,129,27,47,72,72,99,99,99,7,7],"floor_reached":12,"playtime":466,"items_purged":[],"score":125,"play_id":"8f8c34a4-a8b3-4fb8-8f9f-6fd62dbb42f8","local_time":"20190225180035","is_ascension_mode":true,"campfire_choices":[{"data":"Leg Sweep","floor":7,"key":"SMITH"},{"data":"Dagger Spray","floor":10,"key":"SMITH"}],"neow_cost":"NONE","seed_source_timestamp":910102604334807,"circlet_count":0,"master_deck":["Defend_G","Defend_G","Defend_G","Defend_G","Defend_G","Strike_G","Strike_G","Strike_G","Strike_G","Strike_G","Survivor","Neutralize","Leg Sweep+1","Dagger Spray+1","Crippling Poison","Infinite Blades","Cloak And Dagger","Accuracy","Cloak And Dagger"],"relics":["Eternal Feather","Dream Catcher","Sundial","Ornamental Fan"],"potions_floor_usage":[6,6,8],"damage_taken":[{"damage":1,"enemies":"Cultist","floor":1,"turns":4},{"damage":0,"enemies":"Small Slimes","floor":3,"turns":5},{"damage":10,"enemies":"2 Louse","floor":5,"turns":4},{"damage":29,"enemies":"Gremlin Nob","floor":6,"turns":6},{"damage":30,"enemies":"Lagavulin","floor":8,"turns":12},{"damage":19,"enemies":"Gremlin Nob","floor":12,"turns":5}],"seed_played":"-512975142360324840","potions_obtained":[{"floor":1,"key":"Swift Potion"},{"floor":2,"key":"Swift Potion"},{"floor":2,"key":"Fire Potion"},{"floor":2,"key":"Explosive Potion"}],"is_trial":false,"path_per_floor":["M","?","M","$","M","E","R","E","T","R","$","E"],"character_chosen":"THE_SILENT","items_purchased":["Dagger Spray","Crippling Poison","Accuracy","Cloak And Dagger"],"campfire_rested":0,"item_purchase_floors":[4,4,11,11],"current_hp_per_floor":[62,62,62,62,52,23,32,2,2,11,11,0],"gold":7,"neow_bonus":"BOSS_RELIC","is_prod":false,"is_daily":false,"chose_seed":false,"campfire_upgraded":2,"win_rate":0,"timestamp":1551114035,"path_taken":["M","?","M","$","M","E","R","E","T","R","$","E"],"build_version":"2019-01-23","purchased_purges":0,"victory":false,"max_hp_per_floor":[70,70,70,70,70,70,70,70,70,70,70,70],"card_choices":[{"not_picked":["Dodge and Roll","PiercingWail"],"picked":"Leg Sweep","floor":1},{"not_picked":["Quick Slash","Underhanded Strike","Riddle With Holes"],"picked":"SKIP","floor":3},{"not_picked":["Outmaneuver","Underhanded Strike","Skewer"],"picked":"SKIP","floor":5},{"not_picked":["Backflip","Caltrops"],"picked":"Infinite Blades","floor":6},{"not_picked":["Blade Dance","Outmaneuver"],"picked":"Cloak And Dagger","floor":8}],"player_experience":509544,"relics_obtained":[{"floor":6,"key":"Dream Catcher"},{"floor":8,"key":"Sundial"},{"floor":9,"key":"Ornamental Fan"}],"event_choices":[{"damage_healed":0,"gold_gain":0,"player_choice":"Got Potions","damage_taken":0,"max_hp_gain":0,"max_hp_loss":0,"event_name":"Lab","floor":2,"gold_loss":0}],"is_beta":false,"boss_relics":[],"items_purged_floors":[],"is_endless":false,"potions_floor_spawned":[1,5],"killed_by":"Gremlin Nob","ascension_level":9}