{"gold_per_floor":[109,59,59,32,43,78,78,97,97,108,108,59,94,94,94,197,197,208,208,223,235,250,250,283,283,283,283,283,315,335,335,335,430,430,445,445,464,464,864,864,442,460,460,342,342,359,373,386,386,386],"floor_reached":51,"playtime":4310,"items_purged":["Phantasmal Killer+1","Dagger Spray"],"score":905,"play_id":"93aa2898-dabe-412c-87a1-a8df6045779a","local_time":"20190223140604","is_ascension_mode":true,"campfire_choices":[{"data":"Dodge and Roll","floor":7,"key":"SMITH"},{"data":"Neutralize","floor":11,"key":"SMITH"},{"floor":15,"key":"REST"},{"floor":23,"key":"REST"},{"data":"Wraith Form v2","floor":25,"key":"SMITH"},{"floor":27,"key":"REST"},{"data":"Footwork","floor":32,"key":"SMITH"},{"data":"Burst","floor":40,"key":"SMITH"},{"data":"Adrenaline","floor":45,"key":"SMITH"},{"data":"Backflip","floor":49,"key":"SMITH"}],"neow_cost":"NONE","seed_source_timestamp":3431956680323042,"circlet_count":0,"master_deck":["Survivor","Neutralize+1","Sucker Punch","Dagger Throw+1","Dodge and Roll+1","Dagger Spray","Deflect","After Image","Glass Knife","Wraith Form v2+1","Acrobatics","Flying Knee","Well Laid Plans","Prepared","Backstab","Footwork+1","Dash+1","Footwork+1","Dodge and Roll+1","Backflip","Adrenaline+1","Burst+1","Prepared+1","A Thousand Cuts+1","Cloak And Dagger","Concentrate+1","Dodge and Roll","Backflip+1","Backflip+1","Prepared"],"relics":["Ring of the Snake","NeowsBlessing","Mercury Hourglass","Dodecahedron","Orichalcum","Thread and Needle","Pandora\u0027s Box","Enchiridion","Whetstone","Bottled Tornado","Du-Vu Doll","Astrolabe","Question Card","Old Coin","Mummified Hand","The Courier"],"potions_floor_usage":[16,22,29,33,37,46,50,50,50],"damage_taken":[{"damage":0,"enemies":"2 Louse","floor":1,"turns":1},{"damage":0,"enemies":"Small Slimes","floor":5,"turns":1},{"damage":0,"enemies":"Gremlin Nob","floor":6,"turns":1},{"damage":0,"enemies":"Cultist","floor":8,"turns":3},{"damage":1,"enemies":"Gremlin Gang","floor":10,"turns":5},{"damage":17,"enemies":"Lagavulin","floor":13,"turns":8},{"damage":40,"enemies":"Hexaghost","floor":16,"turns":15},{"damage":0,"enemies":"Spheric Guardian","floor":18,"turns":3},{"damage":0,"enemies":"3 Byrds","floor":20,"turns":4},{"damage":0,"enemies":"Snake Plant","floor":21,"turns":4},{"damage":13,"enemies":"Shelled Parasite and Fungi","floor":22,"turns":8},{"damage":15,"enemies":"Slavers","floor":24,"turns":5},{"damage":4,"enemies":"Book of Stabbing","floor":29,"turns":7},{"damage":0,"enemies":"Snecko","floor":30,"turns":6},{"damage":11,"enemies":"Automaton","floor":33,"turns":15},{"damage":0,"enemies":"Orb Walker","floor":35,"turns":5},{"damage":0,"enemies":"3 Shapes","floor":37,"turns":5},{"damage":1,"enemies":"Mind Bloom Boss Battle","floor":39,"turns":10},{"damage":0,"enemies":"Sphere and 2 Shapes","floor":42,"turns":4},{"damage":0,"enemies":"4 Shapes","floor":46,"turns":3},{"damage":0,"enemies":"Spire Growth","floor":47,"turns":7},{"damage":0,"enemies":"Transient","floor":48,"turns":5},{"damage":40,"enemies":"Awakened One","floor":50,"turns":31}],"seed_played":"-3191307502954849441","potions_obtained":[{"floor":5,"key":"Energy Potion"},{"floor":8,"key":"Regen Potion"},{"floor":13,"key":"Poison Potion"},{"floor":29,"key":"Fruit Juice"},{"floor":30,"key":"SteroidPotion"},{"floor":33,"key":"Weak Potion"},{"floor":35,"key":"GhostInAJar"},{"floor":42,"key":"Fire Potion"},{"floor":47,"key":"Explosive Potion"},{"floor":48,"key":"LiquidBronze"}],"is_trial":false,"path_per_floor":["M","?","?","$","M","E","R","M","T","M","R","$","E","T","R","B",null,"M","?","M","M","M","R","E","R","T","R","?","E","M","?","R","B",null,"M","?","M","T","?","R","$","M","T","$","R","M","M","M","R","B",null],"character_chosen":"THE_SILENT","items_purchased":["Dagger Throw","Weak Potion","Mummified Hand","Dodge and Roll","AttackPotion","Backflip"],"campfire_rested":3,"item_purchase_floors":[4,12,41,41,41,44],"current_hp_per_floor":[63,63,63,63,63,63,63,63,63,62,62,62,45,45,66,26,59,59,43,43,43,39,60,45,45,45,66,66,67,67,67,67,56,70,70,70,70,70,69,69,69,69,69,69,69,69,69,69,69,29],"gold":386,"neow_bonus":"THREE_ENEMY_KILL","is_prod":false,"is_daily":false,"chose_seed":false,"campfire_upgraded":7,"win_rate":0,"timestamp":1550948764,"path_taken":["M","?","?","$","?","E","R","?","T","M","R","$","E","?","R","BOSS","M","?","M","M","M","R","E","R","T","R","?","E","M","?","R","BOSS","M","?","?","?","?","R","$","M","T","?","R","M","?","M","R","BOSS"],"build_version":"2019-02-06","purchased_purges":2,"victory":true,"max_hp_per_floor":[70,70,70,70,70,70,70,70,70,70,70,70,70,70,70,70,70,70,70,70,70,70,70,70,70,70,70,70,75,75,75,75,75,75,75,75,75,75,75,75,75,75,75,75,75,75,75,75,75,75],"card_choices":[{"not_picked":["Deadly Poison","Bane"],"picked":"Sucker Punch","floor":1},{"not_picked":["Underhanded Strike","Bane"],"picked":"Blade Dance","floor":5},{"not_picked":["Sucker Punch","Slice"],"picked":"Dodge and Roll","floor":6},{"not_picked":["Tactician","Infinite Blades","Bane"],"picked":"SKIP","floor":8},{"not_picked":["Deadly Poison","Reflex"],"picked":"Dagger Spray","floor":10},{"not_picked":["Unload","Wraith Form v2"],"picked":"Deflect","floor":13},{"not_picked":["Glass Knife","Envenom"],"picked":"After Image","floor":16},{"not_picked":["Sucker Punch","Catalyst"],"picked":"Dagger Spray","floor":18},{"not_picked":["Finisher","Underhanded Strike"],"picked":"Backstab","floor":20},{"not_picked":["Backstab","Skewer"],"picked":"Footwork+1","floor":21},{"not_picked":["Sucker Punch+1","Blade Dance"],"picked":"Dash+1","floor":22},{"not_picked":["Blade Dance","Well Laid Plans"],"picked":"Footwork","floor":24},{"not_picked":["Acrobatics","Prepared"],"picked":"Dodge and Roll+1","floor":29},{"not_picked":["Finisher","Outmaneuver+1"],"picked":"Backflip","floor":30},{"not_picked":["Envenom","Corpse Explosion"],"picked":"Burst","floor":33},{"not_picked":["Bane","Caltrops"],"picked":"Cloak And Dagger","floor":35},{"not_picked":["Sucker Punch","Setup+1","Flying Knee"],"picked":"SKIP","floor":37},{"not_picked":["Distraction+1","Underhanded Strike+1","Riddle With Holes"],"picked":"Concentrate+1","floor":39},{"not_picked":["Underhanded Strike+1","Endless Agony+1","Flechettes+1","Slice+1"],"picked":"SKIP","floor":42},{"not_picked":["Concentrate+1","Glass Knife","Eviscerate"],"picked":"Backflip+1","floor":46},{"not_picked":["Choke+1","Deadly Poison+1","Finisher+1","Dagger Throw+1"],"picked":"SKIP","floor":47},{"not_picked":["Cloak And Dagger","Dagger Throw+1","Crippling Poison+1"],"picked":"Prepared","floor":48}],"player_experience":217965,"relics_obtained":[{"floor":6,"key":"Mercury Hourglass"},{"floor":9,"key":"Dodecahedron"},{"floor":13,"key":"Orichalcum"},{"floor":14,"key":"Thread and Needle"},{"floor":19,"key":"Enchiridion"},{"floor":24,"key":"Whetstone"},{"floor":26,"key":"Bottled Tornado"},{"floor":29,"key":"Du-Vu Doll"},{"floor":38,"key":"Question Card"},{"floor":39,"key":"Old Coin"},{"floor":43,"key":"The Courier"}],"event_choices":[{"cards_removed":["Strike_G"],"damage_healed":0,"gold_gain":0,"player_choice":"Card Removal","damage_taken":0,"max_hp_gain":0,"max_hp_loss":0,"event_name":"The Cleric","floor":2,"gold_loss":50},{"cards_removed":["Defend_G"],"damage_healed":0,"gold_gain":0,"player_choice":"Offered Basic","damage_taken":0,"max_hp_gain":0,"max_hp_loss":0,"event_name":"Bonfire Elementals","floor":3,"gold_loss":0},{"damage_healed":0,"gold_gain":0,"player_choice":"Obtained Book","damage_taken":16,"max_hp_gain":0,"max_hp_loss":0,"event_name":"Cursed Tome","floor":19,"gold_loss":0},{"damage_healed":0,"gold_gain":0,"player_choice":"Ignored","damage_taken":0,"max_hp_gain":0,"max_hp_loss":0,"event_name":"Vampires","floor":28,"gold_loss":0},{"damage_healed":0,"gold_gain":0,"player_choice":"Read","damage_taken":0,"max_hp_gain":0,"max_hp_loss":0,"event_name":"The Library","floor":31,"gold_loss":0,"cards_obtained":["Adrenaline"]},{"damage_healed":0,"gold_gain":0,"player_choice":"0 cards matched","damage_taken":0,"max_hp_gain":0,"max_hp_loss":0,"event_name":"Match and Keep!","floor":36,"gold_loss":0,"cards_obtained":[]},{"damage_healed":0,"gold_gain":0,"player_choice":"Fight","damage_taken":0,"max_hp_gain":0,"max_hp_loss":0,"event_name":"MindBloom","floor":39,"gold_loss":0}],"is_beta":true,"boss_relics":[{"not_picked":["Velvet Choker","Runic Dome"],"picked":"Pandora\u0027s Box"},{"not_picked":["Fusion Hammer","White Beast Statue"],"picked":"Astrolabe"}],"items_purged_floors":[41,44],"is_endless":false,"potions_floor_spawned":[5,8,13,29,30,33,35,42,47,48],"ascension_level":7}