{"gold_per_floor":[115,128,128,128,128,128,157,157,157,185,196,196,216,233,233,333,333,350,330,349,30,49,49,63,94,94,94,94,114,114,125,125,227,227,239,259,272,296,307,307,58,87,112,112,62,75,75,25,25,25],"floor_reached":51,"playtime":3130,"items_purged":["Strike_R","Strike_R","Strike_R","Defend_R"],"score":1003,"play_id":"df755949-f7ea-4588-a72f-8bad1400cc83","local_time":"20190222233823","is_ascension_mode":true,"campfire_choices":[{"data":"Burning Pact","floor":6,"key":"SMITH"},{"data":"Demon Form","floor":8,"key":"SMITH"},{"data":"Bash","floor":12,"key":"SMITH"},{"data":"Armaments","floor":15,"key":"SMITH"},{"floor":23,"key":"REST"},{"data":"Metallicize","floor":28,"key":"SMITH"},{"floor":32,"key":"REST"},{"floor":40,"key":"REST"},{"data":"Whirlwind","floor":44,"key":"SMITH"},{"data":"Offering","floor":47,"key":"SMITH"},{"floor":49,"key":"REST"}],"neow_cost":"NONE","seed_source_timestamp":668487637996898,"circlet_count":0,"master_deck":["Strike_R+1","Strike_R+1","Defend_R","Defend_R","Defend_R","Bash+1","Havoc","Carnage","Burning Pact+1","Demon Form+1","Pommel Strike","Armaments+1","Double Tap","Metallicize+1","Whirlwind+1","Disarm","Feel No Pain","Offering+1"],"relics":["Burning Blood","NeowsBlessing","Lantern","Pocketwatch","Shuriken","Pear","Lizard Tail","Pen Nib","Gambling Chip","Whetstone","Letter Opener","Sozu","Orichalcum","Strawberry","Ancient Tea Set","Smiling Mask"],"potions_floor_usage":[16,16,16,20,22,22,25,25,31,42],"damage_taken":[{"damage":0,"enemies":"Jaw Worm","floor":1,"turns":1},{"damage":0,"enemies":"2 Louse","floor":2,"turns":1},{"damage":0,"enemies":"3 Sentries","floor":7,"turns":1},{"damage":35,"enemies":"Lagavulin","floor":10,"turns":5},{"damage":1,"enemies":"Cultist","floor":11,"turns":3},{"damage":11,"enemies":"Blue Slaver","floor":13,"turns":3},{"damage":9,"enemies":"Red Slaver","floor":14,"turns":5},{"damage":15,"enemies":"The Guardian","floor":16,"turns":9},{"damage":51,"enemies":"3 Byrds","floor":18,"turns":7},{"damage":32,"enemies":"2 Thieves","floor":20,"turns":5},{"damage":9,"enemies":"Centurion and Healer","floor":22,"turns":6},{"damage":39,"enemies":"3 Cultists","floor":24,"turns":7},{"damage":18,"enemies":"Gremlin Leader","floor":25,"turns":5},{"damage":13,"enemies":"Cultist and Chosen","floor":29,"turns":4},{"damage":12,"enemies":"Centurion and Healer","floor":31,"turns":8},{"damage":49,"enemies":"Collector","floor":33,"turns":9},{"damage":6,"enemies":"3 Darklings","floor":35,"turns":1},{"damage":9,"enemies":"Orb Walker","floor":36,"turns":4},{"damage":16,"enemies":"Spire Growth","floor":37,"turns":4},{"damage":27,"enemies":"Sphere and 2 Shapes","floor":39,"turns":3},{"damage":18,"enemies":"Reptomancer","floor":42,"turns":6},{"damage":13,"enemies":"4 Shapes","floor":46,"turns":4},{"damage":75,"enemies":"Time Eater","floor":50,"turns":9}],"seed_played":"-6794194871836091480","potions_obtained":[{"floor":2,"key":"SteroidPotion"},{"floor":10,"key":"EssenceOfSteel"},{"floor":11,"key":"AttackPotion"},{"floor":14,"key":"PowerPotion"},{"floor":19,"key":"Swift Potion"},{"floor":20,"key":"Strength Potion"},{"floor":22,"key":"LiquidBronze"},{"floor":31,"key":"Fruit Juice"},{"floor":33,"key":"Block Potion"}],"is_trial":false,"path_per_floor":["M","M","?","?","?","R","E","R","T","E","M","R","M","M","R","B",null,"M","?","M","$","M","R","M","E","T","?","R","M","T","M","R","B",null,"M","M","M","T","M","R","$","E","T","R","$","M","R","$","R","B",null],"character_chosen":"IRONCLAD","items_purchased":["Pen Nib","Energy Potion","SkillPotion","Strawberry"],"campfire_rested":4,"item_purchase_floors":[21,21,21,41],"current_hp_per_floor":[80,80,77,82,82,82,85,85,85,66,71,71,66,63,63,54,85,40,40,14,14,11,39,53,41,41,41,41,34,34,33,63,20,80,80,77,67,67,46,76,83,71,71,71,71,64,64,64,96,27],"gold":25,"neow_bonus":"THREE_ENEMY_KILL","is_prod":false,"is_daily":false,"chose_seed":false,"campfire_upgraded":7,"win_rate":0,"timestamp":1550875103,"path_taken":["M","M","?","?","?","R","E","R","T","E","M","R","M","?","R","BOSS","M","?","?","$","M","R","M","E","T","?","R","?","?","M","R","BOSS","M","M","M","?","M","R","?","E","T","R","$","?","R","$","R","BOSS"],"build_version":"2019-01-23","purchased_purges":4,"victory":true,"max_hp_per_floor":[80,80,80,85,85,85,85,85,85,95,95,95,95,95,95,95,95,95,95,95,95,95,95,95,95,95,95,95,95,95,100,100,100,100,100,100,100,100,100,100,107,107,107,107,107,107,107,107,107,107],"card_choices":[{"not_picked":["Sword Boomerang","Clash"],"picked":"Havoc","floor":1},{"not_picked":["Rage","Body Slam"],"picked":"Carnage","floor":2},{"not_picked":["Inflame","Sword Boomerang"],"picked":"Demon Form","floor":7},{"not_picked":["Infernal Blade","Clothesline","Bludgeon"],"picked":"SKIP","floor":10},{"not_picked":["Spot Weakness","Wild Strike"],"picked":"Pommel Strike","floor":11},{"not_picked":["Twin Strike","Dual Wield","Thunderclap"],"picked":"SKIP","floor":13},{"not_picked":["Pommel Strike","Sever Soul"],"picked":"Armaments","floor":14},{"not_picked":["Demon Form","Bludgeon"],"picked":"Double Tap","floor":16},{"not_picked":["Warcry","Clothesline"],"picked":"Metallicize","floor":18},{"not_picked":["Havoc+1","Fire Breathing","Heavy Blade+1"],"picked":"SKIP","floor":20},{"not_picked":["Anger+1","Fire Breathing+1","Twin Strike"],"picked":"SKIP","floor":22},{"not_picked":["Twin Strike+1","Cleave"],"picked":"Whirlwind","floor":24},{"not_picked":["Thunderclap","Pummel"],"picked":"Disarm","floor":25},{"not_picked":["Sword Boomerang","Body Slam","Fire Breathing"],"picked":"SKIP","floor":29},{"not_picked":["Fire Breathing","Combust"],"picked":"Feel No Pain","floor":31},{"not_picked":["Double Tap","Bludgeon"],"picked":"Offering","floor":33},{"not_picked":["Heavy Blade+1","Sword Boomerang","Havoc"],"picked":"SKIP","floor":35},{"not_picked":["Warcry","Metallicize","Carnage"],"picked":"SKIP","floor":36},{"not_picked":["Flex+1","Clothesline","Pommel Strike"],"picked":"SKIP","floor":37},{"not_picked":["Spot Weakness","Thunderclap+1","Burning Pact"],"picked":"SKIP","floor":39},{"not_picked":["Iron Wave","Fire Breathing","Pommel Strike"],"picked":"SKIP","floor":42},{"not_picked":["Inflame","Power Through","Wild Strike+1"],"picked":"SKIP","floor":46}],"player_experience":367104,"relics_obtained":[{"floor":7,"key":"Pocketwatch"},{"floor":9,"key":"Shuriken"},{"floor":10,"key":"Pear"},{"floor":25,"key":"Gambling Chip"},{"floor":26,"key":"Whetstone"},{"floor":30,"key":"Letter Opener"},{"floor":38,"key":"Orichalcum"},{"floor":42,"key":"Ancient Tea Set"},{"floor":43,"key":"Smiling Mask"}],"event_choices":[{"damage_healed":0,"gold_gain":0,"player_choice":"Success","damage_taken":3,"relics_obtained":["Lantern"],"max_hp_gain":0,"max_hp_loss":0,"event_name":"Scrap Ooze","floor":3,"gold_loss":0},{"damage_healed":0,"gold_gain":0,"player_choice":"Donut","damage_taken":0,"max_hp_gain":5,"max_hp_loss":0,"event_name":"Big Fish","floor":4,"gold_loss":0},{"damage_healed":0,"gold_gain":0,"player_choice":"1 cards matched","damage_taken":0,"max_hp_gain":0,"max_hp_loss":0,"event_name":"Match and Keep!","floor":5,"gold_loss":0,"cards_obtained":["Burning Pact"]},{"damage_healed":0,"gold_gain":0,"player_choice":"Bought 1 Potion","damage_taken":0,"max_hp_gain":0,"max_hp_loss":0,"event_name":"The Woman in Blue","floor":19,"gold_loss":0},{"damage_healed":0,"gold_gain":0,"player_choice":"Ignored","damage_taken":0,"max_hp_gain":0,"max_hp_loss":0,"event_name":"Transmorgrifier","floor":27,"gold_loss":0}],"is_beta":false,"boss_relics":[{"not_picked":["Coffee Dripper","Runic Dome"],"picked":"Lizard Tail"},{"not_picked":["Velvet Choker","Busted Crown"],"picked":"Sozu"}],"items_purged_floors":[21,41,45,48],"is_endless":false,"potions_floor_spawned":[2,10,11,14,20,22,31,33,42],"ascension_level":5}