{"gold_per_floor":[117,97,2,2,15,15,33,67,67,98,29,29,29,42,42,42],"floor_reached":16,"playtime":696,"items_purged":[],"score":144,"play_id":"41a4109e-138c-407b-b69e-77b84220773b","local_time":"20190228015017","is_ascension_mode":true,"campfire_choices":[{"data":"Footwork","floor":6,"key":"SMITH"},{"data":"Footwork","floor":15,"key":"SMITH"}],"neow_cost":"NONE","seed_source_timestamp":897657221074111,"circlet_count":0,"master_deck":["Defend_G","Defend_G","Defend_G","Defend_G","Defend_G","Strike_G","Strike_G","Strike_G","Strike_G","Survivor","Neutralize","Dagger Spray","PiercingWail","Footwork+1","Cloak And Dagger","Backflip","Footwork+1","Cloak And Dagger"],"relics":["Ring of the Snake","Golden Idol","Pantograph","Pear","Blood Vial"],"potions_floor_usage":[8,10,16,16],"damage_taken":[{"damage":5,"enemies":"2 Louse","floor":1,"turns":5},{"damage":0,"enemies":"Cultist","floor":5,"turns":4},{"damage":0,"enemies":"Small Slimes","floor":7,"turns":4},{"damage":41,"enemies":"Gremlin Nob","floor":8,"turns":7},{"damage":13,"enemies":"3 Sentries","floor":10,"turns":11},{"damage":0,"enemies":"Red Slaver","floor":14,"turns":7},{"damage":39,"enemies":"Hexaghost","floor":16,"turns":23}],"seed_played":"-3316394720409011643","potions_obtained":[{"floor":2,"key":"SneckoOil"},{"floor":5,"key":"Dexterity Potion"},{"floor":8,"key":"GhostInAJar"},{"floor":10,"key":"PowerPotion"}],"is_trial":false,"path_per_floor":["M","?","$","?","M","R","M","E","T","E","$","?","$","M","R","B"],"character_chosen":"THE_SILENT","items_purchased":["PiercingWail","Footwork","Footwork"],"campfire_rested":0,"item_purchase_floors":[3,3,11],"current_hp_per_floor":[72,72,72,53,53,53,53,12,22,9,9,9,9,11,11,0],"gold":42,"neow_bonus":"TEN_PERCENT_HP_BONUS","is_prod":false,"is_daily":false,"chose_seed":false,"campfire_upgraded":2,"win_rate":0,"timestamp":1551336617,"path_taken":["M","?","?","?","M","R","M","E","T","E","$","?","$","M","R","BOSS"],"build_version":"2019-01-23","purchased_purges":0,"victory":false,"max_hp_per_floor":[77,77,77,77,77,77,77,77,87,87,87,87,87,87,87,87],"card_choices":[{"not_picked":["Dagger Throw","Bouncing Flask"],"picked":"Dagger Spray","floor":1},{"not_picked":["Calculated Gamble","Masterful Stab"],"picked":"Cloak And Dagger","floor":5},{"not_picked":["Outmaneuver","Finisher","All Out Attack"],"picked":"SKIP","floor":7},{"not_picked":["Dagger Spray","Sucker Punch"],"picked":"Backflip","floor":8},{"not_picked":["Quick Slash","Eviscerate","Tactician"],"picked":"SKIP","floor":10},{"not_picked":["Acrobatics","Bane"],"picked":"Cloak And Dagger","floor":14}],"player_experience":202534,"relics_obtained":[{"floor":8,"key":"Pantograph"},{"floor":9,"key":"Pear"},{"floor":10,"key":"Blood Vial"}],"event_choices":[{"damage_healed":0,"gold_gain":0,"player_choice":"Bought 1 Potion","damage_taken":0,"max_hp_gain":0,"max_hp_loss":0,"event_name":"The Woman in Blue","floor":2,"gold_loss":0},{"damage_healed":0,"gold_gain":0,"player_choice":"Take Damage","damage_taken":19,"relics_obtained":["Golden Idol"],"max_hp_gain":0,"max_hp_loss":0,"event_name":"Golden Idol","floor":4,"gold_loss":0},{"cards_removed":["Strike_G"],"damage_healed":0,"gold_gain":0,"player_choice":"Purged","damage_taken":0,"max_hp_gain":0,"max_hp_loss":0,"event_name":"Purifier","floor":12,"gold_loss":0}],"is_beta":false,"boss_relics":[],"items_purged_floors":[],"is_endless":false,"potions_floor_spawned":[5,8,10],"killed_by":"Hexaghost","ascension_level":2}