{"gold_per_floor":[117,42,62,62,72,72,89,89,89,89,99,99,113,32,32,133,133,145,163,63,79,89,37,37],"floor_reached":24,"playtime":1560,"items_purged":["Strike_B","Defend_B"],"score":190,"play_id":"e68fd1e5-8e50-413f-a50c-a2f070d828cb","local_time":"20190214210141","is_ascension_mode":false,"campfire_choices":[{"data":"Dualcast","floor":6,"key":"SMITH"},{"data":"Genetic Algorithm","floor":10,"key":"SMITH"},{"data":"Loop","floor":15,"key":"SMITH"}],"neow_cost":"NONE","seed_source_timestamp":2682101073113892,"circlet_count":0,"master_deck":["Strike_B","Strike_B","Strike_B","Defend_B","Defend_B","Zap+1","Dualcast+1","Genetic Algorithm+1","Sweeping Beam","BootSequence","Turbo","Hologram","Loop+1","Reboot","Fusion+1","FTL","Conserve Battery","White Noise","Coolheaded"],"relics":["Cracked Core","Singing Bowl","Nuclear Battery"],"potions_floor_usage":[16,16,16,19],"damage_taken":[{"damage":6,"enemies":"Jaw Worm","floor":1,"turns":4},{"damage":0,"enemies":"Cultist","floor":3,"turns":4},{"damage":5,"enemies":"Small Slimes","floor":5,"turns":3},{"damage":0,"enemies":"Red Slaver","floor":7,"turns":3},{"damage":7,"enemies":"3 Louse","floor":11,"turns":3},{"damage":0,"enemies":"Exordium Wildlife","floor":13,"turns":3},{"damage":36,"enemies":"Hexaghost","floor":16,"turns":9},{"damage":14,"enemies":"Chosen","floor":18,"turns":5},{"damage":18,"enemies":"Shell Parasite","floor":19,"turns":6},{"damage":14,"enemies":"Centurion and Healer","floor":21,"turns":5},{"damage":22,"enemies":"Snake Plant","floor":22,"turns":6},{"damage":20,"enemies":"Snecko","floor":24,"turns":4}],"seed_played":"-5701034910312861814","potions_obtained":[{"floor":5,"key":"PowerPotion"},{"floor":11,"key":"Explosive Potion"},{"floor":13,"key":"Dexterity Potion"},{"floor":18,"key":"EssenceOfSteel"}],"is_trial":false,"path_per_floor":["M","$","M","?","M","R","M","?","T","R","M","?","M","$","R","B",null,"M","M","$","M","M","$","M"],"character_chosen":"DEFECT","items_purchased":["Loop","Coolheaded"],"campfire_rested":0,"item_purchase_floors":[14,23],"current_hp_per_floor":[69,69,69,69,64,64,64,64,64,64,59,64,64,64,64,28,82,68,50,50,36,14,14,0],"gold":37,"neow_bonus":"THREE_CARDS","is_prod":false,"is_daily":false,"chose_seed":false,"campfire_upgraded":3,"win_rate":0.0,"timestamp":1550196101,"path_taken":["M","$","M","?","M","R","?","?","T","R","?","?","M","?","R","BOSS","M","?","?","M","M","$","M"],"build_version":"2019-02-06","purchased_purges":2,"victory":false,"max_hp_per_floor":[75,75,75,75,75,75,75,75,75,75,77,82,82,82,82,82,82,82,82,82,82,82,82,82],"card_choices":[{"not_picked":["Force Field","Consume"],"picked":"Genetic Algorithm","floor":0},{"not_picked":["Rebound","Tempest"],"picked":"Sweeping Beam","floor":1},{"not_picked":["Coolheaded","Glacier"],"picked":"BootSequence","floor":3},{"not_picked":["Compile Driver","Ball Lightning"],"picked":"Turbo","floor":5},{"not_picked":["Leap","Beam Cell","Tempest"],"picked":"SKIP","floor":7},{"not_picked":["Lockon","Compile Driver","Ball Lightning"],"picked":"Singing Bowl","floor":11},{"not_picked":["Fusion","Amplify"],"picked":"Hologram","floor":13},{"not_picked":["Hyperbeam","Core Surge"],"picked":"Reboot","floor":16},{"not_picked":["Ball Lightning","Blizzard"],"picked":"Fusion+1","floor":18},{"not_picked":["Leap","Stack+1"],"picked":"FTL","floor":19},{"not_picked":["Go for the Eyes","Hologram"],"picked":"Conserve Battery","floor":21},{"not_picked":["Sweeping Beam","Tempest"],"picked":"White Noise","floor":22}],"player_experience":107968,"relics_obtained":[{"floor":9,"key":"Singing Bowl"}],"event_choices":[{"cards_removed":["Defend_B"],"damage_healed":0,"gold_gain":0,"player_choice":"Purged","damage_taken":0,"max_hp_gain":0,"max_hp_loss":0,"event_name":"Purifier","floor":4,"gold_loss":0},{"damage_healed":0,"gold_gain":0,"player_choice":"Forge","damage_taken":0,"max_hp_gain":0,"max_hp_loss":0,"event_name":"Accursed Blacksmith","floor":8,"gold_loss":0,"cards_upgraded":["Zap"]},{"damage_healed":0,"gold_gain":0,"player_choice":"Donut","damage_taken":0,"max_hp_gain":5,"max_hp_loss":0,"event_name":"Big Fish","floor":12,"gold_loss":0}],"is_beta":true,"boss_relics":[{"not_picked":["Fusion Hammer","Inserter"],"picked":"Nuclear Battery"}],"items_purged_floors":[2,20],"is_endless":false,"potions_floor_spawned":[5,11,13,18],"killed_by":"Snecko","ascension_level":0}