{"gold_per_floor":[119,119,119,119,119,162,162,205,232,277,289,321,357,369,381,514,526,563,590,517,547,582,630,642,667,725,737,772,784,796,822,834,975,987,1012,1044,1181,1193,1223,1235,1262,1288,1351,518,518,518,33,58,58,58],"floor_reached":51,"playtime":3109,"items_purged":["Strike_B","Strike_B"],"score":934,"play_id":"278f9078-0054-46df-9e93-b750f70b89f5","local_time":"20190223141540","is_ascension_mode":true,"campfire_choices":[{"data":"FTL","floor":7,"key":"SMITH"},{"data":"Zap","floor":11,"key":"SMITH"},{"data":"FTL","floor":15,"key":"SMITH"},{"floor":24,"key":"REST"},{"data":"Defragment","floor":29,"key":"SMITH"},{"floor":32,"key":"REST"},{"floor":40,"key":"REST"},{"data":"Chill","floor":45,"key":"SMITH"},{"floor":49,"key":"REST"}],"neow_cost":"NONE","seed_source_timestamp":721135329330684,"circlet_count":0,"master_deck":["Strike_B+1","Strike_B+1","Defend_B","Defend_B","Defend_B+1","Zap+1","Dualcast","FTL+1","Cold Snap","FTL+1","FTL+1","Electrodynamics","Conserve Battery+1","Static Discharge","Defragment+1","Consume+1","Defragment+1","Buffer","Defragment","Leap+1","Conserve Battery","Defragment+1","Panacea","Turbo+1","Conserve Battery+1","Chill+1","Loop"],"relics":["Cracked Core","NeowsBlessing","Bag of Preparation","Golden Idol","Boot","Happy Flower","MawBank","Regal Pillow","Inserter","Centennial Puzzle","Juzu Bracelet","Smiling Mask","Nilry\u0027s Codex","Orrery","Mango","Dream Catcher","Orichalcum","HandDrill","Vajra","War Paint","Pocketwatch"],"potions_floor_usage":[16,19,22,33,33,37,37,39,41,50,50],"damage_taken":[{"damage":0,"enemies":"2 Louse","floor":1,"turns":1},{"damage":0,"enemies":"Gremlin Nob","floor":6,"turns":1},{"damage":0,"enemies":"Lagavulin","floor":8,"turns":1},{"damage":14,"enemies":"Gremlin Nob","floor":10,"turns":3},{"damage":3,"enemies":"Small Slimes","floor":12,"turns":2},{"damage":0,"enemies":"Jaw Worm","floor":13,"turns":2},{"damage":37,"enemies":"Hexaghost","floor":16,"turns":8},{"damage":0,"enemies":"Spheric Guardian","floor":18,"turns":3},{"damage":19,"enemies":"2 Thieves","floor":19,"turns":3},{"damage":10,"enemies":"Chosen and Byrds","floor":21,"turns":3},{"damage":7,"enemies":"Centurion and Healer","floor":22,"turns":4},{"damage":21,"enemies":"Gremlin Leader","floor":23,"turns":4},{"damage":0,"enemies":"Snecko","floor":25,"turns":5},{"damage":4,"enemies":"3 Cultists","floor":28,"turns":3},{"damage":7,"enemies":"Centurion and Healer","floor":31,"turns":4},{"damage":7,"enemies":"Automaton","floor":33,"turns":9},{"damage":36,"enemies":"3 Darklings","floor":35,"turns":3},{"damage":7,"enemies":"Orb Walker","floor":36,"turns":4},{"damage":4,"enemies":"Mind Bloom Boss Battle","floor":37,"turns":8},{"damage":17,"enemies":"Jaw Worm Horde","floor":39,"turns":3},{"damage":19,"enemies":"Spire Growth","floor":41,"turns":5},{"damage":0,"enemies":"Maw","floor":42,"turns":7},{"damage":0,"enemies":"Sphere and 2 Shapes","floor":48,"turns":4},{"damage":28,"enemies":"Time Eater","floor":50,"turns":10}],"seed_played":"-6893902867659356191","potions_obtained":[{"floor":1,"key":"SneckoOil"},{"floor":6,"key":"Explosive Potion"},{"floor":12,"key":"LiquidBronze"},{"floor":19,"key":"Energy Potion"},{"floor":28,"key":"Weak Potion"},{"floor":31,"key":"SkillPotion"},{"floor":33,"key":"EssenceOfSteel"},{"floor":35,"key":"Strength Potion"},{"floor":36,"key":"Strength Potion"},{"floor":37,"key":"EssenceOfSteel"},{"floor":48,"key":"Weak Potion"}],"is_trial":false,"path_per_floor":["M","?","?","?","?","E","R","E","T","E","R","M","M","?","R","B",null,"M","M","?","M","M","E","R","M","T","?","M","R","?","M","R","B",null,"M","M","?","?","M","R","M","M","T","$","R","?","$","M","R","B",null],"character_chosen":"DEFECT","items_purchased":["Chill","Loop","Orichalcum","HandDrill","Vajra","Explosive Potion","Explosive Potion","GamblersBrew","War Paint","Pocketwatch"],"campfire_rested":4,"item_purchase_floors":[44,44,44,44,44,44,44,44,47,47],"current_hp_per_floor":[75,60,57,39,64,64,64,64,64,50,50,47,47,47,47,10,59,59,40,40,30,23,2,39,39,39,23,19,19,19,12,49,42,67,31,24,34,34,17,58,39,39,39,39,39,39,39,39,80,52],"gold":58,"neow_bonus":"THREE_ENEMY_KILL","is_prod":false,"is_daily":false,"chose_seed":false,"campfire_upgraded":5,"win_rate":0,"timestamp":1550927740,"path_taken":["M","?","?","?","?","E","R","E","T","E","R","M","M","?","R","BOSS","M","M","?","M","M","E","R","M","T","?","M","R","?","M","R","BOSS","M","M","?","?","M","R","M","M","T","$","R","?","$","M","R","BOSS"],"build_version":"2019-01-23","purchased_purges":2,"victory":true,"max_hp_per_floor":[75,75,75,75,75,75,75,75,75,75,75,75,75,75,75,75,75,75,75,75,75,75,75,75,75,75,75,75,75,75,75,75,75,75,75,75,89,89,89,89,89,89,89,89,89,89,89,89,89,89],"card_choices":[{"not_picked":["Aggregate","Leap","Go for the Eyes"],"picked":"SKIP","floor":1},{"not_picked":["Multi-Cast","Stack"],"picked":"FTL","floor":6},{"not_picked":["Double Energy","Compile Driver"],"picked":"Cold Snap","floor":8},{"not_picked":["Steam Power","Leap","Go for the Eyes"],"picked":"SKIP","floor":10},{"not_picked":["Beam Cell","Leap"],"picked":"FTL","floor":12},{"not_picked":["Force Field","Leap"],"picked":"FTL","floor":13},{"not_picked":["Machine Learning","Buffer"],"picked":"Electrodynamics","floor":16},{"not_picked":["Gash","Sweeping Beam","Hologram"],"picked":"SKIP","floor":18},{"not_picked":["Go for the Eyes","Cold Snap"],"picked":"Conserve Battery","floor":19},{"not_picked":["Redo","FTL"],"picked":"Static Discharge","floor":21},{"not_picked":["Beam Cell","Streamline+1"],"picked":"Defragment+1","floor":22},{"not_picked":["Streamline","Darkness+1"],"picked":"Consume+1","floor":23},{"not_picked":["Steam","Stack","Ball Lightning"],"picked":"SKIP","floor":25},{"not_picked":["Go for the Eyes+1","Scrape"],"picked":"Defragment","floor":28},{"not_picked":["Scrape","Sweeping Beam","Stack"],"picked":"SKIP","floor":31},{"not_picked":["Core Surge","Biased Cognition"],"picked":"Buffer","floor":33},{"not_picked":["Hologram","Sweeping Beam"],"picked":"Defragment","floor":34},{"not_picked":["Storm+1","Force Field"],"picked":"Leap+1","floor":34},{"not_picked":["Compile Driver+1","Tempest","Undo"],"picked":"SKIP","floor":35},{"not_picked":["Sweeping Beam+1","Turbo+1"],"picked":"Conserve Battery","floor":36},{"not_picked":["Skim+1","Gash+1"],"picked":"Defragment+1","floor":37},{"not_picked":["Transmutation","Jack Of All Trades"],"picked":"Panacea","floor":38},{"not_picked":["Cold Snap","Rebound+1"],"picked":"Turbo+1","floor":39},{"not_picked":["Rebound+1","Turbo"],"picked":"Conserve Battery+1","floor":41},{"not_picked":["Lockon+1","Compile Driver+1","Fusion"],"picked":"SKIP","floor":42},{"not_picked":["Beam Cell","Leap","Cold Snap+1"],"picked":"SKIP","floor":48}],"player_experience":388719,"relics_obtained":[{"floor":6,"key":"Boot"},{"floor":8,"key":"Happy Flower"},{"floor":9,"key":"MawBank"},{"floor":10,"key":"Regal Pillow"},{"floor":23,"key":"Juzu Bracelet"},{"floor":26,"key":"Smiling Mask"},{"floor":27,"key":"Nilry\u0027s Codex"},{"floor":37,"key":"Mango"},{"floor":43,"key":"Dream Catcher"}],"event_choices":[{"damage_healed":0,"gold_gain":0,"player_choice":"Entered Light","damage_taken":15,"max_hp_gain":0,"max_hp_loss":0,"event_name":"Shining Light","floor":2,"gold_loss":0,"cards_upgraded":["Strike_B","Strike_B"]},{"damage_healed":0,"gold_gain":0,"player_choice":"Success","damage_taken":3,"relics_obtained":["Bag of Preparation"],"max_hp_gain":0,"max_hp_loss":0,"event_name":"Scrap Ooze","floor":3,"gold_loss":0},{"damage_healed":0,"gold_gain":0,"player_choice":"Take Damage","damage_taken":18,"relics_obtained":["Golden Idol"],"max_hp_gain":0,"max_hp_loss":0,"event_name":"Golden Idol","floor":4,"gold_loss":0},{"damage_healed":25,"gold_gain":0,"player_choice":"Banana","damage_taken":0,"max_hp_gain":0,"max_hp_loss":0,"event_name":"Big Fish","floor":5,"gold_loss":0},{"damage_healed":0,"gold_gain":0,"player_choice":"Grow","damage_taken":0,"max_hp_gain":0,"max_hp_loss":0,"event_name":"Living Wall","floor":14,"gold_loss":0,"cards_upgraded":["FTL"]},{"damage_healed":0,"gold_gain":0,"player_choice":"Obtained Relic","damage_taken":0,"relics_obtained":["Centennial Puzzle"],"max_hp_gain":0,"max_hp_loss":0,"event_name":"Addict","floor":20,"gold_loss":85},{"damage_healed":0,"gold_gain":0,"player_choice":"Obtained Book","damage_taken":16,"max_hp_gain":0,"max_hp_loss":0,"event_name":"Cursed Tome","floor":27,"gold_loss":0},{"damage_healed":0,"gold_gain":0,"player_choice":"Ignored","damage_taken":0,"max_hp_gain":0,"max_hp_loss":0,"event_name":"Vampires","floor":30,"gold_loss":0},{"damage_healed":0,"gold_gain":0,"player_choice":"Fight","damage_taken":0,"max_hp_gain":0,"max_hp_loss":0,"event_name":"MindBloom","floor":37,"gold_loss":0},{"damage_healed":0,"gold_gain":0,"player_choice":"Memory 1","damage_taken":0,"max_hp_gain":0,"max_hp_loss":0,"event_name":"SensoryStone","floor":38,"gold_loss":0},{"cards_removed":["Defend_B"],"damage_healed":0,"gold_gain":0,"player_choice":"Removed Skill","damage_taken":0,"max_hp_gain":0,"max_hp_loss":0,"event_name":"Falling","floor":46,"gold_loss":0}],"is_beta":false,"boss_relics":[{"not_picked":["FrozenCore","Runic Pyramid"],"picked":"Inserter"},{"not_picked":["Snecko Eye","Coffee Dripper"],"picked":"Orrery"}],"items_purged_floors":[44,47],"is_endless":false,"potions_floor_spawned":[1,6,12,19,28,31,33,35,36,37,48],"ascension_level":5}