{"path_per_floor":["M","?","M","$","?","E","R","E","T","M","R","$","M","M","R","B",null,"M","M","?","M","?","R","$","R","T","E","?","?","?","E","R","B",null,"M","?","?","$","?","E","R","$","T","M","?","R","E","?","R","B"],"character_chosen":"DEFECT","items_purchased":["Apotheosis","Stack","Cold Snap","Swift Potion","Coolheaded","Weak Potion","Weak Potion"],"gold_per_floor":[111,211,231,14,14,48,48,80,129,142,142,44,64,78,78,177,177,195,181,181,194,194,194,45,45,68,103,103,103,103,131,131,229,229,239,286,286,236,236,262,262,66,92,112,112,112,145,145,145,145],"floor_reached":51,"campfire_rested":2,"playtime":5050,"current_hp_per_floor":[75,75,75,75,75,59,59,34,34,28,50,50,49,49,49,49,75,72,68,68,68,68,68,68,68,68,40,40,40,37,26,26,37,37,37,37,37,37,37,37,37,37,37,37,27,37,37,37,37,37],"items_purged":["Strike_B","Normality","Writhe","Strike_B"],"gold":145,"score":1009,"play_id":"a8b10c62-30b2-49ec-9a5e-21ccebe7f13b","local_time":"20180427130721","is_prod":false,"is_daily":false,"chose_seed":false,"is_ascension_mode":true,"campfire_upgraded":7,"timestamp":1524859641,"path_taken":["M","?","M","$","?","E","R","E","T","M","R","$","M","M","R","BOSS","M","M","?","M","?","R","$","R","T","E","?","?","?","E","R","BOSS","M","?","?","?","?","E","R","$","T","M","?","R","E","?","R","BOSS"],"build_version":"2018-04-26v2","seed_source_timestamp":0,"purchased_purges":4,"victory":true,"master_deck":["Strike_B","Defend_B","Defend_B","Defend_B","Defend_B","Zap","Dualcast","Cold Snap","Defragment+1","Apotheosis+1","Stack","Meteor Strike+1","Coolheaded+1","Cold Snap","Turbo","Buffer+1","Creative AI","Tempest+1","Hello World+1","Creative AI","Self Repair","Ghostly+1","Ghostly","Ghostly","Ghostly","Ghostly","All For One","Hologram+1","Capacitor+1","Coolheaded","Impulse+1","Mind Blast","Mind Blast+1"],"max_hp_per_floor":[75,75,75,75,75,75,75,75,75,75,75,75,75,75,75,75,75,75,75,75,75,75,75,75,75,75,75,75,75,37,37,37,37,37,37,37,37,37,37,37,37,37,37,37,37,37,37,37,37,37],"relics":["Philosopher\u0027s Stone","Ancient Tea Set","Orichalcum","Art of War","Snecko Eye","Bag of Marbles","Juzu Bracelet","Smiling Mask","Mercury Hourglass","Inserter","Ginger","Letter Opener","Anchor","Shuriken"],"card_choices":[{"not_picked":["Heatsinks","Go for the Eyes"],"picked":"Cold Snap","floor":1},{"not_picked":["Hello World","Leap"],"picked":"Defragment","floor":3},{"not_picked":["Blizzard","Beam Cell"],"picked":"Meteor Strike","floor":6},{"not_picked":["Streamline","Cold Snap"],"picked":"Coolheaded","floor":8},{"not_picked":["Steam Power","Aggregate"],"picked":"Turbo","floor":13},{"not_picked":["Coolheaded","Barrage"],"picked":"Buffer","floor":14},{"not_picked":["Hyperbeam","Thunder Strike"],"picked":"Creative AI","floor":16},{"not_picked":["Sweeping Beam","Beam Cell"],"picked":"Loop","floor":18},{"not_picked":["Capacitor","Go for the Eyes"],"picked":"Tempest","floor":19},{"not_picked":["Sweeping Beam","Impulse"],"picked":"Hello World","floor":21},{"not_picked":["Cold Snap","Rebound"],"picked":"Self Repair","floor":27},{"not_picked":["Fusion","Prime"],"picked":"All For One","floor":33},{"not_picked":["Go for the Eyes","Streamline"],"picked":"Hologram","floor":35},{"not_picked":["Undo","Sweeping Beam"],"picked":"Capacitor","floor":36},{"not_picked":["Barrage","Ball Lightning"],"picked":"Impulse","floor":44},{"not_picked":["Madness","Master of Strategy"],"picked":"Mind Blast","floor":45},{"not_picked":["Panacea","Apotheosis"],"picked":"Mind Blast","floor":45}],"player_experience":1255927,"potions_floor_usage":[8,16,19,27,31,33,36,36],"damage_taken":[{"damage":0,"enemies":"2 Louse","floor":1,"turns":2},{"damage":0,"enemies":"Cultist","floor":3,"turns":3},{"damage":16,"enemies":"3 Sentries","floor":6,"turns":6},{"damage":25,"enemies":"Gremlin Nob","floor":8,"turns":4},{"damage":6,"enemies":"Jaw Worm","floor":10,"turns":3},{"damage":1,"enemies":"Exordium Thugs","floor":13,"turns":6},{"damage":0,"enemies":"Blue Slaver","floor":14,"turns":4},{"damage":0,"enemies":"Slime Boss","floor":16,"turns":12},{"damage":10,"enemies":"Shell Parasite","floor":18,"turns":4},{"damage":18,"enemies":"2 Thieves","floor":19,"turns":4},{"damage":0,"enemies":"Snecko","floor":21,"turns":5},{"damage":35,"enemies":"Slavers","floor":27,"turns":6},{"damage":11,"enemies":"Book of Stabbing","floor":31,"turns":6},{"damage":8,"enemies":"Champ","floor":33,"turns":12},{"damage":0,"enemies":"Flame Bruiser 1 Orb","floor":35,"turns":4},{"damage":0,"enemies":"Mysterious Sphere","floor":36,"turns":4},{"damage":1,"enemies":"2 Orb Walkers","floor":40,"turns":5},{"damage":0,"enemies":"3 Shapes","floor":44,"turns":2},{"damage":0,"enemies":"Nemesis","floor":47,"turns":5},{"damage":0,"enemies":"Awakened One","floor":50,"turns":11}],"event_choices":[{"event_name":"Wheel of Change","player_choice":"Gold","floor":2,"damage_taken":0},{"event_name":"Upgrade Shrine","player_choice":"Upgraded","floor":5,"damage_taken":0},{"event_name":"Accursed Blacksmith","player_choice":"Rummage","floor":20,"damage_taken":0},{"event_name":"Duplicator","player_choice":"One dupe","floor":22,"damage_taken":0},{"event_name":"Drug Dealer","player_choice":"Ignored","floor":28,"damage_taken":0},{"event_name":"Purifier","player_choice":"One Purge","floor":29,"damage_taken":0},{"event_name":"Ghosts","player_choice":"Became a Ghost","floor":30,"damage_taken":0},{"event_name":"Mysterious Sphere","player_choice":"Fight","floor":36,"damage_taken":0},{"event_name":"Winding Halls","player_choice":"Writhe","floor":37,"damage_taken":0},{"event_name":"Tomb of Lord Red Mask","player_choice":"Ignored","floor":39,"damage_taken":0},{"event_name":"SensoryStone","player_choice":"Memory 3","floor":45,"damage_taken":0}],"boss_relics":[{"not_picked":["White Beast Statue","Ectoplasm"],"picked":"Snecko Eye"},{"not_picked":["Cursed Key","Orrery"],"picked":"Inserter"}],"potions_floor_spawned":[3,8,13,14,21,27,31,33,36],"seed_played":"510880611987409591","ascension_level":4,"is_trial":false}