{"path_per_floor":["M","?","?","M","M","$","?","R","T","R","E","?","R","M","R"],"character_chosen":"DEFECT","items_purchased":[],"gold_per_floor":[110,110,60,73,84,9,9,9,9,9,38,59,59,70,70,70],"floor_reached":16,"campfire_rested":1,"playtime":588,"item_purchase_floors":[],"current_hp_per_floor":[32,32,32,32,31,31,31,31,31,53,45,28,28,28,28,0],"items_purged":["Dualcast"],"gold":70,"score":98,"play_id":"104ee98a-ac99-4db1-b186-a0864fad8956","local_time":"20180603210808","is_prod":false,"is_daily":false,"chose_seed":false,"is_ascension_mode":false,"campfire_upgraded":2,"win_rate":0,"timestamp":1528085288,"campfire_choices":[{"data":"Barrage","floor":8,"key":"SMITH"},{"floor":10,"key":"REST"},{"data":"Strike_B","floor":13,"key":"PURGE"},{"data":"Blizzard","floor":15,"key":"SMITH"}],"path_taken":["M","?","?","M","M","$","?","R","T","R","E","?","R","?","R","BOSS"],"build_version":"2018-05-30v2","seed_source_timestamp":544003160608097,"purchased_purges":1,"victory":false,"master_deck":["Strike_B","Defend_B","Defend_B","Zap","Barrage+1","Blizzard+1","Cold Snap","Skim"],"max_hp_per_floor":[75,75,75,75,75,75,75,75,75,75,75,75,75,75,75,75],"relics":["Cracked Core","Toolbox","Peace Pipe","Odd Mushroom"],"card_choices":[{"not_picked":["Recycle","Go for the Eyes","Steam"],"picked":"SKIP","floor":1},{"not_picked":["Leap","Chill","Rip and Tear"],"picked":"SKIP","floor":4},{"not_picked":["Stack","Defragment"],"picked":"Barrage","floor":5},{"not_picked":["Force Field","Sweeping Beam","Go for the Eyes"],"picked":"SKIP","floor":11},{"not_picked":["Leap","Go for the Eyes"],"picked":"Cold Snap","floor":12},{"not_picked":["Skim","Turbo","Conserve Battery"],"picked":"SKIP","floor":14},{"not_picked":["Turbo","Conserve Battery"],"picked":"Skim","floor":14}],"player_experience":1756942,"potions_floor_usage":[11,16],"damage_taken":[{"damage":6,"enemies":"Small Slimes","floor":1,"turns":3},{"damage":0,"enemies":"Cultist","floor":4,"turns":3},{"damage":1,"enemies":"Jaw Worm","floor":5,"turns":3},{"damage":8,"enemies":"Gremlin Nob","floor":11,"turns":3},{"damage":17,"enemies":"The Mushroom Lair","floor":12,"turns":4},{"damage":0,"enemies":"3 Louse","floor":14,"turns":2},{"damage":31,"enemies":"Hexaghost","floor":16,"turns":9}],"relics_obtained":[{"floor":9,"key":"Toolbox"},{"floor":11,"key":"Peace Pipe"},{"floor":12,"key":"Odd Mushroom"}],"event_choices":[{"event_name":"Living Wall","player_choice":"Forget","floor":2,"damage_taken":0},{"event_name":"The Cleric","player_choice":"Card Removal","floor":3,"damage_taken":0},{"event_name":"Match and Keep!","player_choice":"1 cards matched","floor":7,"damage_taken":0},{"event_name":"Mushrooms","player_choice":"Fought Mushrooms","floor":12,"damage_taken":0}],"boss_relics":[],"items_purged_floors":[6],"potions_floor_spawned":[1,4,12,14],"seed_played":"6067253822776716205","killed_by":"Hexaghost","ascension_level":0,"potions_obtained":[{"floor":1,"key":"Ancient Potion"},{"floor":4,"key":"Poison Potion"},{"floor":12,"key":"SpeedPotion"},{"floor":14,"key":"SpeedPotion"}],"is_trial":false}