{"path_per_floor":["M","M","M","M","M","E","?","M","T","R","$","E","M","M","R","B",null,"M","M","$","M","M","E","R"],"character_chosen":"IRONCLAD","items_purchased":["Rage","Panache","Reaper"],"gold_per_floor":[115,131,143,162,172,197,197,220,246,246,12,53,72,97,97,223,223,248,268,55,70,86,124,124],"floor_reached":25,"campfire_rested":1,"playtime":4321,"current_hp_per_floor":[79,80,80,80,58,47,27,33,33,33,33,21,23,19,43,27,80,68,47,47,29,36,38,38],"items_purged":["Defend_R"],"gold":124,"score":239,"play_id":"490cdf69-df80-4318-89a9-5224e51fb3db","is_prod":false,"is_daily":false,"is_ascension_mode":false,"campfire_upgraded":2,"path_taken":["M","M","M","M","M","E","?","M","T","R","$","E","M","M","R","BOSS","M","M","$","M","M","E","R","M"],"build_version":"2018-02-15-PROD1","purchased_purges":1,"victory":false,"master_deck":["Strike_R","Strike_R","Strike_R","Strike_R","Strike_R","Defend_R","Defend_R","Defend_R","Bash+1","Battle Trance","Evolve","Anger+1","Power Through","Seeing Red","Inflame+1","Intimidate","Rage","Panache+1","Headbutt","Headbutt","Shrug It Off","Limit Break+1","Spot Weakness","Reaper","Inflame+1","Whirlwind+1","Shockwave"],"max_hp_per_floor":[80,80,80,80,80,80,80,80,80,80,80,80,80,80,80,80,80,80,80,80,80,80,80,80],"relics":["Burning Blood","Frozen Egg 2","Golden Idol","Omamori","Bottled Flame","Black Star","Whetstone","Orichalcum"],"card_choices":[{"not_picked":["True Grit","Flex"],"picked":"Battle Trance"},{"not_picked":["Disarm","Clash"],"picked":"Evolve"},{"not_picked":["Armaments","True Grit"],"picked":"Anger"},{"not_picked":["Perfected Strike","Clash"],"picked":"Power Through"},{"not_picked":["Thunderclap","Twin Strike"],"picked":"Seeing Red"},{"not_picked":["Pummel","Clash"],"picked":"Inflame"},{"not_picked":["Burning Pact","Armaments"],"picked":"Intimidate"},{"not_picked":["Clothesline","Impervious"],"picked":"Headbutt"},{"not_picked":["Infernal Blade","Twin Strike"],"picked":"Headbutt"},{"not_picked":["Cleave","Armaments"],"picked":"Shrug It Off"},{"not_picked":["Berserk","Barricade"],"picked":"Limit Break"},{"not_picked":["Cleave","Shrug It Off"],"picked":"Spot Weakness"},{"not_picked":["Whirlwind","Armaments"],"picked":"Inflame"},{"not_picked":["Blood for Blood","Sever Soul"],"picked":"Whirlwind"},{"not_picked":["Immolate","Body Slam"],"picked":"Shockwave"}],"player_experience":50739,"potions_floor_usage":[8,12,12,22,23,23],"damage_taken":[{"damage":7,"enemies":"2 Louse","floor":1,"turns":3},{"damage":1,"enemies":"Jaw Worm","floor":2,"turns":6},{"damage":5,"enemies":"Cultist","floor":3,"turns":4},{"damage":5,"enemies":"2 Fungi Beasts","floor":4,"turns":3},{"damage":28,"enemies":"Gremlin Gang","floor":5,"turns":8},{"damage":17,"enemies":"Gremlin Nob","floor":6,"turns":5},{"damage":0,"enemies":"Looter","floor":8,"turns":4},{"damage":18,"enemies":"3 Sentries","floor":12,"turns":8},{"damage":4,"enemies":"Large Slime","floor":13,"turns":8},{"damage":10,"enemies":"Exordium Thugs","floor":14,"turns":5},{"damage":22,"enemies":"Hexaghost","floor":16,"turns":10},{"damage":18,"enemies":"Shell Parasite","floor":18,"turns":8},{"damage":27,"enemies":"2 Thieves","floor":19,"turns":5},{"damage":24,"enemies":"Snake Plant","floor":21,"turns":6},{"damage":25,"enemies":"Centurion and Healer","floor":22,"turns":6},{"damage":43,"enemies":"Slavers","floor":23,"turns":5},{"damage":44,"enemies":"Snecko","floor":25,"turns":8}],"event_choices":[{"event_name":"Golden Idol","player_choice":"Take Damage","floor":7,"damage_taken":0}],"boss_relics":[{"not_picked":["Snecko Eye","Runic Pyramid"],"picked":"Black Star"}],"potions_floor_spawned":[1,3,6,8,14,18,23],"seed_played":"-2343626932452029784","killed_by":"Snecko","ascension_level":0,"is_trial":false}