{"gold_per_floor":[119,119,131,150,44,44,79,93,93,121,135,162,162,182,182,255,255,274,274,308,322,4,4,19,39,108,134,145,145,158,192,192,266,266,285,285,337,356,246,246,281,295,295,322,336,13,32,32,32,32],"floor_reached":51,"playtime":5702,"items_purged":["Strike_B","Pain"],"score":1376,"play_id":"33c16a52-26a6-4034-b0ac-04ee59613dab","local_time":"20190217213814","is_ascension_mode":true,"campfire_choices":[{"data":"Defragment","floor":6,"key":"SMITH"},{"data":"Biased Cognition","floor":15,"key":"SMITH"},{"data":"Self Repair","floor":23,"key":"SMITH"},{"floor":29,"key":"REST"},{"data":"Loop","floor":32,"key":"SMITH"},{"floor":40,"key":"REST"},{"data":"Coolheaded","floor":49,"key":"SMITH"}],"neow_cost":"NONE","seed_source_timestamp":11486806305687,"circlet_count":0,"master_deck":["AscendersBane","Strike_B","Defend_B","Defend_B","Defend_B","Zap+1","Dualcast","Cold Snap","Steam","Defragment+1","Streamline","Compile Driver","Biased Cognition+1","Leap","Echo Form","Self Repair+1","Go for the Eyes+1","Defragment+1","Loop+1","Chill+1","Reboot","Chill","Electrodynamics","Coolheaded+1","Blizzard+1","Coolheaded"],"relics":["Cracked Core","Ornamental Fan","Dodecahedron","Regal Pillow","PreservedInsect","Cursed Key","Red Mask","Bronze Scales","Kunai","Vajra","Cables","Sozu","Calipers","Letter Opener","Question Card","ClockworkSouvenir"],"potions_floor_usage":[7,10,11,12,14,20],"damage_taken":[{"damage":1,"enemies":"Cultist","floor":1,"turns":4},{"damage":2,"enemies":"Small Slimes","floor":3,"turns":3},{"damage":0,"enemies":"2 Louse","floor":4,"turns":3},{"damage":7,"enemies":"Lagavulin","floor":7,"turns":6},{"damage":7,"enemies":"Large Slime","floor":8,"turns":5},{"damage":2,"enemies":"Gremlin Nob","floor":10,"turns":4},{"damage":0,"enemies":"Exordium Wildlife","floor":11,"turns":2},{"damage":5,"enemies":"3 Sentries","floor":12,"turns":5},{"damage":2,"enemies":"Exordium Thugs","floor":14,"turns":3},{"damage":10,"enemies":"Hexaghost","floor":16,"turns":11},{"damage":9,"enemies":"Chosen","floor":18,"turns":5},{"damage":22,"enemies":"Masked Bandits","floor":20,"turns":4},{"damage":1,"enemies":"Shell Parasite","floor":21,"turns":6},{"damage":29,"enemies":"Shelled Parasite and Fungi","floor":24,"turns":5},{"damage":20,"enemies":"Cultist and Chosen","floor":25,"turns":5},{"damage":2,"enemies":"Slavers","floor":27,"turns":6},{"damage":7,"enemies":"Centurion and Healer","floor":28,"turns":6},{"damage":21,"enemies":"Snake Plant","floor":30,"turns":4},{"damage":0,"enemies":"Book of Stabbing","floor":31,"turns":5},{"damage":37,"enemies":"Automaton","floor":33,"turns":11},{"damage":0,"enemies":"Orb Walker","floor":35,"turns":3},{"damage":39,"enemies":"2 Orb Walkers","floor":37,"turns":4},{"damage":0,"enemies":"3 Shapes","floor":38,"turns":3},{"damage":16,"enemies":"Giant Head","floor":41,"turns":7},{"damage":0,"enemies":"3 Darklings","floor":42,"turns":2},{"damage":43,"enemies":"Nemesis","floor":44,"turns":10},{"damage":43,"enemies":"Spire Growth","floor":45,"turns":5},{"damage":0,"enemies":"Maw","floor":47,"turns":7},{"damage":4,"enemies":"Awakened One","floor":50,"turns":12}],"seed_played":"-770022300036410961","potions_obtained":[{"floor":4,"key":"Fire Potion"},{"floor":7,"key":"PowerPotion"},{"floor":10,"key":"Poison Potion"},{"floor":11,"key":"Explosive Potion"},{"floor":16,"key":"Ancient Potion"},{"floor":20,"key":"Ancient Potion"},{"floor":25,"key":"SkillPotion"}],"is_trial":false,"path_per_floor":["M","?","M","M","$","R","E","M","T","E","M","E","?","M","R","B",null,"M","?","?","M","$","R","M","M","T","E","M","R","M","E","R","B",null,"M","?","?","M","?","R","E","M","T","E","M","$","M","$","R","B",null],"character_chosen":"DEFECT","items_purchased":["Go for the Eyes","Regen Potion","Bronze Scales","Loop","ClockworkSouvenir"],"campfire_rested":2,"item_purchase_floors":[5,5,22,22,46],"current_hp_per_floor":[63,63,61,61,61,61,68,61,61,59,59,54,54,52,52,42,64,55,55,33,46,46,46,37,27,27,25,38,71,70,71,71,44,64,64,64,35,45,45,71,71,71,71,48,25,25,45,45,45,51],"gold":32,"neow_bonus":"UPGRADE_CARD","is_prod":false,"is_daily":false,"chose_seed":false,"campfire_upgraded":5,"win_rate":0,"timestamp":1550468294,"path_taken":["M","?","M","M","$","R","E","M","T","E","M","E","?","M","R","BOSS","M","?","?","M","?","R","M","M","T","E","M","R","M","E","R","BOSS","M","?","?","M","?","R","E","M","T","E","M","$","M","$","R","BOSS"],"build_version":"2019-02-06","purchased_purges":2,"victory":true,"max_hp_per_floor":[71,71,71,71,71,71,71,71,71,71,71,71,71,71,71,71,71,71,71,71,71,71,71,71,71,71,71,71,71,71,71,71,71,71,71,71,71,71,71,71,71,71,71,71,71,71,71,71,71,71],"card_choices":[{"not_picked":["Rebound","Fusion"],"picked":"Cold Snap","floor":1},{"not_picked":["Turbo","Stack"],"picked":"Steam","floor":3},{"not_picked":["Fusion","Turbo"],"picked":"Defragment","floor":4},{"not_picked":["Go for the Eyes","Beam Cell"],"picked":"Streamline","floor":7},{"not_picked":["Gash","Cold Snap"],"picked":"Compile Driver","floor":8},{"not_picked":["Steam Power","Sweeping Beam"],"picked":"Biased Cognition","floor":10},{"not_picked":["Barrage","Steam"],"picked":"Leap","floor":11},{"not_picked":["Go for the Eyes","Rebound","Reinforced Body"],"picked":"SKIP","floor":12},{"not_picked":["Go for the Eyes","Rebound","Reinforced Body"],"picked":"SKIP","floor":12},{"not_picked":["Conserve Battery","Sunder","Compile Driver"],"picked":"SKIP","floor":14},{"not_picked":["Machine Learning","Reboot"],"picked":"Echo Form","floor":16},{"not_picked":["Steam","Leap","Tempest"],"picked":"SKIP","floor":18},{"not_picked":["Compile Driver","Turbo"],"picked":"Defragment+1","floor":21},{"not_picked":["Steam Power","Compile Driver","Double Energy"],"picked":"SKIP","floor":24},{"not_picked":["Rebound","Steam"],"picked":"Chill+1","floor":25},{"not_picked":["Tempest","Barrage","Melter"],"picked":"SKIP","floor":27},{"not_picked":["Compile Driver","Steam"],"picked":"Reboot","floor":28},{"not_picked":["Ball Lightning+1","Hologram"],"picked":"Chill","floor":30},{"not_picked":["Sweeping Beam","Turbo","Recycle"],"picked":"SKIP","floor":31},{"not_picked":["Hyperbeam","Rainbow"],"picked":"Electrodynamics","floor":33},{"not_picked":["Steam","Beam Cell+1"],"picked":"Coolheaded","floor":35},{"not_picked":["Static Discharge","Ball Lightning"],"picked":"Blizzard+1","floor":38},{"not_picked":["Barrage","Streamline","Chaos"],"picked":"SKIP","floor":41},{"not_picked":["Gash","Stack+1","Redo"],"picked":"SKIP","floor":42},{"not_picked":["Go for the Eyes+1","Darkness","Multi-Cast"],"picked":"SKIP","floor":44},{"not_picked":["Compile Driver","Loop","Beam Cell","Stack"],"picked":"SKIP","floor":45},{"not_picked":["Rip and Tear","Turbo","Blizzard"],"picked":"Coolheaded","floor":47}],"player_experience":829006,"relics_obtained":[{"floor":7,"key":"Ornamental Fan"},{"floor":9,"key":"Dodecahedron"},{"floor":10,"key":"Regal Pillow"},{"floor":12,"key":"PreservedInsect"},{"floor":20,"key":"Red Mask"},{"floor":26,"key":"Kunai"},{"floor":27,"key":"Vajra"},{"floor":31,"key":"Cables"},{"floor":37,"key":"Calipers"},{"floor":41,"key":"Letter Opener"},{"floor":44,"key":"Question Card"}],"event_choices":[{"cards_removed":["Strike_B"],"damage_healed":0,"gold_gain":0,"player_choice":"Forget","damage_taken":0,"max_hp_gain":0,"max_hp_loss":0,"event_name":"Living Wall","floor":2,"gold_loss":0},{"damage_healed":0,"gold_gain":0,"player_choice":"Ignored","damage_taken":0,"max_hp_gain":0,"max_hp_loss":0,"event_name":"Liars Game","floor":13,"gold_loss":0},{"damage_healed":0,"gold_gain":0,"cards_transformed":["Strike_B","Defend_B"],"player_choice":"Became Test Subject","damage_taken":0,"max_hp_gain":0,"max_hp_loss":0,"event_name":"Drug Dealer","floor":19,"gold_loss":0,"cards_obtained":["Self Repair","Go for the Eyes"]},{"damage_healed":0,"gold_gain":0,"player_choice":"Fought Bandits","damage_taken":0,"max_hp_gain":0,"max_hp_loss":0,"event_name":"Masked Bandits","floor":20,"gold_loss":0},{"cards_removed":["Go for the Eyes"],"damage_healed":0,"gold_gain":0,"player_choice":"Removed Attack","damage_taken":0,"max_hp_gain":0,"max_hp_loss":0,"event_name":"Falling","floor":36,"gold_loss":0},{"damage_healed":0,"gold_gain":0,"player_choice":"Fight","damage_taken":0,"max_hp_gain":0,"max_hp_loss":0,"event_name":"Mysterious Sphere","floor":37,"gold_loss":0},{"cards_removed":["Writhe"],"damage_healed":0,"gold_gain":0,"player_choice":"Upgrade and Remove","damage_taken":0,"max_hp_gain":0,"max_hp_loss":0,"event_name":"Designer","floor":39,"gold_loss":110,"cards_upgraded":["Go for the Eyes"]}],"is_beta":true,"boss_relics":[{"not_picked":["Coffee Dripper","Busted Crown"],"picked":"Cursed Key"},{"not_picked":["Calling Bell","Empty Cage"],"picked":"Sozu"}],"items_purged_floors":[22,46],"is_endless":false,"potions_floor_spawned":[4,7,10,11,16,20,25,28,30,31,33,38,42,44,45,47],"ascension_level":17}