{"gold_per_floor":[117,128,1,13,27,27,42,42,123,155,167,167,167,180,180,281,281,299,310,325,340,30,30,130,130,130,141,172,172,188,188,188,293,293,309,327,343,443,457,457,475,475,498,498,498,0,0,13,13,13],"floor_reached":51,"playtime":3660,"items_purged":["Strike_G","Defend_G"],"score":1004,"play_id":"9df69cbf-e13f-4336-bc25-748a2349fd56","local_time":"20190227113007","is_ascension_mode":true,"campfire_choices":[{"data":"Neutralize","floor":6,"key":"SMITH"},{"data":"Burst","floor":8,"key":"SMITH"},{"data":"Deadly Poison","floor":13,"key":"SMITH"},{"data":"Night Terror","floor":15,"key":"SMITH"},{"data":"Acrobatics","floor":23,"key":"SMITH"},{"data":"Deadly Poison","floor":25,"key":"SMITH"},{"data":"Wraith Form v2","floor":29,"key":"SMITH"},{"floor":32,"key":"REST"},{"floor":40,"key":"REST"},{"data":"Thinking Ahead","floor":47,"key":"SMITH"},{"floor":49,"key":"REST"}],"neow_cost":"NONE","seed_source_timestamp":1056272551454420,"circlet_count":0,"master_deck":["AscendersBane","Defend_G","Defend_G","Defend_G","Defend_G","Survivor","Neutralize+1","Backstab","Burst+1","Deadly Poison+1","Night Terror+1","Crippling Poison","Dash","Wraith Form v2+1","Calculated Gamble+1","Footwork+1","Acrobatics+1","Deadly Poison+1","Well Laid Plans","PiercingWail","Panacea","Corpse Explosion","Malaise","Thinking Ahead+1","PiercingWail+1"],"relics":["Ring of the Snake","Meat on the Bone","The Specimen","Regal Pillow","Astrolabe","Mummified Hand","Calipers","Sozu","StoneCalendar","Orichalcum","Red Mask"],"potions_floor_usage":[10,16,20,28,50],"damage_taken":[{"damage":7,"enemies":"Jaw Worm","floor":1,"turns":10},{"damage":0,"enemies":"2 Louse","floor":2,"turns":3},{"damage":2,"enemies":"Cultist","floor":4,"turns":4},{"damage":0,"enemies":"Exordium Wildlife","floor":5,"turns":4},{"damage":0,"enemies":"3 Louse","floor":7,"turns":3},{"damage":20,"enemies":"Gremlin Nob","floor":10,"turns":4},{"damage":0,"enemies":"2 Fungi Beasts","floor":11,"turns":4},{"damage":3,"enemies":"Large Slime","floor":14,"turns":6},{"damage":4,"enemies":"The Guardian","floor":16,"turns":10},{"damage":7,"enemies":"3 Byrds","floor":18,"turns":7},{"damage":13,"enemies":"Spheric Guardian","floor":19,"turns":4},{"damage":33,"enemies":"Cultist and Chosen","floor":20,"turns":11},{"damage":9,"enemies":"Centurion and Healer","floor":21,"turns":7},{"damage":0,"enemies":"Snake Plant","floor":27,"turns":4},{"damage":30,"enemies":"Book of Stabbing","floor":28,"turns":8},{"damage":22,"enemies":"3 Cultists","floor":30,"turns":7},{"damage":36,"enemies":"Collector","floor":33,"turns":12},{"damage":13,"enemies":"Orb Walker","floor":35,"turns":4},{"damage":7,"enemies":"3 Darklings","floor":36,"turns":3},{"damage":10,"enemies":"4 Shapes","floor":37,"turns":6},{"damage":11,"enemies":"Mind Bloom Boss Battle","floor":38,"turns":10},{"damage":26,"enemies":"Writhing Mass","floor":39,"turns":6},{"damage":20,"enemies":"3 Darklings","floor":41,"turns":4},{"damage":29,"enemies":"Jaw Worm Horde","floor":48,"turns":4},{"damage":61,"enemies":"Awakened One","floor":50,"turns":18}],"seed_played":"-6183653497435410413","potions_obtained":[{"floor":1,"key":"PowerPotion"},{"floor":14,"key":"FearPotion"},{"floor":16,"key":"Regen Potion"},{"floor":19,"key":"GhostInAJar"},{"floor":20,"key":"Energy Potion"},{"floor":30,"key":"Weak Potion"}],"is_trial":false,"path_per_floor":["M","M","$","M","M","R","M","R","T","E","M","?","R","M","R","B",null,"M","M","M","M","$","R","?","R","T","M","E","R","M","?","R","B",null,"M","M","M","?","M","R","M","?","T","?","?","?","R","M","R","B",null],"character_chosen":"THE_SILENT","items_purchased":["Strength Potion","PiercingWail","FairyPotion","Panacea"],"campfire_rested":3,"item_purchase_floors":[3,22,22,22],"current_hp_per_floor":[56,56,56,54,54,54,54,54,54,46,46,46,46,43,43,39,62,55,42,21,24,24,24,24,24,24,36,33,33,23,10,47,23,62,49,42,44,45,31,68,48,48,48,48,48,48,48,31,68,19],"gold":13,"neow_bonus":"REMOVE_CARD","is_prod":false,"is_daily":false,"chose_seed":false,"campfire_upgraded":8,"win_rate":0,"timestamp":1551263407,"path_taken":["M","M","$","M","M","R","M","R","T","E","M","?","R","M","R","BOSS","M","M","M","M","$","R","?","R","T","?","E","R","M","?","R","BOSS","M","M","M","?","M","R","M","?","T","?","?","?","R","M","R","BOSS"],"build_version":"2019-01-23","purchased_purges":2,"victory":true,"max_hp_per_floor":[70,70,70,70,70,70,70,70,70,70,70,70,70,70,70,70,70,70,70,70,70,70,70,70,70,70,70,70,70,70,75,75,75,75,75,75,75,75,75,75,75,75,75,75,75,75,75,75,75,75],"card_choices":[{"not_picked":["Acrobatics","Blade Dance"],"picked":"Backstab","floor":1},{"not_picked":["Bane","Outmaneuver","Dodge and Roll"],"picked":"SKIP","floor":2},{"not_picked":["Acrobatics","Flying Knee"],"picked":"Burst","floor":4},{"not_picked":["Escape Plan","Prepared"],"picked":"Deadly Poison","floor":5},{"not_picked":["Eviscerate","Underhanded Strike"],"picked":"Night Terror","floor":7},{"not_picked":["Sucker Punch","Underhanded Strike","Poisoned Stab"],"picked":"SKIP","floor":10},{"not_picked":["Acrobatics","Escape Plan"],"picked":"Crippling Poison","floor":11},{"not_picked":["Bane","Accuracy"],"picked":"Dash","floor":14},{"not_picked":["Night Terror","Unload"],"picked":"Wraith Form v2","floor":16},{"not_picked":["Deflect","Choke"],"picked":"Acrobatics","floor":18},{"not_picked":["Tactician+1","Flying Knee","Eviscerate"],"picked":"SKIP","floor":19},{"not_picked":["Eviscerate","Dagger Throw"],"picked":"Deadly Poison","floor":20},{"not_picked":["Poisoned Stab+1","Dagger Spray"],"picked":"Well Laid Plans","floor":21},{"not_picked":["Heel Hook","Underhanded Strike","Bane"],"picked":"SKIP","floor":27},{"not_picked":["Accuracy","Tactician","Unload"],"picked":"SKIP","floor":28},{"not_picked":["Choke+1","Acrobatics","Blade Dance"],"picked":"SKIP","floor":30},{"not_picked":["Burst","Phantasmal Killer"],"picked":"Corpse Explosion","floor":33},{"not_picked":["Sucker Punch+1","Blade Dance+1","Underhanded Strike+1"],"picked":"SKIP","floor":35},{"not_picked":["Flechettes+1","Quick Slash+1","Cloak And Dagger"],"picked":"SKIP","floor":36},{"not_picked":["Dodge and Roll+1","Quick Slash+1","Distraction"],"picked":"SKIP","floor":37},{"not_picked":["Dash","Expertise","Finisher"],"picked":"SKIP","floor":39},{"not_picked":["Outmaneuver+1","Prepared+1"],"picked":"Malaise","floor":41},{"not_picked":["Purity","Dark Shackles"],"picked":"Thinking Ahead","floor":44},{"not_picked":["Dagger Spray","Blade Dance+1"],"picked":"PiercingWail+1","floor":48}],"player_experience":585170,"relics_obtained":[{"floor":9,"key":"Meat on the Bone"},{"floor":10,"key":"The Specimen"},{"floor":26,"key":"Mummified Hand"},{"floor":28,"key":"Calipers"},{"floor":38,"key":"StoneCalendar"},{"floor":43,"key":"Orichalcum"}],"event_choices":[{"damage_healed":0,"gold_gain":0,"player_choice":"Searched \u00271\u0027 times","damage_taken":0,"relics_obtained":["Regal Pillow"],"max_hp_gain":0,"max_hp_loss":0,"event_name":"Dead Adventurer","floor":12,"gold_loss":0},{"damage_healed":0,"gold_gain":100,"player_choice":"Pray","damage_taken":0,"max_hp_gain":0,"max_hp_loss":0,"event_name":"Golden Shrine","floor":24,"gold_loss":0},{"damage_healed":0,"gold_gain":0,"player_choice":"Shed Blood","damage_taken":18,"max_hp_gain":5,"max_hp_loss":0,"event_name":"Forgotten Altar","floor":31,"gold_loss":0},{"damage_healed":0,"gold_gain":0,"player_choice":"Fight","damage_taken":0,"max_hp_gain":0,"max_hp_loss":0,"event_name":"MindBloom","floor":38,"gold_loss":0},{"cards_removed":["Terror"],"damage_healed":0,"gold_gain":0,"player_choice":"Removed Skill","damage_taken":0,"max_hp_gain":0,"max_hp_loss":0,"event_name":"Falling","floor":42,"gold_loss":0},{"damage_healed":0,"gold_gain":0,"player_choice":"Memory 1","damage_taken":0,"max_hp_gain":0,"max_hp_loss":0,"event_name":"SensoryStone","floor":44,"gold_loss":0},{"damage_healed":0,"gold_gain":0,"player_choice":"Ignored","damage_taken":0,"max_hp_gain":0,"max_hp_loss":0,"event_name":"Mysterious Sphere","floor":45,"gold_loss":0},{"damage_healed":0,"gold_gain":0,"player_choice":"Paid","damage_taken":0,"relics_obtained":["Red Mask"],"max_hp_gain":0,"max_hp_loss":0,"event_name":"Tomb of Lord Red Mask","floor":46,"gold_loss":498}],"is_beta":false,"boss_relics":[{"not_picked":["Black Star","Cursed Key"],"picked":"Astrolabe"},{"not_picked":["Coffee Dripper","Velvet Choker"],"picked":"Sozu"}],"items_purged_floors":[3,22],"is_endless":false,"potions_floor_spawned":[1,5,7,14,16,19,20,30,37,38,39,41],"ascension_level":11}