{"gold_per_floor":[111,111,126,4,4,4,24,42,42,42,42,7,34,45,45,149,149,163,163,24,24,0,0,17,30,54,79,98,98,115,126,126,229,229,242,36,36,36,36,36,53,69,69,89,89,102,135,135],"floor_reached":48,"playtime":6735,"items_purged":["Defend_B","Regret","Shame"],"score":558,"play_id":"b10006b4-7a20-431d-8c87-f13b902efc15","local_time":"20190228184140","is_ascension_mode":true,"campfire_choices":[{"floor":6.0,"key":"REST"},{"data":"1","floor":10.0,"key":"LIFT"},{"floor":15.0,"key":"REST"},{"floor":23.0,"key":"REST"},{"floor":29.0,"key":"REST"},{"floor":32.0,"key":"REST"},{"data":"2","floor":40.0,"key":"LIFT"},{"floor":45,"key":"REST"}],"neow_cost":"PERCENT_DAMAGE","seed_source_timestamp":0,"circlet_count":0,"master_deck":["Zap","Dualcast","Go for the Eyes","Go for the Eyes","Gash","Sweeping Beam","Tempest","Storm","FTL","Self Repair","Core Surge","Aggregate","Skim","Heatsinks","Sunder","Glacier","Glacier","Beam Cell","Hello World","Beam Cell+1","Undo","Redo","BootSequence","Coolheaded","Echo Form","Electrodynamics","Turbo+1","Madness","Madness","Madness+1","White Noise+1","Streamline+1","Parasite","Tempest+1","Leap+1","Stack+1"],"special_seed":0,"relics":["Cracked Core","Girya","Ornamental Fan","Gremlin Horn","Pen Nib","Pandora\u0027s Box","Anchor","Bag of Marbles","Pear","Fusion Hammer","Sundial","Art of War"],"potions_floor_usage":[44,47,47,47],"damage_taken":[{"damage":6.0,"enemies":"Jaw Worm","floor":1.0,"turns":3.0},{"damage":1.0,"enemies":"Cultist","floor":3.0,"turns":3.0},{"damage":0.0,"enemies":"Small Slimes","floor":7.0,"turns":2.0},{"damage":2.0,"enemies":"Exordium Wildlife","floor":8.0,"turns":3.0},{"damage":30.0,"enemies":"Gremlin Nob","floor":13.0,"turns":5.0},{"damage":5.0,"enemies":"Large Slime","floor":14.0,"turns":3.0},{"damage":15.0,"enemies":"Slime Boss","floor":16.0,"turns":6.0},{"damage":27.0,"enemies":"3 Byrds","floor":18.0,"turns":4.0},{"damage":10.0,"enemies":"2 Thieves","floor":22.0,"turns":2.0},{"damage":7.0,"enemies":"Shelled Parasite and Fungi","floor":24.0,"turns":6.0},{"damage":0.0,"enemies":"Snake Plant","floor":25.0,"turns":1.0},{"damage":29.0,"enemies":"Book of Stabbing","floor":27.0,"turns":7.0},{"damage":24.0,"enemies":"3 Cultists","floor":28.0,"turns":5.0},{"damage":4.0,"enemies":"Cultist and Chosen","floor":30.0,"turns":4.0},{"damage":1.0,"enemies":"Snake Plant","floor":31.0,"turns":2.0},{"damage":80.0,"enemies":"Collector","floor":33.0,"turns":13.0},{"damage":0.0,"enemies":"3 Shapes","floor":35.0,"turns":2.0},{"damage":21.0,"enemies":"3 Darklings","floor":41.0,"turns":3.0},{"damage":29.0,"enemies":"Maw","floor":42.0,"turns":7.0},{"damage":17,"enemies":"Writhing Mass","floor":44,"turns":4},{"damage":31,"enemies":"Jaw Worm Horde","floor":46,"turns":3},{"damage":26,"enemies":"Giant Head","floor":47,"turns":12},{"damage":18,"enemies":"4 Shapes","floor":48,"turns":2}],"seed_played":"-2910578448491547634","potions_obtained":[{"floor":1.0,"key":"Swift Potion"},{"floor":7.0,"key":"FocusPotion"},{"floor":8.0,"key":"SmokeBomb"},{"floor":24.0,"key":"Fire Potion"},{"floor":27.0,"key":"Poison Potion"},{"floor":28.0,"key":"Swift Potion"},{"floor":33.0,"key":"FearPotion"},{"floor":35.0,"key":"GamblersBrew"},{"floor":42.0,"key":"EssenceOfSteel"},{"floor":46,"key":"SpeedPotion"}],"is_trial":false,"path_per_floor":["M","?","M","$","?","R","M","M","T","R","?","$","E","M","R","B",null,"M","?","$","?","M","R","M","M","T","E","M","R","M","M","R","B",null,"M","$","?","$","?","R","M","M","T","M","R","M","E","M"],"character_chosen":"DEFECT","items_purchased":["Gash","Storm","Hello World","Madness"],"campfire_rested":6,"item_purchase_floors":[4,12,20,36],"current_hp_per_floor":[48,48,47,47,40,62,62,60,60,60,60,60,30,25,47,39,75,55,41,41,41,31,55,55,55,55,43,26,53,56,62,89,16,90,90,90,79,79,79,79,65,43,43,33,60,29,10,0],"gold":135,"neow_bonus":"ONE_RARE_RELIC","is_prod":false,"is_daily":false,"chose_seed":false,"campfire_upgraded":0,"win_rate":0,"timestamp":1551375700,"path_taken":["M","?","M","?","?","R","M","M","T","R","?","$","E","M","R","BOSS","M","?","$","?","M","R","M","?","T","E","M","R","M","M","R","BOSS","M","$","?","$","?","R","M","?","T","M","R","M","E","M"],"build_version":"2019-01-23","purchased_purges":3,"victory":false,"max_hp_per_floor":[75,75,75,75,75,75,75,75,75,75,75,75,75,75,75,75,75,75,80,80,80,80,80,80,80,80,90,90,90,90,90,90,90,90,90,90,90,90,90,90,90,90,90,90,90,90,90,90],"card_choices":[{"not_picked":["Reinforced Body","Redo"],"picked":"Go for the Eyes","floor":1.0},{"not_picked":["Streamline","FTL"],"picked":"Go for the Eyes","floor":3.0},{"not_picked":["Conserve Battery","Barrage"],"picked":"Sweeping Beam","floor":7.0},{"not_picked":["Sweeping Beam","Steam"],"picked":"Tempest","floor":8.0},{"not_picked":["Stack","Biased Cognition"],"picked":"FTL","floor":13.0},{"not_picked":["Stack","Steam"],"picked":"Self Repair","floor":14.0},{"not_picked":["Multi-Cast","Buffer"],"picked":"Core Surge","floor":16.0},{"not_picked":["Go for the Eyes","Stack"],"picked":"Beam Cell","floor":18.0},{"not_picked":["Double Energy","Storm"],"picked":"Beam Cell+1","floor":24.0},{"not_picked":["Ball Lightning","Go for the Eyes"],"picked":"Undo","floor":25.0},{"not_picked":["Streamline","Skim+1"],"picked":"Redo","floor":27.0},{"not_picked":["Barrage","Ball Lightning"],"picked":"BootSequence","floor":28.0},{"not_picked":["Barrage","Steam Power"],"picked":"Coolheaded","floor":30.0},{"not_picked":["Stack","Consume+1"],"picked":"Echo Form","floor":31.0},{"not_picked":["All For One","Machine Learning"],"picked":"Electrodynamics","floor":33.0},{"not_picked":["Reinforced Body+1","Sweeping Beam+1"],"picked":"Turbo+1","floor":35.0},{"not_picked":["Compile Driver+1","Lockon+1"],"picked":"White Noise+1","floor":41.0},{"not_picked":["Redo","Beam Cell"],"picked":"Streamline+1","floor":42.0},{"not_picked":["Melter","FTL+1"],"picked":"Tempest+1","floor":44},{"not_picked":["Sweeping Beam+1","FTL+1"],"picked":"Leap+1","floor":46},{"not_picked":["Rebound","Multi-Cast"],"picked":"Stack+1","floor":47}],"player_experience":64485,"relics_obtained":[{"floor":9.0,"key":"Ornamental Fan"},{"floor":13.0,"key":"Pen Nib"},{"floor":26.0,"key":"Bag of Marbles"},{"floor":27.0,"key":"Pear"},{"floor":43,"key":"Sundial"},{"floor":47,"key":"Art of War"}],"event_choices":[{"damage_healed":0.0,"max_hp_gain":0.0,"max_hp_loss":0.0,"gold_gain":0.0,"event_name":"The Woman in Blue","player_choice":"Bought 0 Potions","floor":2.0,"gold_loss":0.0,"damage_taken":0.0},{"cards_removed":["Strike_B"],"damage_healed":0.0,"max_hp_gain":0.0,"max_hp_loss":0.0,"gold_gain":0.0,"event_name":"Golden Wing","player_choice":"Card Removal","floor":5.0,"gold_loss":0.0,"damage_taken":7.0},{"damage_healed":0.0,"max_hp_gain":0.0,"max_hp_loss":0.0,"gold_gain":0.0,"event_name":"Big Fish","player_choice":"Box","floor":11.0,"gold_loss":0.0,"damage_taken":0.0,"relics_obtained":["Gremlin Horn"],"cards_obtained":["Regret"]},{"damage_healed":0.0,"max_hp_gain":5.0,"max_hp_loss":0.0,"gold_gain":0.0,"event_name":"Forgotten Altar","player_choice":"Shed Blood","floor":19.0,"gold_loss":0.0,"damage_taken":19.0},{"damage_healed":0.0,"max_hp_gain":0.0,"max_hp_loss":0.0,"gold_gain":0.0,"event_name":"Addict","player_choice":"Stole Relic","floor":21.0,"gold_loss":0.0,"damage_taken":0.0,"relics_obtained":["Anchor"],"cards_obtained":["Shame"]},{"damage_healed":0.0,"max_hp_gain":0.0,"max_hp_loss":0.0,"gold_gain":0.0,"event_name":"Winding Halls","player_choice":"Embrace Madness","floor":37.0,"gold_loss":0.0,"damage_taken":11.0,"cards_obtained":["Madness","Madness"]},{"damage_healed":0.0,"max_hp_gain":0.0,"max_hp_loss":0.0,"gold_gain":0.0,"event_name":"Upgrade Shrine","player_choice":"Upgraded","floor":39.0,"gold_loss":0.0,"damage_taken":0.0,"cards_upgraded":["Madness"]}],"is_beta":false,"boss_relics":[{"not_picked":["White Beast Statue","Sozu"],"picked":"Pandora\u0027s Box"},{"not_picked":["Empty Cage","Orrery"],"picked":"Fusion Hammer"}],"items_purged_floors":[4,20,36],"is_endless":false,"potions_floor_spawned":[1,7,8,22,24,27,28,33,35,42,46],"killed_by":"4 Shapes","ascension_level":1}