{"path_per_floor":["M","?","M","?","?","E","R","E","T","R","M","R","M","M","R","B",null,"M","?","?","?","$","$","R","E","T","$","E","M","M","M","R","B",null,"M","?","M","M","$","R","M","R","T","?","M","?","$","M","R","B"],"character_chosen":"THE_SILENT","items_purchased":["Escape Plan","Madness","Regen Potion"],"gold_per_floor":[114,64,76,76,76,112,112,152,178,178,198,198,211,236,236,326,326,350,350,275,309,193,93,93,134,160,35,73,87,108,127,127,217,217,237,570,580,596,340,340,351,351,351,351,369,369,143,161,161,161],"floor_reached":51,"campfire_rested":3,"playtime":5508,"current_hp_per_floor":[63,63,63,62,62,69,69,57,57,57,57,57,57,55,55,36,61,61,61,61,41,41,41,41,35,35,35,35,35,19,18,38,38,61,61,61,42,42,42,42,41,61,61,52,52,52,52,52,69,59],"items_purged":["Defend_G","Strike_G","Strike_G","Defend_G","Bane"],"gold":161,"score":1048,"play_id":"d963b94c-6898-42eb-a624-5d66000d0f08","is_prod":false,"is_daily":false,"is_ascension_mode":true,"campfire_upgraded":6,"path_taken":["M","?","M","?","?","E","R","E","T","R","?","R","?","M","R","BOSS","M","?","?","?","?","$","R","E","T","$","E","?","M","M","R","BOSS","M","?","M","M","$","R","M","R","T","?","?","?","$","M","R","BOSS"],"build_version":"2018-02-07-BETA2","purchased_purges":5,"victory":true,"master_deck":["Survivor","Neutralize+1","Dagger Throw","Infinite Blades","Prepared+1","Reflex+1","Caltrops","Underhanded Strike","Footwork+1","Eviscerate+1","Blur+1","Backflip","Concentrate+1","PiercingWail","Escape Plan","Acrobatics+1","Prepared","Night Terror","Acrobatics","Madness","Madness","Madness"],"max_hp_per_floor":[70,67,67,62,62,69,69,69,69,69,69,69,69,69,69,69,69,69,69,69,69,69,69,69,69,69,69,69,69,69,69,69,69,69,69,69,69,69,69,69,69,69,69,69,69,69,69,69,69,69],"relics":["Ring of the Snake","NeowsBlessing","Strawberry","Whetstone","Vajra","Astrolabe","Red Mask","Shuriken","Snake Skull","Prayer Wheel","Cursed Key"],"card_choices":[{"not_picked":["Expertise","Malaise"],"picked":"Dagger Throw"},{"not_picked":["Prepared","Finisher"],"picked":"Infinite Blades"},{"not_picked":["Glass Knife","Deadly Poison"],"picked":"Prepared"},{"not_picked":["Bane","Distraction"],"picked":"Reflex"},{"not_picked":["Flying Knee","Dagger Throw"],"picked":"Caltrops"},{"not_picked":["PiercingWail","Sucker Punch"],"picked":"Underhanded Strike"},{"not_picked":["Bouncing Flask","PiercingWail"],"picked":"Footwork"},{"not_picked":["Quick Slash","Deadly Poison"],"picked":"Backflip"},{"not_picked":["Backflip","Terror"],"picked":"PiercingWail"},{"not_picked":["Outmaneuver","Malaise"],"picked":"Acrobatics"},{"not_picked":["Cloak And Dagger","Outmaneuver"],"picked":"Prepared"},{"not_picked":["Glass Knife","Bullet Time"],"picked":"Night Terror"},{"not_picked":["Flying Knee","Endless Agony"],"picked":"Acrobatics"}],"player_experience":737470,"potions_floor_usage":[8,16,21,25,25,30,41,41,50,50,50],"damage_taken":[{"damage":0,"enemies":"Jaw Worm","floor":1,"turns":1},{"damage":0,"enemies":"Small Slimes","floor":3,"turns":1},{"damage":0,"enemies":"Gremlin Nob","floor":6,"turns":1},{"damage":12,"enemies":"3 Sentries","floor":8,"turns":10},{"damage":0,"enemies":"Cultist","floor":11,"turns":3},{"damage":0,"enemies":"2 Fungi Beasts","floor":13,"turns":3},{"damage":2,"enemies":"Lots of Slimes","floor":14,"turns":6},{"damage":19,"enemies":"The Guardian","floor":16,"turns":10},{"damage":0,"enemies":"3 Byrds","floor":18,"turns":3},{"damage":20,"enemies":"Masked Bandits","floor":21,"turns":6},{"damage":18,"enemies":"Slavers","floor":25,"turns":9},{"damage":0,"enemies":"Book of Stabbing","floor":28,"turns":4},{"damage":0,"enemies":"Spheric Guardian","floor":29,"turns":3},{"damage":16,"enemies":"Snecko","floor":30,"turns":8},{"damage":1,"enemies":"Chosen and Byrds","floor":31,"turns":3},{"damage":0,"enemies":"Automaton","floor":33,"turns":8},{"damage":0,"enemies":"Orb Walker","floor":35,"turns":4},{"damage":19,"enemies":"3 Shapes","floor":37,"turns":6},{"damage":0,"enemies":"Maw","floor":38,"turns":5},{"damage":1,"enemies":"Spire Growth","floor":41,"turns":3},{"damage":0,"enemies":"3 Darklings","floor":45,"turns":4},{"damage":0,"enemies":"Maw","floor":48,"turns":3},{"damage":13,"enemies":"Awakened One","floor":50,"turns":3}],"event_choices":[{"event_name":"The Cleric","player_choice":"Card Removal","floor":2,"damage_taken":0},{"event_name":"Golden Idol","player_choice":"Lose Max HP","floor":4,"damage_taken":0},{"event_name":"Bonfire Elementals","player_choice":"BASIC","floor":5,"damage_taken":0},{"event_name":"The Library","player_choice":"Read","floor":19,"damage_taken":0},{"event_name":"Beggar","player_choice":"Gave Gold","floor":20,"damage_taken":0},{"event_name":"The Moai Head","player_choice":"Gave Idol","floor":36,"damage_taken":0},{"event_name":"Winding Halls","player_choice":"Embrace Madness","floor":44,"damage_taken":0},{"event_name":"Purifier","player_choice":"One Purge","floor":46,"damage_taken":0}],"boss_relics":[{"not_picked":["Lizard Tail","Philosopher\u0027s Stone"],"picked":"Astrolabe"},{"not_picked":["Pandora\u0027s Box","White Beast Statue"],"picked":"Cursed Key"}],"potions_floor_spawned":[1,6,11,13,18,21,31,33,35,41,48],"seed_played":"-7741558372126943206","ascension_level":13,"is_trial":false}