{"gold_per_floor":[111,126,145,161,41,68,87,99,99,112,112,124,16,51,51,149,199,217,217,54,66,80,80],"floor_reached":23,"playtime":1931,"items_purged":["Strike_R"],"score":228,"play_id":"2a36d363-06f8-4cd1-a89b-ef98f822bbcd","local_time":"20190219110455","is_ascension_mode":true,"campfire_choices":[{"floor":15,"key":"REST"}],"neow_cost":"NONE","seed_source_timestamp":3077925278355252,"circlet_count":0,"master_deck":["Strike_R","Strike_R","Strike_R","Defend_R","Defend_R","Defend_R","Defend_R","Bash","Double Tap","Body Slam","Cleave","Twin Strike","Headbutt","Armaments","Offering","Sword Boomerang","Uppercut","Flex+1","Feel No Pain","Burning Pact","Metallicize","Iron Wave","Reaper","Evolve","Warcry+1","Pummel","Shrug It Off","Battle Trance","Shockwave+1","Shrug It Off"],"relics":["Burning Blood","Red Skull","Meat on the Bone","Bronze Scales","Nloth\u0027s Gift"],"potions_floor_usage":[10,21,21,22],"damage_taken":[{"damage":10,"enemies":"Cultist","floor":1,"turns":5},{"damage":8,"enemies":"Jaw Worm","floor":2,"turns":6},{"damage":10,"enemies":"2 Louse","floor":3,"turns":3},{"damage":18,"enemies":"Exordium Wildlife","floor":4,"turns":4},{"damage":25,"enemies":"3 Sentries","floor":6,"turns":6},{"damage":0,"enemies":"2 Fungi Beasts","floor":7,"turns":2},{"damage":6,"enemies":"Lots of Slimes","floor":8,"turns":3},{"damage":17,"enemies":"Gremlin Gang","floor":10,"turns":3},{"damage":7,"enemies":"Blue Slaver","floor":12,"turns":3},{"damage":23,"enemies":"Gremlin Nob","floor":14,"turns":4},{"damage":30,"enemies":"The Guardian","floor":16,"turns":13},{"damage":8,"enemies":"3 Byrds","floor":18,"turns":4},{"damage":35,"enemies":"Shell Parasite","floor":21,"turns":9},{"damage":16,"enemies":"Shelled Parasite and Fungi","floor":22,"turns":5},{"damage":71,"enemies":"Gremlin Leader","floor":23,"turns":6}],"seed_played":"-1852524456438304395","potions_obtained":[{"floor":1,"key":"SneckoOil"},{"floor":3,"key":"Weak Potion"},{"floor":7,"key":"Regen Potion"},{"floor":8,"key":"Energy Potion"},{"floor":11,"key":"Ancient Potion"},{"floor":11,"key":"Dexterity Potion"},{"floor":16,"key":"Fire Potion"},{"floor":21,"key":"SkillPotion"}],"is_trial":false,"path_per_floor":["M","M","M","M","$","E","M","M","T","M","?","M","$","E","R","B",null,"M","?","$","M","M","E"],"character_chosen":"IRONCLAD","items_purchased":["Armaments","Burning Pact","Metallicize","Pummel","Shrug It Off","Battle Trance"],"campfire_rested":1,"item_purchase_floors":[5,13,13,20,20,20],"current_hp_per_floor":[76,74,70,58,58,39,45,45,45,46,46,57,57,52,76,52,85,85,85,85,56,58,0],"gold":80,"neow_bonus":"TRANSFORM_CARD","is_prod":false,"is_daily":false,"chose_seed":false,"campfire_upgraded":0,"win_rate":0,"timestamp":1550592295,"path_taken":["M","M","?","M","$","E","M","M","T","M","?","M","$","E","R","BOSS","M","?","$","?","M","E"],"build_version":"2019-02-06","purchased_purges":1,"victory":false,"max_hp_per_floor":[80,80,80,80,80,80,80,80,80,80,80,80,80,80,80,80,85,85,85,85,85,85,85],"card_choices":[{"not_picked":["Dropkick","Clothesline"],"picked":"Body Slam","floor":1},{"not_picked":["Rage","Power Through"],"picked":"Cleave","floor":2},{"not_picked":["Uppercut","Sword Boomerang"],"picked":"Twin Strike","floor":3},{"not_picked":["Flame Barrier","Combust"],"picked":"Headbutt","floor":4},{"not_picked":["Immolate","Second Wind"],"picked":"Offering","floor":6},{"not_picked":["Warcry","Flame Barrier"],"picked":"Sword Boomerang","floor":7},{"not_picked":["Intimidate","Bloodletting"],"picked":"Uppercut","floor":8},{"not_picked":["Spot Weakness","Body Slam"],"picked":"Flex","floor":10},{"not_picked":["Rupture","Havoc"],"picked":"Feel No Pain","floor":12},{"not_picked":["Wild Strike","Fire Breathing"],"picked":"Iron Wave","floor":14},{"not_picked":["Dark Embrace","Berserk"],"picked":"Reaper","floor":16},{"not_picked":["Anger","Headbutt"],"picked":"Evolve","floor":17},{"not_picked":["Pommel Strike","Clothesline+1"],"picked":"Warcry+1","floor":18},{"not_picked":["Clothesline","Body Slam"],"picked":"Shockwave+1","floor":21},{"not_picked":["Heavy Blade","Body Slam+1"],"picked":"Shrug It Off","floor":22}],"player_experience":149624,"relics_obtained":[{"floor":6,"key":"Red Skull"},{"floor":9,"key":"Meat on the Bone"},{"floor":14,"key":"Bronze Scales"}],"event_choices":[{"damage_healed":0,"gold_gain":0,"player_choice":"Got Potions","damage_taken":0,"max_hp_gain":0,"max_hp_loss":0,"event_name":"Lab","floor":11,"gold_loss":0},{"damage_healed":0,"gold_gain":0,"player_choice":"Traded Relic","damage_taken":0,"relics_obtained":["Nloth\u0027s Gift"],"max_hp_gain":0,"max_hp_loss":0,"event_name":"N\u0027loth","floor":19,"relics_lost":["Tiny House"],"gold_loss":0}],"is_beta":true,"boss_relics":[{"not_picked":["Sozu","White Beast Statue"],"picked":"Tiny House"}],"items_purged_floors":[5],"is_endless":false,"potions_floor_spawned":[1,3,7,8,12,16,18,21],"killed_by":"Gremlin Leader","ascension_level":2}