{"path_per_floor":["M","M","M","?","$","R","E","?","T","T","M","R","M","M","R","B",null,"M","?","M","?","$","R","E","R","T","R","M","M","M","$","R"],"character_chosen":"THE_SILENT","items_purchased":["After Image","Poison Potion","Transmutation","Footwork"],"gold_per_floor":[112,123,139,214,9,9,42,42,42,42,56,56,67,85,85,180,180,198,198,213,213,3,3,32,32,32,32,52,63,79,7,7],"floor_reached":33,"campfire_rested":3,"playtime":3180,"current_hp_per_floor":[69,69,55,44,44,44,33,26,26,26,26,47,47,47,47,28,70,70,57,57,57,57,57,29,51,51,51,29,9,8,8,30],"items_purged":[],"gold":7,"score":320,"play_id":"179480d2-e3a4-495a-ac8b-eca13f048704","is_prod":false,"is_daily":false,"is_ascension_mode":true,"campfire_upgraded":4,"path_taken":["M","M","M","?","$","R","E","?","T","?","M","R","M","M","R","BOSS","M","?","M","?","$","R","E","R","T","R","M","M","?","$","R","BOSS"],"build_version":"2018-02-08-BETA1","purchased_purges":0,"victory":false,"master_deck":["Defend_G","Defend_G","Defend_G","Defend_G","Strike_G","Strike_G","Strike_G","Strike_G","Survivor","Neutralize+1","Terror","Night Terror","Outmaneuver+1","After Image+1","Dagger Spray","Bouncing Flask","Flying Knee","Backstab","Venomology","PiercingWail","Transmutation+1","Tools of the Trade","Calculated Gamble+1","Dash","Caltrops+1","Riddle With Holes","Footwork"],"max_hp_per_floor":[70,70,70,70,70,70,70,70,70,70,70,70,70,70,70,70,70,70,75,75,75,75,75,75,75,75,75,75,75,75,75,75],"relics":["Ring of the Snake","Bottled Flame","Ninja Scroll","Dream Catcher","Snecko Eye","Ice Cream","Pen Nib"],"card_choices":[{"not_picked":["Underhanded Strike","Eviscerate"],"picked":"Night Terror"},{"not_picked":["Poisoned Stab","Bane"],"picked":"Outmaneuver"},{"not_picked":["Outmaneuver","PiercingWail"],"picked":"Dagger Spray"},{"not_picked":["Outmaneuver","Dagger Throw"],"picked":"Bouncing Flask"},{"not_picked":["PiercingWail","Underhanded Strike"],"picked":"Flying Knee"},{"not_picked":["Poisoned Stab","Deflect"],"picked":"Backstab"},{"not_picked":["Envenom","A Thousand Cuts"],"picked":"Venomology"},{"not_picked":["Slice","Acrobatics"],"picked":"PiercingWail"},{"not_picked":["Well Laid Plans","Dagger Throw"],"picked":"Tools of the Trade"},{"not_picked":["Underhanded Strike","Bane"],"picked":"Calculated Gamble"},{"not_picked":["Quick Slash","Backflip"],"picked":"Dash"},{"not_picked":["Backstab","Quick Slash"],"picked":"Caltrops"},{"not_picked":["Slice","Flying Knee"],"picked":"Riddle With Holes"}],"player_experience":58649,"potions_floor_usage":[7,16,16,18,18,18,20,20,24,28,28,33],"damage_taken":[{"damage":1,"enemies":"Small Slimes","floor":1,"turns":6},{"damage":0,"enemies":"Jaw Worm","floor":2,"turns":4},{"damage":14,"enemies":"Cultist","floor":3,"turns":4},{"damage":11,"enemies":"Lagavulin","floor":7,"turns":8},{"damage":0,"enemies":"Large Slime","floor":11,"turns":5},{"damage":0,"enemies":"Looter","floor":13,"turns":3},{"damage":0,"enemies":"Exordium Wildlife","floor":14,"turns":2},{"damage":19,"enemies":"Hexaghost","floor":16,"turns":11},{"damage":0,"enemies":"Chosen","floor":18,"turns":3},{"damage":0,"enemies":"Spheric Guardian","floor":20,"turns":4},{"damage":28,"enemies":"Book of Stabbing","floor":24,"turns":6},{"damage":22,"enemies":"3 Cultists","floor":28,"turns":6},{"damage":20,"enemies":"Snake Plant","floor":29,"turns":5},{"damage":7,"enemies":"Centurion and Healer","floor":30,"turns":5},{"damage":30,"enemies":"Champ","floor":33,"turns":13}],"event_choices":[{"event_name":"World of Goop","player_choice":"Gather Gold","floor":4,"damage_taken":0},{"event_name":"Golden Wing","player_choice":"Card Removal","floor":8,"damage_taken":0},{"event_name":"Forgotten Altar","player_choice":"Shed Blood","floor":19,"damage_taken":0},{"event_name":"Drug Dealer","player_choice":"Ignored","floor":21,"damage_taken":0}],"boss_relics":[{"not_picked":["Sozu","Question Card"],"picked":"Snecko Eye"}],"potions_floor_spawned":[3,7,13,16,20,29],"seed_played":"-8427364034814257776","killed_by":"Champ","ascension_level":4,"is_trial":false}