{"gold_per_floor":[118,136,13,32,32,32,67,83,83,109,22,41,41,53,53,53],"floor_reached":16,"playtime":1163,"items_purged":["Strike_B"],"score":140,"play_id":"3acddf63-39ae-4e17-90d4-24cbe757e5a5","local_time":"20190223104621","is_ascension_mode":true,"campfire_choices":[{"data":"Loop","floor":6,"key":"SMITH"},{"data":"Fusion","floor":13,"key":"SMITH"},{"floor":15,"key":"REST"}],"neow_cost":"NONE","seed_source_timestamp":710544839594749,"circlet_count":0,"master_deck":["Strike_B","Strike_B","Strike_B","Defend_B","Defend_B","Defend_B","Defend_B","Zap","Dualcast","Meteor Strike","Loop+1","Turbo","Coolheaded","Turbo","Undo","Fusion+1","Recycle","Self Repair"],"relics":["Cracked Core","Prayer Wheel","Girya","Singing Bowl"],"potions_floor_usage":[2,7,7,8,10,16,16],"damage_taken":[{"damage":10,"enemies":"Small Slimes","floor":1,"turns":3},{"damage":1,"enemies":"Cultist","floor":2,"turns":4},{"damage":7,"enemies":"Jaw Worm","floor":4,"turns":3},{"damage":16,"enemies":"3 Sentries","floor":7,"turns":7},{"damage":4,"enemies":"2 Fungi Beasts","floor":8,"turns":3},{"damage":15,"enemies":"Lagavulin","floor":10,"turns":6},{"damage":10,"enemies":"Exordium Wildlife","floor":12,"turns":6},{"damage":0,"enemies":"Large Slime","floor":14,"turns":5},{"damage":46,"enemies":"Hexaghost","floor":16,"turns":14}],"seed_played":"4790606541356033762","potions_obtained":[{"floor":2,"key":"Fruit Juice"},{"floor":5,"key":"Energy Potion"},{"floor":5,"key":"Fire Potion"},{"floor":5,"key":"GamblersBrew"},{"floor":7,"key":"FearPotion"},{"floor":10,"key":"SpeedPotion"}],"is_trial":false,"path_per_floor":["M","M","$","M","?","R","E","M","T","E","$","M","R","M","R","B"],"character_chosen":"DEFECT","items_purchased":["Turbo","Fusion","Block Potion"],"campfire_rested":1,"item_purchase_floors":[3,11,11],"current_hp_per_floor":[65,69,69,62,62,62,46,42,42,27,27,21,21,21,46,0],"gold":53,"neow_bonus":"ONE_RANDOM_RARE_CARD","is_prod":false,"is_daily":false,"chose_seed":false,"campfire_upgraded":2,"win_rate":0,"timestamp":1550915181,"path_taken":["M","M","$","M","?","R","E","?","T","E","$","M","R","M","R","BOSS"],"build_version":"2019-01-23","purchased_purges":1,"victory":false,"max_hp_per_floor":[75,80,80,80,80,80,80,80,80,80,80,84,84,84,84,84],"card_choices":[{"not_picked":["Cold Snap","Stack"],"picked":"Loop","floor":1},{"not_picked":["Force Field","Static Discharge","Lockon"],"picked":"SKIP","floor":2},{"not_picked":["Leap","Reprogram"],"picked":"Coolheaded","floor":4},{"not_picked":["Darkness","Melter","Chaos"],"picked":"SKIP","floor":7},{"not_picked":["Beam Cell","Gash"],"picked":"Turbo","floor":8},{"not_picked":["Go for the Eyes","Gash","Ball Lightning"],"picked":"SKIP","floor":8},{"not_picked":["Leap","Redo"],"picked":"Undo","floor":10},{"not_picked":["Redo","Coolheaded","Beam Cell"],"picked":"Singing Bowl","floor":12},{"not_picked":["Rainbow","Turbo","Coolheaded"],"picked":"Singing Bowl","floor":12},{"not_picked":["Beam Cell","Reprogram"],"picked":"Recycle","floor":14},{"not_picked":["BootSequence","Stack"],"picked":"Self Repair","floor":14}],"player_experience":378226,"relics_obtained":[{"floor":7,"key":"Prayer Wheel"},{"floor":9,"key":"Girya"},{"floor":10,"key":"Singing Bowl"}],"event_choices":[{"damage_healed":0,"gold_gain":0,"player_choice":"Got Potions","damage_taken":0,"max_hp_gain":0,"max_hp_loss":0,"event_name":"Lab","floor":5,"gold_loss":0}],"is_beta":false,"boss_relics":[],"items_purged_floors":[3],"is_endless":false,"potions_floor_spawned":[2,7,10],"killed_by":"Hexaghost","ascension_level":5}