{"gold_per_floor":[117,117,6,20,20,20,36,36,89,122,122,149,167,200,200,299,299,317,317,68,87,87,87,104,130,130,149,161,161,181,56,56,154,154,172,186,202,302,315,315,275,275,275,292,305,316,330,342,342,342],"floor_reached":51,"playtime":2975,"items_purged":["Strike_B","Strike_B+1","Strike_B+1"],"score":1165,"play_id":"88946763-c814-464a-8fea-a92039868d68","local_time":"20190227003535","is_ascension_mode":true,"campfire_choices":[{"data":"Defragment","floor":6,"key":"SMITH"},{"data":"Darkness","floor":8,"key":"SMITH"},{"data":"Self Repair","floor":11,"key":"SMITH"},{"data":"Zap","floor":15,"key":"SMITH"},{"data":"Loop","floor":23,"key":"SMITH"},{"floor":32,"key":"REST"},{"data":"White Noise","floor":40,"key":"SMITH"},{"data":"Dualcast","floor":42,"key":"SMITH"},{"data":"Machine Learning","floor":49,"key":"SMITH"}],"neow_cost":"NONE","seed_source_timestamp":1017685076165169,"circlet_count":0,"master_deck":["AscendersBane","Defend_B+1","Defend_B+1","Defend_B+1","Defend_B+1","Zap+1","Dualcast+1","Machine Learning+1","Defragment+1","Self Repair+1","Darkness+1","Glacier","Cold Snap","Loop+1","White Noise+1","Multi-Cast","Ball Lightning+1","Consume+1","Undo+1","Biased Cognition","Recycle+1","Conserve Battery+1","Coolheaded+1","Parasite","Chill+1"],"relics":["Cracked Core","Strawberry","Letter Opener","Bag of Preparation","Molten Egg 2","Inserter","Anchor","Lantern","Toxic Egg 2","Enchiridion","Velvet Choker","Bird Faced Urn","PreservedInsect"],"potions_floor_usage":[12,14,25,25,25,30,50,50,50],"damage_taken":[{"damage":10,"enemies":"Small Slimes","floor":1,"turns":4},{"damage":6,"enemies":"Cultist","floor":4,"turns":4},{"damage":2,"enemies":"Jaw Worm","floor":7,"turns":5},{"damage":10,"enemies":"Lagavulin","floor":10,"turns":5},{"damage":17,"enemies":"3 Sentries","floor":12,"turns":7},{"damage":0,"enemies":"Large Slime","floor":13,"turns":5},{"damage":0,"enemies":"Lagavulin","floor":14,"turns":6},{"damage":38,"enemies":"Slime Boss","floor":16,"turns":6},{"damage":27,"enemies":"3 Byrds","floor":18,"turns":6},{"damage":2,"enemies":"Chosen","floor":21,"turns":5},{"damage":3,"enemies":"Snecko","floor":24,"turns":4},{"damage":19,"enemies":"Book of Stabbing","floor":25,"turns":4},{"damage":14,"enemies":"3 Cultists","floor":27,"turns":4},{"damage":21,"enemies":"Centurion and Healer","floor":28,"turns":6},{"damage":0,"enemies":"Chosen and Byrds","floor":30,"turns":5},{"damage":10,"enemies":"Automaton","floor":33,"turns":9},{"damage":20,"enemies":"3 Darklings","floor":35,"turns":8},{"damage":0,"enemies":"3 Shapes","floor":36,"turns":5},{"damage":4,"enemies":"3 Darklings","floor":37,"turns":5},{"damage":0,"enemies":"Mind Bloom Boss Battle","floor":38,"turns":8},{"damage":14,"enemies":"Spire Growth","floor":39,"turns":6},{"damage":43,"enemies":"Sphere and 2 Shapes","floor":44,"turns":7},{"damage":17,"enemies":"Writhing Mass","floor":45,"turns":5},{"damage":0,"enemies":"Maw","floor":46,"turns":6},{"damage":17,"enemies":"Transient","floor":47,"turns":5},{"damage":0,"enemies":"Sphere and 2 Shapes","floor":48,"turns":4},{"damage":39,"enemies":"Awakened One","floor":50,"turns":11}],"seed_played":"-8019749078536242565","potions_obtained":[{"floor":7,"key":"Energy Potion"},{"floor":10,"key":"Block Potion"},{"floor":16,"key":"Poison Potion"},{"floor":21,"key":"AttackPotion"},{"floor":24,"key":"Energy Potion"},{"floor":28,"key":"Energy Potion"},{"floor":36,"key":"Regen Potion"},{"floor":38,"key":"AttackPotion"},{"floor":41,"key":"EntropicBrew"},{"floor":41,"key":"FairyPotion"}],"is_trial":false,"path_per_floor":["M","?","$","M","$","R","M","R","T","E","R","E","M","E","R","B",null,"M","?","$","M","?","R","M","E","T","M","M","?","M","$","R","B",null,"M","M","M","?","M","R","?","R","T","M","M","M","M","M","R","B",null],"character_chosen":"DEFECT","items_purchased":["Self Repair","Anchor"],"campfire_rested":1,"item_purchase_floors":[3,20],"current_hp_per_floor":[58,58,58,59,59,59,64,64,71,68,68,61,71,81,81,53,75,58,58,58,66,66,66,73,64,64,50,39,23,33,33,57,47,73,63,73,82,82,82,82,82,82,82,57,60,82,81,82,82,70],"gold":342,"neow_bonus":"ONE_RANDOM_RARE_CARD","is_prod":false,"is_daily":false,"chose_seed":false,"campfire_upgraded":8,"win_rate":0,"timestamp":1551224135,"path_taken":["M","?","$","M","$","R","M","R","T","E","R","E","M","E","R","BOSS","M","?","$","M","?","R","M","E","T","M","M","?","M","$","R","BOSS","M","M","M","?","M","R","?","R","T","M","M","M","?","M","R","BOSS"],"build_version":"2019-01-23","purchased_purges":3,"victory":true,"max_hp_per_floor":[75,75,75,75,75,75,75,75,82,82,82,82,82,82,82,82,82,82,82,82,82,82,82,82,82,82,82,82,82,82,82,82,82,82,82,82,82,82,82,82,82,82,82,82,82,82,82,82,82,82],"card_choices":[{"not_picked":["Compile Driver","Beam Cell"],"picked":"Defragment","floor":1},{"not_picked":["Skim","Steam"],"picked":"Darkness","floor":4},{"not_picked":["Leap","Stack","Hello World"],"picked":"SKIP","floor":7},{"not_picked":["Ball Lightning","Conserve Battery"],"picked":"Glacier","floor":10},{"not_picked":["Hyperbeam","Chaos"],"picked":"Cold Snap","floor":12},{"not_picked":["Go for the Eyes","Double Energy"],"picked":"Loop","floor":13},{"not_picked":["Auto Shields","Barrage"],"picked":"White Noise","floor":14},{"not_picked":["Core Surge+1","Meteor Strike+1"],"picked":"Multi-Cast","floor":16},{"not_picked":["Barrage+1","Hello World+1"],"picked":"Ball Lightning+1","floor":18},{"not_picked":["Redo","Streamline+1","Sunder+1"],"picked":"SKIP","floor":21},{"not_picked":["Redo+1","Chaos","Reprogram+1"],"picked":"SKIP","floor":24},{"not_picked":["Genetic Algorithm+1","Barrage+1","Blizzard+1"],"picked":"SKIP","floor":25},{"not_picked":["Glacier+1","Turbo+1"],"picked":"Consume+1","floor":27},{"not_picked":["Ball Lightning+1","Amplify+1"],"picked":"Undo+1","floor":28},{"not_picked":["Go for the Eyes+1","Turbo+1","Genetic Algorithm+1"],"picked":"SKIP","floor":30},{"not_picked":["Hyperbeam+1","Thunder Strike+1"],"picked":"Biased Cognition","floor":33},{"not_picked":["Steam+1","Double Energy+1","Compile Driver+1"],"picked":"SKIP","floor":35},{"not_picked":["Hologram+1","Storm+1"],"picked":"Recycle+1","floor":36},{"not_picked":["Sweeping Beam+1","Hologram+1","Go for the Eyes+1"],"picked":"SKIP","floor":37},{"not_picked":["Sunder+1","Go for the Eyes+1"],"picked":"Conserve Battery+1","floor":38},{"not_picked":["Barrage+1","Ball Lightning+1","Gash+1"],"picked":"SKIP","floor":39},{"not_picked":["Rebound+1","Multi-Cast+1"],"picked":"Coolheaded+1","floor":44},{"not_picked":["Static Discharge","Heatsinks+1"],"picked":"Chill+1","floor":45},{"not_picked":["Turbo+1","Redo+1","Beam Cell+1"],"picked":"SKIP","floor":46},{"not_picked":["Recycle+1","Coolheaded+1","Force Field+1"],"picked":"SKIP","floor":47},{"not_picked":["Auto Shields+1","Streamline+1","Genetic Algorithm+1"],"picked":"SKIP","floor":48}],"player_experience":581119,"relics_obtained":[{"floor":9,"key":"Strawberry"},{"floor":10,"key":"Letter Opener"},{"floor":12,"key":"Bag of Preparation"},{"floor":14,"key":"Molten Egg 2"},{"floor":25,"key":"Lantern"},{"floor":26,"key":"Toxic Egg 2"},{"floor":29,"key":"Enchiridion"},{"floor":38,"key":"Bird Faced Urn"},{"floor":43,"key":"PreservedInsect"}],"event_choices":[{"cards_removed":["Strike_B"],"damage_healed":0,"gold_gain":0,"player_choice":"Purged","damage_taken":0,"max_hp_gain":0,"max_hp_loss":0,"event_name":"Purifier","floor":2,"gold_loss":0},{"damage_healed":0,"gold_gain":0,"player_choice":"Simplicity","damage_taken":0,"max_hp_gain":0,"max_hp_loss":0,"event_name":"Back to Basics","floor":19,"gold_loss":0,"cards_upgraded":["Strike_B","Strike_B","Defend_B","Defend_B","Defend_B","Defend_B"]},{"damage_healed":0,"gold_gain":0,"player_choice":"Ignored","damage_taken":0,"max_hp_gain":0,"max_hp_loss":0,"event_name":"Vampires","floor":22,"gold_loss":0},{"damage_healed":0,"gold_gain":0,"player_choice":"Obtained Book","damage_taken":16,"max_hp_gain":0,"max_hp_loss":0,"event_name":"Cursed Tome","floor":29,"gold_loss":0},{"damage_healed":0,"gold_gain":0,"player_choice":"Fight","damage_taken":0,"max_hp_gain":0,"max_hp_loss":0,"event_name":"MindBloom","floor":38,"gold_loss":0},{"damage_healed":0,"gold_gain":0,"player_choice":"Bought 3 Potions","damage_taken":0,"max_hp_gain":0,"max_hp_loss":0,"event_name":"The Woman in Blue","floor":41,"gold_loss":0}],"is_beta":false,"boss_relics":[{"not_picked":["Cursed Key","Eternal Feather"],"picked":"Inserter"},{"not_picked":["Philosopher\u0027s Stone","Coffee Dripper"],"picked":"Velvet Choker"}],"items_purged_floors":[3,20,31],"is_endless":false,"potions_floor_spawned":[7,10,16,21,24,28,36,38,44,45,47],"ascension_level":10}