{"gold_per_floor":[119,136,149,149,168,168,201,201,228,256,274,298,278,309,309,386,386,405,422,441,491,69,69,99,24,49,80,97,128,78,78,78,78],"floor_reached":33,"playtime":1638,"items_purged":["Strike_R","Strike_R"],"score":614,"play_id":"d91167f7-0f2a-4bb9-bc53-9bd28a803b1c","local_time":"20190220175439","is_ascension_mode":true,"campfire_choices":[{"data":"Bash","floor":6,"key":"SMITH"},{"data":"Havoc","floor":8,"key":"SMITH"},{"data":"Iron Wave","floor":15,"key":"SMITH"},{"floor":23,"key":"REST"},{"floor":32,"key":"REST"}],"neow_cost":"NONE","seed_source_timestamp":71526382066102,"circlet_count":0,"master_deck":["AscendersBane","Strike_R+1","Defend_R","Defend_R+1","Defend_R","Defend_R+1","Bash+1","Pommel Strike+1","Second Wind","Havoc+1","Flex","Twin Strike","Armaments","Cleave","Iron Wave+1","Reaper","True Grit","Immolate","Exhume","Spot Weakness","Rage"],"relics":["Burning Blood","Ancient Tea Set","Centennial Puzzle","Bag of Preparation","Whetstone","War Paint","Bag of Marbles","Sozu","Pen Nib","Bird Faced Urn","Anchor","Smiling Mask","Potion Belt","Nilry\u0027s Codex"],"potions_floor_usage":[7,14,16],"damage_taken":[{"damage":7,"enemies":"Cultist","floor":1,"turns":4},{"damage":5,"enemies":"Small Slimes","floor":2,"turns":4},{"damage":2,"enemies":"Jaw Worm","floor":3,"turns":4},{"damage":13,"enemies":"3 Louse","floor":5,"turns":4},{"damage":15,"enemies":"3 Sentries","floor":7,"turns":8},{"damage":11,"enemies":"Gremlin Nob","floor":10,"turns":3},{"damage":6,"enemies":"Blue Slaver","floor":11,"turns":3},{"damage":10,"enemies":"3 Sentries","floor":14,"turns":5},{"damage":46,"enemies":"The Guardian","floor":16,"turns":10},{"damage":26,"enemies":"Shell Parasite","floor":18,"turns":4},{"damage":14,"enemies":"3 Byrds","floor":19,"turns":5},{"damage":30,"enemies":"Snecko","floor":20,"turns":6},{"damage":3,"enemies":"Gremlin Leader","floor":24,"turns":5},{"damage":8,"enemies":"Slavers","floor":27,"turns":3},{"damage":0,"enemies":"3 Cultists","floor":28,"turns":1},{"damage":45,"enemies":"Book of Stabbing","floor":29,"turns":5},{"damage":71,"enemies":"Champ","floor":33,"turns":12}],"seed_played":"-3777943780875085198","potions_obtained":[{"floor":5,"key":"Explosive Potion"},{"floor":7,"key":"SteroidPotion"},{"floor":10,"key":"SpeedPotion"},{"floor":11,"key":"EssenceOfSteel"},{"floor":13,"key":"LiquidBronze"}],"is_trial":false,"path_per_floor":["M","M","M","?","M","R","E","R","T","E","M","T","?","E","R","B",null,"M","M","M","?","$","R","E","?","T","E","M","E","$","?","R","B"],"character_chosen":"IRONCLAD","items_purchased":["Immolate","Pen Nib"],"campfire_rested":2,"item_purchase_floors":[22,22],"current_hp_per_floor":[67,68,72,72,65,65,56,56,56,51,51,51,51,47,47,7,58,47,43,25,25,25,47,50,50,50,69,75,36,36,15,37,0],"gold":78,"neow_bonus":"RANDOM_COMMON_RELIC","is_prod":false,"is_daily":false,"chose_seed":false,"campfire_upgraded":3,"win_rate":0,"timestamp":1550714079,"path_taken":["M","?","M","?","M","R","E","R","T","E","?","?","?","E","R","BOSS","M","M","?","?","$","R","E","?","T","E","M","E","$","?","R","BOSS"],"build_version":"2019-01-23","purchased_purges":2,"victory":false,"max_hp_per_floor":[75,75,75,75,75,75,75,75,75,75,75,75,75,75,75,75,75,75,75,75,75,75,75,75,75,75,75,75,75,75,75,75,75],"card_choices":[{"not_picked":["True Grit","Entrench"],"picked":"Pommel Strike","floor":1},{"not_picked":["Blood for Blood","Searing Blow"],"picked":"Second Wind","floor":2},{"not_picked":["Infernal Blade","Warcry"],"picked":"Havoc","floor":3},{"not_picked":["Clash","Headbutt"],"picked":"Twin Strike","floor":5},{"not_picked":["Perfected Strike","Dropkick"],"picked":"Armaments","floor":7},{"not_picked":["Sentinel","Bloodletting"],"picked":"Cleave","floor":10},{"not_picked":["Infernal Blade","Fire Breathing","Thunderclap"],"picked":"SKIP","floor":11},{"not_picked":["Shrug It Off","True Grit"],"picked":"Iron Wave","floor":14},{"not_picked":["Double Tap","Berserk"],"picked":"Reaper","floor":16},{"not_picked":["Pommel Strike","Anger+1","Havoc"],"picked":"SKIP","floor":18},{"not_picked":["Reckless Charge","Heavy Blade"],"picked":"True Grit","floor":19},{"not_picked":["Body Slam","Armaments","Pommel Strike"],"picked":"SKIP","floor":20},{"not_picked":["Blood for Blood","Fire Breathing","Clothesline"],"picked":"SKIP","floor":24},{"not_picked":["Uppercut","Clash+1"],"picked":"Exhume","floor":27},{"not_picked":["Intimidate","Warcry"],"picked":"Spot Weakness","floor":28},{"not_picked":["Clothesline","Clash"],"picked":"Rage","floor":29}],"player_experience":852458,"relics_obtained":[{"floor":7,"key":"Centennial Puzzle"},{"floor":9,"key":"Bag of Preparation"},{"floor":10,"key":"Whetstone"},{"floor":12,"key":"War Paint"},{"floor":14,"key":"Bag of Marbles"},{"floor":24,"key":"Bird Faced Urn"},{"floor":26,"key":"Anchor"},{"floor":27,"key":"Smiling Mask"},{"floor":29,"key":"Potion Belt"},{"floor":31,"key":"Nilry\u0027s Codex"}],"event_choices":[{"damage_healed":0,"gold_gain":0,"cards_transformed":["Strike_R"],"player_choice":"Transformed","damage_taken":0,"max_hp_gain":0,"max_hp_loss":0,"event_name":"Transmorgrifier","floor":4,"gold_loss":0,"cards_obtained":["Flex"]},{"damage_healed":0,"gold_gain":0,"player_choice":"Bought 1 Potion","damage_taken":0,"max_hp_gain":0,"max_hp_loss":0,"event_name":"The Woman in Blue","floor":13,"gold_loss":0},{"damage_healed":0,"gold_gain":50,"player_choice":"Stole From Cult","damage_taken":0,"max_hp_gain":0,"max_hp_loss":0,"event_name":"Nest","floor":21,"gold_loss":0},{"cards_removed":["Strike_R"],"damage_healed":0,"gold_gain":0,"player_choice":"Gave Gold","damage_taken":0,"max_hp_gain":0,"max_hp_loss":0,"event_name":"Beggar","floor":25,"gold_loss":75},{"damage_healed":0,"gold_gain":0,"player_choice":"Obtained Book","damage_taken":21,"max_hp_gain":0,"max_hp_loss":0,"event_name":"Cursed Tome","floor":31,"gold_loss":0}],"is_beta":false,"boss_relics":[{"not_picked":["Runic Cube","Orrery"],"picked":"Sozu"}],"items_purged_floors":[22,30],"is_endless":false,"potions_floor_spawned":[5,7,10,11,19,24,28,29],"killed_by":"Champ","ascension_level":18}