{"gold_per_floor":[115,134,84,99,110,110,143,159,159,36,55,55,67,86,86,186,186,205,216,234,245,276,276,295,295,322,322,336,50,50,69,69,174,174,192,202,222,239,249,249,269,269,293,293,293,293,393,68,68,68],"floor_reached":51,"playtime":3637,"items_purged":["Strike_G","Strike_G","Strike_G"],"score":607,"play_id":"f5ac0cc7-e0b5-4f74-8a99-bb189e961a47","local_time":"20190218010607","is_ascension_mode":false,"campfire_choices":[{"data":"Infinite Blades","floor":6,"key":"SMITH"},{"data":"Accuracy","floor":12,"key":"SMITH"},{"data":"Accuracy","floor":15,"key":"SMITH"},{"data":"Blade Dance","floor":23,"key":"SMITH"},{"data":"Blade Dance","floor":27,"key":"SMITH"},{"floor":32,"key":"REST"},{"floor":40,"key":"REST"},{"floor":42,"key":"REST"},{"data":"Panache","floor":44,"key":"SMITH"},{"data":"After Image","floor":49,"key":"SMITH"}],"neow_cost":"NONE","seed_source_timestamp":241237010166220,"circlet_count":0,"master_deck":["Defend_G","Defend_G","Defend_G","Defend_G","Defend_G","Strike_G","Survivor","Neutralize+1","Flying Knee","Sucker Punch","Infinite Blades+1","Prepared","Blade Dance+1","Backflip","Accuracy+1","Cloak And Dagger","Accuracy+1","Backflip","Storm of Steel","Blade Dance+1","After Image+1","Panache+1","A Thousand Cuts","Prepared+1","Doppelganger","Cloak And Dagger+1","Writhe"],"relics":["Ring of the Serpent","Pen Nib","Prayer Wheel","WristBlade","Red Mask","MutagenicStrength","Happy Flower","Bronze Scales","Lantern"],"potions_floor_usage":[7,16,16,22,33,33,38,39,41,50,50,50],"damage_taken":[{"damage":0,"enemies":"2 Louse","floor":1,"turns":4},{"damage":0,"enemies":"Jaw Worm","floor":2,"turns":7},{"damage":0,"enemies":"Small Slimes","floor":4,"turns":3},{"damage":4,"enemies":"2 Fungi Beasts","floor":5,"turns":5},{"damage":19,"enemies":"Gremlin Nob","floor":7,"turns":4},{"damage":4,"enemies":"Blue Slaver","floor":8,"turns":4},{"damage":1,"enemies":"Lots of Slimes","floor":11,"turns":4},{"damage":0,"enemies":"2 Fungi Beasts","floor":13,"turns":3},{"damage":1,"enemies":"Exordium Thugs","floor":14,"turns":3},{"damage":8,"enemies":"The Guardian","floor":16,"turns":5},{"damage":3,"enemies":"Shell Parasite","floor":18,"turns":8},{"damage":0,"enemies":"Chosen","floor":19,"turns":3},{"damage":1,"enemies":"3 Cultists","floor":20,"turns":4},{"damage":11,"enemies":"Snecko","floor":21,"turns":4},{"damage":11,"enemies":"Masked Bandits","floor":22,"turns":3},{"damage":3,"enemies":"Snake Plant","floor":24,"turns":4},{"damage":1,"enemies":"Cultist and Chosen","floor":28,"turns":4},{"damage":8,"enemies":"Centurion and Healer","floor":31,"turns":5},{"damage":21,"enemies":"Champ","floor":33,"turns":8},{"damage":4,"enemies":"Orb Walker","floor":35,"turns":3},{"damage":14,"enemies":"3 Shapes","floor":36,"turns":3},{"damage":14,"enemies":"Spire Growth","floor":37,"turns":4},{"damage":4,"enemies":"Jaw Worm Horde","floor":38,"turns":3},{"damage":18,"enemies":"Writhing Mass","floor":39,"turns":4},{"damage":2,"enemies":"4 Shapes","floor":41,"turns":4},{"damage":48,"enemies":"Time Eater","floor":50,"turns":7}],"seed_played":"5528384686550608611","potions_obtained":[{"floor":1,"key":"Strength Potion"},{"floor":4,"key":"SteroidPotion"},{"floor":5,"key":"Ancient Potion"},{"floor":14,"key":"FearPotion"},{"floor":16,"key":"Fire Potion"},{"floor":18,"key":"SteroidPotion"},{"floor":19,"key":"AttackPotion"},{"floor":22,"key":"Dexterity Potion"},{"floor":33,"key":"Strength Potion"},{"floor":35,"key":"Swift Potion"},{"floor":37,"key":"Block Potion"},{"floor":38,"key":"SpeedPotion"},{"floor":39,"key":"Poison Potion"}],"is_trial":false,"path_per_floor":["M","M","?","M","M","R","E","M","T","$","M","R","M","M","R","B",null,"M","M","M","M","?","R","M","?","T","R","M","$","?","M","R","B",null,"M","M","M","M","M","R","M","R","T","R","?","?","?","$","R","B",null],"character_chosen":"THE_SILENT","items_purchased":["Blade Dance","Panache","Lantern","Strength Potion"],"campfire_rested":3,"item_purchase_floors":[10,29,48,48],"current_hp_per_floor":[70,70,70,70,66,66,47,43,43,43,42,42,42,41,41,33,70,67,67,66,55,44,44,41,41,41,41,40,40,40,32,53,32,70,66,52,38,34,16,37,35,56,56,56,56,70,70,70,70,22],"gold":68,"neow_bonus":"UPGRADE_CARD","is_prod":false,"is_daily":false,"chose_seed":false,"campfire_upgraded":7,"win_rate":0,"timestamp":1550448367,"path_taken":["M","M","?","M","M","R","E","M","T","$","M","R","M","M","R","BOSS","M","M","M","M","?","R","M","?","T","R","M","$","?","M","R","BOSS","M","M","M","M","M","R","M","R","T","R","?","?","?","$","R","BOSS"],"build_version":"2019-01-23","purchased_purges":3,"victory":true,"max_hp_per_floor":[70,70,70,70,70,70,70,70,70,70,70,70,70,70,70,70,70,70,70,70,70,70,70,70,70,70,70,70,70,70,70,70,70,70,70,70,70,70,70,70,70,70,70,70,70,70,70,70,70,70],"card_choices":[{"not_picked":["Dash","Deflect","Expertise"],"picked":"SKIP","floor":1},{"not_picked":["Outmaneuver","Bane"],"picked":"Flying Knee","floor":2},{"not_picked":["Deadly Poison","Acrobatics"],"picked":"Sucker Punch","floor":4},{"not_picked":["Escape Plan","Sucker Punch"],"picked":"Infinite Blades","floor":5},{"not_picked":["Deadly Poison","Predator","Eviscerate"],"picked":"SKIP","floor":7},{"not_picked":["Catalyst","Poisoned Stab"],"picked":"Prepared","floor":8},{"not_picked":["Blade Dance","Acrobatics"],"picked":"Backflip","floor":11},{"not_picked":["Glass Knife","Acrobatics"],"picked":"Accuracy","floor":11},{"not_picked":["Flying Knee","Choke"],"picked":"Cloak And Dagger","floor":13},{"not_picked":["Flying Knee","Sucker Punch"],"picked":"Accuracy","floor":13},{"not_picked":["Poisoned Stab","Underhanded Strike"],"picked":"Backflip","floor":14},{"not_picked":["Outmaneuver","Dodge and Roll","Blur"],"picked":"SKIP","floor":14},{"not_picked":["Die Die Die","Burst"],"picked":"Storm of Steel","floor":16},{"not_picked":["Poisoned Stab","Footwork+1","Underhanded Strike+1"],"picked":"SKIP","floor":18},{"not_picked":["Expertise","Prepared","Flechettes+1"],"picked":"SKIP","floor":18},{"not_picked":["Underhanded Strike","Outmaneuver","Expertise"],"picked":"SKIP","floor":19},{"not_picked":["Bane","Backflip","Blur"],"picked":"SKIP","floor":19},{"not_picked":["PiercingWail+1","Poisoned Stab"],"picked":"Blade Dance","floor":20},{"not_picked":["Quick Slash","Acrobatics","Corpse Explosion"],"picked":"SKIP","floor":20},{"not_picked":["Bane","Backflip","Skewer+1"],"picked":"SKIP","floor":21},{"not_picked":["Slice","Infinite Blades","Flying Knee+1"],"picked":"SKIP","floor":21},{"not_picked":["Distraction","Blade Dance+1","Sucker Punch"],"picked":"SKIP","floor":24},{"not_picked":["Deadly Poison+1","Backflip","Terror"],"picked":"SKIP","floor":24},{"not_picked":["Underhanded Strike","Slice"],"picked":"After Image","floor":28},{"not_picked":["Deflect","Escape Plan","Noxious Fumes"],"picked":"SKIP","floor":28},{"not_picked":["Dagger Spray+1","PiercingWail","Blade Dance"],"picked":"SKIP","floor":31},{"not_picked":["Masterful Stab","Deflect","Noxious Fumes"],"picked":"SKIP","floor":31},{"not_picked":["Wraith Form v2","Storm of Steel"],"picked":"A Thousand Cuts","floor":33},{"not_picked":["Quick Slash","Noxious Fumes+1"],"picked":"Prepared+1","floor":35},{"not_picked":["Quick Slash","Poisoned Stab","Deflect"],"picked":"SKIP","floor":35},{"not_picked":["Cloak And Dagger","Well Laid Plans+1","Noxious Fumes"],"picked":"SKIP","floor":36},{"not_picked":["Flying Knee+1","Blur","Poisoned Stab"],"picked":"SKIP","floor":36},{"not_picked":["Acrobatics+1","Dagger Spray"],"picked":"Doppelganger","floor":37},{"not_picked":["Tactician+1","Dagger Throw+1","Flying Knee"],"picked":"SKIP","floor":37},{"not_picked":["All Out Attack+1","Noxious Fumes","Poisoned Stab+1"],"picked":"SKIP","floor":38},{"not_picked":["Blade Dance+1","Footwork+1","Sucker Punch+1"],"picked":"SKIP","floor":38},{"not_picked":["Footwork","Deflect+1"],"picked":"Cloak And Dagger+1","floor":39},{"not_picked":["Catalyst+1","Deadly Poison+1","Noxious Fumes"],"picked":"SKIP","floor":39},{"not_picked":["Blade Dance","Dodge and Roll","Backflip"],"picked":"SKIP","floor":41},{"not_picked":["Flechettes","Well Laid Plans","Prepared"],"picked":"SKIP","floor":41}],"player_experience":65546,"relics_obtained":[{"floor":7,"key":"Pen Nib"},{"floor":9,"key":"Prayer Wheel"},{"floor":22,"key":"Red Mask"},{"floor":26,"key":"Happy Flower"},{"floor":43,"key":"Bronze Scales"}],"event_choices":[{"cards_removed":["Strike_G"],"damage_healed":0,"gold_gain":0,"player_choice":"Card Removal","damage_taken":0,"max_hp_gain":0,"max_hp_loss":0,"event_name":"The Cleric","floor":3,"gold_loss":50},{"damage_healed":0,"gold_gain":0,"player_choice":"Fought Bandits","damage_taken":0,"max_hp_gain":0,"max_hp_loss":0,"event_name":"Masked Bandits","floor":22,"gold_loss":0},{"damage_healed":0,"gold_gain":0,"player_choice":"Inject Mutagens","damage_taken":0,"relics_obtained":["MutagenicStrength"],"max_hp_gain":0,"max_hp_loss":0,"event_name":"Drug Dealer","floor":25,"gold_loss":0},{"damage_healed":0,"gold_gain":0,"player_choice":"Ignored","damage_taken":0,"max_hp_gain":0,"max_hp_loss":0,"event_name":"Ghosts","floor":30,"gold_loss":0},{"damage_healed":0,"gold_gain":0,"player_choice":"Ignored","damage_taken":0,"max_hp_gain":0,"max_hp_loss":0,"event_name":"Mysterious Sphere","floor":45,"gold_loss":0},{"damage_healed":18,"gold_gain":0,"player_choice":"Writhe","damage_taken":0,"max_hp_gain":0,"max_hp_loss":0,"event_name":"Winding Halls","floor":46,"gold_loss":0,"cards_obtained":["Writhe"]},{"damage_healed":0,"gold_gain":100,"player_choice":"Pray","damage_taken":0,"max_hp_gain":0,"max_hp_loss":0,"event_name":"Golden Shrine","floor":47,"gold_loss":0}],"is_beta":false,"boss_relics":[{"not_picked":["Orrery","Runic Dome"],"picked":"WristBlade"},{"not_picked":["Philosopher\u0027s Stone","Velvet Choker"],"picked":"Ring of the Serpent"}],"items_purged_floors":[10,29,48],"is_endless":false,"potions_floor_spawned":[1,4,5,14,16,18,19,20,22,33,35,37,38,39],"ascension_level":0}