{"path_per_floor":["M","?","$","M","?","E","M","M","T","R","E","M","$","M","R","B",null,"M","?","?","?","M","R","?","E","T","M","?","M","$","T","R","B",null,"M","?","?","M","$","R","E","M","T","?","M","E","M","?","R"],"character_chosen":"DEFECT","items_purchased":[],"gold_per_floor":[19,19,19,33,33,62,78,62,85,85,114,125,50,69,69,167,167,187,187,222,222,209,209,134,159,159,177,177,195,95,95,95,191,191,204,204,204,223,98,98,127,143,143,143,160,194,212,212,212,212],"floor_reached":50,"campfire_rested":2,"playtime":2742,"item_purchase_floors":[],"current_hp_per_floor":[74,74,74,71,71,54,54,44,44,44,28,28,28,26,26,19,75,72,72,70,70,70,70,70,66,66,61,61,61,61,61,61,9,75,66,68,68,44,44,68,29,29,29,29,31,30,32,55,82,0],"items_purged":["Defend_B","Strike_B","Defend_B"],"gold":212,"score":580,"play_id":"97e8170a-98a9-4f41-87ea-7e1309df4d1b","local_time":"20180603223221","is_prod":false,"is_daily":false,"chose_seed":false,"is_ascension_mode":false,"campfire_upgraded":4,"win_rate":0,"timestamp":1528090341,"campfire_choices":[{"data":"Zap","floor":10,"key":"SMITH"},{"data":"Glacier","floor":15,"key":"SMITH"},{"data":"Doom and Gloom","floor":23,"key":"SMITH"},{"data":"Defend_B","floor":32,"key":"SMITH"},{"floor":40,"key":"REST"},{"floor":49,"key":"REST"}],"path_taken":["M","?","?","M","?","E","?","M","T","R","E","M","?","M","R","BOSS","M","?","?","?","M","R","?","E","T","M","?","M","$","?","R","BOSS","M","?","?","M","$","R","E","M","T","?","?","E","M","?","R","BOSS"],"build_version":"2018-05-30v2","seed_source_timestamp":546903492039650,"purchased_purges":3,"victory":false,"master_deck":["Defend_B","Defend_B+1","Zap+1","Dualcast+1","Glacier+1","Thunder Strike+1","Writhe"],"max_hp_per_floor":[75,75,75,75,75,75,75,75,75,75,75,75,75,75,75,75,75,75,75,75,75,75,75,75,75,75,75,75,75,75,75,75,75,75,77,79,79,81,81,81,83,85,85,85,87,89,91,91,91,91],"relics":["Cracked Core","Turnip","Vajra","Bronze Scales","Ancient Tea Set","Runic Dome","Red Mask","Matryoshka","Happy Flower","Molten Egg 2","Singing Bowl","Girya","Inserter","Bird Faced Urn","Toolbox","Dodecahedron"],"card_choices":[{"not_picked":["Redo","Sweeping Beam","Compile Driver"],"picked":"SKIP","floor":1},{"not_picked":["Cold Snap","Steam"],"picked":"Glacier","floor":4},{"not_picked":["Force Field","Sweeping Beam","Reboot"],"picked":"SKIP","floor":6},{"not_picked":["Self Repair","Turbo","Hello World"],"picked":"SKIP","floor":7},{"not_picked":["BootSequence","Force Field","Sunder"],"picked":"SKIP","floor":8},{"not_picked":["Beam Cell","Stack","Static Discharge"],"picked":"SKIP","floor":11},{"not_picked":["Rebound","Barrage","Ball Lightning"],"picked":"SKIP","floor":12},{"not_picked":["Loop","Compile Driver","Beam Cell"],"picked":"SKIP","floor":14},{"not_picked":["Double Energy+1","Turbo","Lockon+1"],"picked":"SKIP","floor":18},{"not_picked":["Double Energy+1","Turbo","Lockon+1"],"picked":"SKIP","floor":18},{"not_picked":["Go for the Eyes","Stack+1","Doom and Gloom"],"picked":"SKIP","floor":22},{"not_picked":["Go for the Eyes","Stack+1"],"picked":"Doom and Gloom","floor":22},{"not_picked":["Go for the Eyes+1","Conserve Battery","Sunder"],"picked":"SKIP","floor":25},{"not_picked":["Sweeping Beam+1","Meteor Strike+1","Reprogram"],"picked":"SKIP","floor":27},{"not_picked":["FTL+1","Hologram","Rebound+1"],"picked":"SKIP","floor":29},{"not_picked":["Rainbow","Meteor Strike+1"],"picked":"Thunder Strike+1","floor":33},{"not_picked":["Auto Shields+1","Streamline+1","Leap"],"picked":"Singing Bowl","floor":35},{"not_picked":["Transmutation","Magnetism","Thinking Ahead"],"picked":"Singing Bowl","floor":36},{"not_picked":["Compile Driver+1","Coolheaded","Melter+1"],"picked":"Singing Bowl","floor":38},{"not_picked":["Multi-Cast","Compile Driver+1","Steam"],"picked":"Singing Bowl","floor":41},{"not_picked":["Chill+1","Sweeping Beam+1","Static Discharge"],"picked":"Singing Bowl","floor":42},{"not_picked":["Ball Lightning+1","Go for the Eyes+1","Melter+1"],"picked":"Singing Bowl","floor":45},{"not_picked":["Streamline+1","Hello World+1","Double Energy+1"],"picked":"Singing Bowl","floor":46},{"not_picked":["Go for the Eyes+1","Turbo+1","Chill"],"picked":"Singing Bowl","floor":47}],"player_experience":1759698,"potions_floor_usage":[11,16,20,20,33,33,38,46,46],"damage_taken":[{"damage":1,"enemies":"2 Louse","floor":1,"turns":2},{"damage":3,"enemies":"Small Slimes","floor":4,"turns":3},{"damage":17,"enemies":"3 Sentries","floor":6,"turns":14},{"damage":0,"enemies":"Cultist","floor":7,"turns":3},{"damage":10,"enemies":"Exordium Thugs","floor":8,"turns":4},{"damage":16,"enemies":"Gremlin Nob","floor":11,"turns":5},{"damage":0,"enemies":"Large Slime","floor":12,"turns":5},{"damage":2,"enemies":"Exordium Wildlife","floor":14,"turns":2},{"damage":7,"enemies":"The Guardian","floor":16,"turns":14},{"damage":3,"enemies":"Chosen","floor":18,"turns":5},{"damage":2,"enemies":"Masked Bandits","floor":20,"turns":7},{"damage":0,"enemies":"2 Thieves","floor":22,"turns":4},{"damage":4,"enemies":"Book of Stabbing","floor":25,"turns":5},{"damage":5,"enemies":"Centurion and Healer","floor":27,"turns":7},{"damage":0,"enemies":"Snake Plant","floor":29,"turns":4},{"damage":52,"enemies":"Automaton","floor":33,"turns":14},{"damage":11,"enemies":"3 Darklings","floor":35,"turns":4},{"damage":26,"enemies":"3 Shapes","floor":38,"turns":4},{"damage":41,"enemies":"Giant Head","floor":41,"turns":8},{"damage":2,"enemies":"Spire Growth","floor":42,"turns":9},{"damage":0,"enemies":"Transient","floor":45,"turns":5},{"damage":5,"enemies":"2 Orb Walkers","floor":46,"turns":4},{"damage":0,"enemies":"3 Darklings","floor":47,"turns":6},{"damage":102,"enemies":"Donu and Deca","floor":50,"turns":8}],"relics_obtained":[{"floor":6,"key":"Vajra"},{"floor":9,"key":"Bronze Scales"},{"floor":11,"key":"Ancient Tea Set"},{"floor":20,"key":"Red Mask"},{"floor":25,"key":"Matryoshka"},{"floor":26,"key":"Happy Flower"},{"floor":26,"key":"Molten Egg 2"},{"floor":31,"key":"Singing Bowl"},{"floor":31,"key":"Girya"},{"floor":41,"key":"Bird Faced Urn"},{"floor":43,"key":"Toolbox"},{"floor":46,"key":"Dodecahedron"}],"event_choices":[{"event_name":"Living Wall","player_choice":"Forget","floor":2,"damage_taken":0},{"event_name":"The Cleric","player_choice":"Leave","floor":5,"damage_taken":0},{"event_name":"Purifier","player_choice":"One Purge","floor":19,"damage_taken":0},{"event_name":"Masked Bandits","player_choice":"Fought over 187 gold","floor":20,"damage_taken":0},{"event_name":"Drug Dealer","player_choice":"Ignored","floor":21,"damage_taken":0},{"event_name":"Beggar","player_choice":"Gave Gold","floor":24,"damage_taken":0},{"event_name":"Addict","player_choice":"Ignored","floor":28,"damage_taken":0},{"event_name":"SensoryStone","player_choice":"Memory 1","floor":36,"damage_taken":0},{"event_name":"Upgrade Shrine","player_choice":"Upgraded","floor":44,"damage_taken":0},{"event_name":"Winding Halls","player_choice":"Writhe","floor":48,"damage_taken":0}],"boss_relics":[{"not_picked":["Cursed Key","Nuclear Battery"],"picked":"Runic Dome"},{"not_picked":["Astrolabe","Pandora\u0027s Box"],"picked":"Inserter"}],"items_purged_floors":[13,30,39],"potions_floor_spawned":[6,7,8,16,18,22,33,38,41,42],"seed_played":"3589568389150556567","killed_by":"Donu and Deca","ascension_level":0,"potions_obtained":[{"floor":6,"key":"EssenceOfSteel"},{"floor":7,"key":"PowerPotion"},{"floor":8,"key":"FocusPotion"},{"floor":16,"key":"Strength Potion"},{"floor":18,"key":"SneckoOil"},{"floor":22,"key":"FocusPotion"},{"floor":33,"key":"Explosive Potion"},{"floor":38,"key":"Explosive Potion"},{"floor":41,"key":"SkillPotion"},{"floor":42,"key":"Swift Potion"}],"is_trial":false}