{"path_per_floor":["M","M","M","M","M","E","R","M","T","?","?","M","M","M","R","B",null,"M","M","M","?","M","E","R","?","T"],"character_chosen":"IRONCLAD","items_purchased":[],"gold_per_floor":[109,119,133,151,168,202,202,215,215,215,215,228,241,259,259,354,354,372,385,395,395,411,441,441,366,391],"floor_reached":27,"campfire_rested":1,"playtime":5239,"current_hp_per_floor":[80,76,80,55,59,33,33,35,35,19,19,25,30,30,54,45,80,61,71,66,56,56,29,29,29,29],"items_purged":[],"gold":391,"score":267,"play_id":"0cc584cc-8bef-478e-bde0-90f67fb98715","is_prod":false,"is_daily":false,"is_ascension_mode":false,"campfire_upgraded":2,"path_taken":["M","M","M","M","M","E","R","M","T","?","?","M","M","M","R","BOSS","M","M","M","?","M","E","R","?","T","E"],"build_version":"2018-02-15-PROD1","purchased_purges":0,"victory":false,"master_deck":["Defend_R","Defend_R","Defend_R+1","Defend_R+1","Bash","Fiend Fire","Corruption","Perfected Strike","Pommel Strike+1","Iron Wave","Shockwave+1","Clash","Headbutt+1","Feel No Pain+1","Bash","Cleave","Bloodletting","Clash","Clash","Reaper","Infernal Blade","Burning Pact","Shrug It Off","Bite","Bite","Bite","Bite","Bite","Iron Wave+1","Uppercut+1"],"max_hp_per_floor":[80,80,80,80,80,80,80,80,80,80,80,80,80,80,80,80,80,80,80,80,56,56,56,56,56,56],"relics":["Burning Blood","War Paint","Torii","Black Star","Centennial Puzzle","Shuriken","Blood Vial"],"card_choices":[{"not_picked":["Bludgeon","Offering"],"picked":"Fiend Fire"},{"not_picked":["Armaments","Intimidate"],"picked":"Corruption"},{"not_picked":["Thunderclap","Rupture"],"picked":"Perfected Strike"},{"not_picked":["Clothesline","Sword Boomerang"],"picked":"Pommel Strike"},{"not_picked":["Impervious","Sword Boomerang"],"picked":"Iron Wave"},{"not_picked":["Searing Blow","Anger"],"picked":"Shockwave"},{"not_picked":["Corruption","True Grit"],"picked":"Clash"},{"not_picked":["Clash","Pummel"],"picked":"Headbutt"},{"not_picked":["Blood for Blood","Sword Boomerang"],"picked":"Bloodletting"},{"not_picked":["Body Slam","Thunderclap"],"picked":"Clash"},{"not_picked":["Rampage","Body Slam"],"picked":"Clash"},{"not_picked":["Bludgeon","Brutality"],"picked":"Reaper"},{"not_picked":["True Grit","Hemokinesis"],"picked":"Infernal Blade"},{"not_picked":["Reckless Charge","Whirlwind"],"picked":"Burning Pact"},{"not_picked":["Clash","Sever Soul"],"picked":"Shrug It Off"},{"not_picked":["Flex","Whirlwind"],"picked":"Iron Wave"},{"not_picked":["Sword Boomerang","Bloodletting"],"picked":"Uppercut"}],"player_experience":4811,"potions_floor_usage":[27,27],"damage_taken":[{"damage":0.0,"enemies":"Cultist","floor":1.0,"turns":3.0},{"damage":10.0,"enemies":"Small Slimes","floor":2.0,"turns":2.0},{"damage":1.0,"enemies":"Jaw Worm","floor":3.0,"turns":3.0},{"damage":31.0,"enemies":"Lots of Slimes","floor":4.0,"turns":6.0},{"damage":2.0,"enemies":"Blue Slaver","floor":5.0,"turns":3.0},{"damage":32.0,"enemies":"3 Sentries","floor":6.0,"turns":7.0},{"damage":4.0,"enemies":"Exordium Wildlife","floor":8.0,"turns":3.0},{"damage":0.0,"enemies":"Looter","floor":12.0,"turns":4.0},{"damage":1.0,"enemies":"3 Louse","floor":13.0,"turns":3.0},{"damage":6.0,"enemies":"Exordium Wildlife","floor":14.0,"turns":3.0},{"damage":15.0,"enemies":"Hexaghost","floor":16.0,"turns":8.0},{"damage":31.0,"enemies":"3 Byrds","floor":18.0,"turns":7.0},{"damage":0.0,"enemies":"Chosen","floor":19.0,"turns":6.0},{"damage":11.0,"enemies":"Snecko","floor":20.0,"turns":4.0},{"damage":9.0,"enemies":"Snake Plant","floor":22.0,"turns":6.0},{"damage":45.0,"enemies":"Book of Stabbing","floor":23.0,"turns":10.0},{"damage":34,"enemies":"Gremlin Leader","floor":27,"turns":4}],"event_choices":[{"event_name":"Shining Light","player_choice":"Entered Light","floor":10.0,"damage_taken":0.0},{"event_name":"Match and Keep!","player_choice":"3 cards matched","floor":11.0,"damage_taken":0.0},{"event_name":"Match and Keep!","player_choice":"3 cards matched","floor":11.0,"damage_taken":0.0},{"event_name":"Vampires","player_choice":"Became a vampire","floor":21.0,"damage_taken":0.0},{"event_name":"Beggar","player_choice":"Gave Gold","floor":25,"damage_taken":0}],"boss_relics":[],"potions_floor_spawned":[3,4,6,14,20],"seed_played":"7166450033808961174","killed_by":"Gremlin Leader","ascension_level":0,"is_trial":false}