{"gold_per_floor":[109,125,139,10,10,15,41,52,52,52,70,70,70,70,70,167,167,185,32,48,48,48,77,77,88,88,103,103,114,39,49,49,49],"floor_reached":33,"playtime":2342,"items_purged":["Strike_B"],"score":424,"play_id":"eba5b3cc-70d7-4da7-85dd-1d482318805f","local_time":"20190222164631","is_ascension_mode":true,"campfire_choices":[{"data":"White Noise","floor":10,"key":"SMITH"},{"data":"Loop","floor":12,"key":"SMITH"},{"floor":15,"key":"REST"},{"floor":24,"key":"REST"},{"floor":28,"key":"REST"},{"floor":32,"key":"REST"}],"neow_cost":"NONE","seed_source_timestamp":644549779036284,"circlet_count":0,"master_deck":["Strike_B","Strike_B","Strike_B","Defend_B","Defend_B","Defend_B","Defend_B","Zap+1","Dualcast","Cold Snap","Coolheaded","Loop+1","White Noise+1","Ball Lightning","Biased Cognition","Conserve Battery","Core Surge","Hologram+1","Storm+1","BootSequence","Self Repair+1"],"relics":["FrozenCore","Art of War","Vajra","Ornamental Fan","Oddly Smooth Stone","Gremlin Horn","Pear"],"potions_floor_usage":[16,16,16,23,23,27,31],"damage_taken":[{"damage":4,"enemies":"2 Louse","floor":1,"turns":2},{"damage":0,"enemies":"Cultist","floor":2,"turns":3},{"damage":0,"enemies":"Small Slimes","floor":3,"turns":2},{"damage":9,"enemies":"Exordium Thugs","floor":6,"turns":4},{"damage":11,"enemies":"3 Sentries","floor":7,"turns":7},{"damage":0,"enemies":"Large Slime","floor":8,"turns":3},{"damage":0,"enemies":"2 Fungi Beasts","floor":11,"turns":3},{"damage":0,"enemies":"Slime Boss","floor":16,"turns":4},{"damage":5,"enemies":"Chosen","floor":18,"turns":5},{"damage":10,"enemies":"Shell Parasite","floor":20,"turns":6},{"damage":41,"enemies":"Slavers","floor":23,"turns":5},{"damage":37,"enemies":"3 Cultists","floor":25,"turns":7},{"damage":3,"enemies":"Sentry and Sphere","floor":27,"turns":4},{"damage":2,"enemies":"Centurion and Healer","floor":29,"turns":6},{"damage":18,"enemies":"Snake Plant","floor":31,"turns":5},{"damage":80,"enemies":"Collector","floor":33,"turns":7}],"seed_played":"-132750917730744456","potions_obtained":[{"floor":1,"key":"PowerPotion"},{"floor":3,"key":"Dexterity Potion"},{"floor":7,"key":"FocusPotion"},{"floor":18,"key":"Energy Potion"},{"floor":20,"key":"PowerPotion"},{"floor":25,"key":"SteroidPotion"},{"floor":31,"key":"Fruit Juice"}],"is_trial":false,"path_per_floor":["M","M","M","$","?","M","E","M","T","R","M","R","$","$","R","B",null,"M","$","M","?","?","E","R","M","T","M","R","M","$","M","R","B"],"character_chosen":"DEFECT","items_purchased":["White Noise","Weak Potion","Oddly Smooth Stone"],"campfire_rested":4,"item_purchase_floors":[4,4,19],"current_hp_per_floor":[71,71,71,71,71,62,51,51,51,51,51,51,51,51,73,73,75,70,70,60,60,60,19,41,4,14,11,36,34,34,21,48,0],"gold":49,"neow_bonus":"RANDOM_COMMON_RELIC","is_prod":false,"is_daily":false,"chose_seed":false,"campfire_upgraded":2,"win_rate":0,"timestamp":1550850391,"path_taken":["M","M","M","$","?","M","E","M","T","R","M","R","?","$","R","BOSS","M","$","M","?","?","E","R","M","T","M","R","M","$","?","R","BOSS"],"build_version":"2019-01-23","purchased_purges":1,"victory":false,"max_hp_per_floor":[75,75,75,75,75,75,75,75,75,75,75,75,75,75,75,75,75,75,75,75,75,75,75,75,75,85,85,85,85,85,90,90,90],"card_choices":[{"not_picked":["Compile Driver","Rebound"],"picked":"Cold Snap","floor":1},{"not_picked":["Reprogram","Steam"],"picked":"Coolheaded","floor":2},{"not_picked":["Barrage","Rebound"],"picked":"Loop","floor":3},{"not_picked":["Hologram","Sweeping Beam"],"picked":"Ball Lightning","floor":6},{"not_picked":["Conserve Battery","Multi-Cast"],"picked":"Biased Cognition","floor":7},{"not_picked":["Go for the Eyes","Compile Driver","Darkness"],"picked":"SKIP","floor":8},{"not_picked":["Rebound","Coolheaded"],"picked":"Conserve Battery","floor":11},{"not_picked":["Fission","Meteor Strike"],"picked":"Core Surge","floor":16},{"not_picked":["Ball Lightning","Blizzard+1","Cold Snap"],"picked":"SKIP","floor":18},{"not_picked":["Turbo","FTL"],"picked":"Hologram+1","floor":20},{"not_picked":["Redo","Reinforced Body","Go for the Eyes"],"picked":"SKIP","floor":23},{"not_picked":["Leap+1","Skim"],"picked":"Storm+1","floor":25},{"not_picked":["Cold Snap","Consume"],"picked":"BootSequence","floor":27},{"not_picked":["Gash","Lockon","Turbo+1"],"picked":"SKIP","floor":29},{"not_picked":["Sweeping Beam","Streamline"],"picked":"Self Repair+1","floor":31}],"player_experience":352812,"relics_obtained":[{"floor":7,"key":"Vajra"},{"floor":9,"key":"Ornamental Fan"},{"floor":23,"key":"Gremlin Horn"},{"floor":26,"key":"Pear"}],"event_choices":[{"damage_healed":0,"gold_gain":0,"player_choice":"Upgraded","damage_taken":0,"max_hp_gain":0,"max_hp_loss":0,"event_name":"Upgrade Shrine","floor":5,"gold_loss":0,"cards_upgraded":["Zap"]},{"damage_healed":0,"gold_gain":0,"player_choice":"Ignored","damage_taken":0,"max_hp_gain":0,"max_hp_loss":0,"event_name":"Beggar","floor":22,"gold_loss":0}],"is_beta":false,"boss_relics":[{"not_picked":["Runic Dome","Runic Pyramid"],"picked":"FrozenCore"}],"items_purged_floors":[30],"is_endless":false,"potions_floor_spawned":[1,3,7,18,20,25,31],"killed_by":"Collector","ascension_level":5}