{"gold_per_floor":[109,126,126,145,159,159,192,192,192,48,48,48,68,98,98,98],"floor_reached":16,"playtime":2619,"items_purged":["Defend_R"],"score":163,"play_id":"dca29065-596b-48bf-854e-d82c33709cd4","local_time":"20190222203819","is_ascension_mode":true,"campfire_choices":[{"data":"Flame Barrier","floor":6,"key":"SMITH"},{"data":"Pommel Strike","floor":8,"key":"SMITH"},{"data":"Metallicize","floor":12,"key":"SMITH"},{"data":"Heavy Blade","floor":15,"key":"SMITH"}],"neow_cost":"NONE","seed_source_timestamp":658188050479823,"circlet_count":0,"master_deck":["Strike_R","Strike_R","Strike_R","Strike_R","Strike_R","Defend_R","Defend_R","Defend_R","Bash+1","Spot Weakness+1","Flame Barrier+1","Shrug It Off","Pommel Strike+1","Metallicize+1","Clothesline","Heavy Blade+1"],"relics":["Burning Blood","Omamori","Paper Frog","Mango"],"potions_floor_usage":[7,7,13,15],"damage_taken":[{"damage":7,"enemies":"Small Slimes","floor":1,"turns":4},{"damage":7,"enemies":"Jaw Worm","floor":2,"turns":4},{"damage":1,"enemies":"Cultist","floor":4,"turns":3},{"damage":6,"enemies":"Red Slaver","floor":5,"turns":4},{"damage":12,"enemies":"3 Sentries","floor":7,"turns":6},{"damage":6,"enemies":"Gremlin Gang","floor":13,"turns":5},{"damage":8,"enemies":"Lagavulin","floor":14,"turns":7},{"damage":94,"enemies":"Slime Boss","floor":16,"turns":13}],"seed_played":"-6312863191212073823","potions_obtained":[{"floor":1,"key":"Explosive Potion"},{"floor":2,"key":"Swift Potion"},{"floor":7,"key":"FearPotion"},{"floor":14,"key":"Fruit Juice"}],"is_trial":false,"path_per_floor":["M","M","?","M","M","R","E","R","T","$","$","R","M","E","R","B"],"character_chosen":"IRONCLAD","items_purchased":["Metallicize"],"campfire_rested":0,"item_purchase_floors":[10],"current_hp_per_floor":[79,78,78,80,80,80,74,74,74,74,74,74,74,86,91,0],"gold":98,"neow_bonus":"UPGRADE_CARD","is_prod":false,"is_daily":false,"chose_seed":false,"campfire_upgraded":4,"win_rate":0,"timestamp":1550864299,"path_taken":["M","M","?","M","M","R","E","R","T","?","$","R","M","E","R","BOSS"],"build_version":"2019-01-23","purchased_purges":1,"victory":false,"max_hp_per_floor":[80,80,80,80,80,80,80,80,80,80,80,80,80,94,99,99],"card_choices":[{"not_picked":["Sentinel","Clash"],"picked":"Spot Weakness","floor":1},{"not_picked":["Pummel","Thunderclap"],"picked":"Flame Barrier","floor":2},{"not_picked":["Wild Strike","Clothesline"],"picked":"Shrug It Off","floor":4},{"not_picked":["Body Slam","Shrug It Off","Flame Barrier"],"picked":"SKIP","floor":5},{"not_picked":["Dual Wield","Flex"],"picked":"Pommel Strike","floor":7},{"not_picked":["Intimidate","Warcry"],"picked":"Clothesline","floor":13},{"not_picked":["Blood for Blood","Searing Blow"],"picked":"Heavy Blade","floor":14}],"player_experience":361940,"relics_obtained":[{"floor":7,"key":"Omamori"},{"floor":9,"key":"Paper Frog"},{"floor":14,"key":"Mango"}],"event_choices":[{"damage_healed":0,"gold_gain":0,"player_choice":"Grow","damage_taken":0,"max_hp_gain":0,"max_hp_loss":0,"event_name":"Living Wall","floor":3,"gold_loss":0,"cards_upgraded":["Spot Weakness"]}],"is_beta":false,"boss_relics":[],"items_purged_floors":[10],"is_endless":false,"potions_floor_spawned":[1,2,7,14],"killed_by":"Slime Boss","ascension_level":5}