{"path_per_floor":["M","M","$","M","M","R","E","?","T","R","M","?","E","M","R","B",null,"M","M","?","$","M","R","E","R","T","M","M","R","E","M","R","B",null,"M","M","$","M","?","E","R","E","T","?","R","M","?","E","R","B"],"character_chosen":"THE_SILENT","items_purchased":["Leg Sweep","PiercingWail","Kunai","Acrobatics"],"gold_per_floor":[114,125,24,39,59,59,90,90,113,113,127,127,152,163,163,259,259,269,284,284,37,49,49,80,80,80,94,110,110,135,149,149,246,246,263,276,156,174,174,205,205,234,234,234,234,251,303,329,329,329],"floor_reached":51,"campfire_rested":0,"playtime":5690,"current_hp_per_floor":[54,50,50,50,49,49,46,46,46,46,46,39,39,39,39,25,59,59,42,42,42,49,49,45,45,45,48,49,49,49,49,49,44,48,49,49,49,49,49,35,35,47,47,41,41,49,51,51,51,51],"items_purged":["Defend_G"],"gold":329,"score":1081,"play_id":"8490adfe-e8aa-40eb-a90b-14814fa698a6","is_prod":false,"is_daily":false,"is_ascension_mode":true,"campfire_upgraded":10,"path_taken":["M","M","$","?","M","R","E","?","T","R","M","?","E","M","R","BOSS","M","M","?","$","?","R","E","R","T","?","M","R","E","M","R","BOSS","M","M","$","M","?","E","R","E","T","?","R","M","?","E","R","BOSS"],"build_version":"2018-02-08-BETA1","purchased_purges":1,"victory":true,"master_deck":["Defend_G","Defend_G","Defend_G","Defend_G+1","Survivor","Neutralize+1","Backstab","Deadly Poison+1","Leg Sweep","PiercingWail","Dodge and Roll","Catalyst+1","Blur","Acrobatics+1","Noxious Fumes+1","Backflip","Tactician+1","Deadly Poison+1","Calculated Gamble+1","Bite","Bite","Bite","Bite","Footwork+1","Dodge and Roll+1","Clumsy","Backflip+1","Prepared+1","After Image+1","Well Laid Plans+1","Acrobatics+1","Catalyst+1","Blur","Catalyst+1","Madness","Madness","Acrobatics+1","Catalyst+1"],"max_hp_per_floor":[70,70,70,70,70,70,70,70,70,70,70,70,70,70,70,70,70,70,70,49,49,49,49,49,49,49,49,49,49,49,49,49,49,49,49,49,49,49,49,49,49,49,49,49,49,49,51,51,51,51],"relics":["Ring of the Snake","Ninja Scroll","Blue Candle","Art of War","Dream Catcher","Cursed Key","Kunai","Gremlin Horn","Blood Vial","War Paint","Black Star","Oddly Smooth Stone","Orichalcum","Singing Bowl","Juzu Bracelet","Gambling Chip","Vajra","Prayer Wheel"],"card_choices":[{"not_picked":["Terror","Skewer"],"picked":"Backstab"},{"not_picked":["Reflex","Outmaneuver"],"picked":"Deadly Poison"},{"not_picked":["Dagger Throw","Venomology"],"picked":"Dodge and Roll"},{"not_picked":["Underhanded Strike","Bane"],"picked":"Catalyst"},{"not_picked":["Outmaneuver","Glass Knife"],"picked":"Blur"},{"not_picked":["Masterful Stab","Prepared"],"picked":"Acrobatics"},{"not_picked":["Leg Sweep","Bouncing Flask"],"picked":"Noxious Fumes"},{"not_picked":["Backstab","Flechettes"],"picked":"Backflip"},{"not_picked":["Unload","Corpse Explosion"],"picked":"Tactician"},{"not_picked":["Finisher","Prepared"],"picked":"Deadly Poison"},{"not_picked":["Acrobatics","Underhanded Strike"],"picked":"Calculated Gamble"},{"not_picked":["Choke","Predator"],"picked":"Footwork"},{"not_picked":["PiercingWail","Heel Hook"],"picked":"Dodge and Roll"},{"not_picked":["Bane","Noxious Fumes"],"picked":"Backflip"},{"not_picked":["Flechettes","Dagger Spray"],"picked":"Prepared"},{"not_picked":["Unload","Wraith Form"],"picked":"After Image"},{"not_picked":["Accuracy","Dagger Spray"],"picked":"Well Laid Plans"},{"not_picked":["Slice","Accuracy"],"picked":"Catalyst"},{"not_picked":["Dodge and Roll","Quick Slash"],"picked":"Blur"},{"not_picked":["Blade Dance","Venomology"],"picked":"Catalyst"},{"not_picked":["Dagger Spray","Dash"],"picked":"Acrobatics"},{"not_picked":["Riddle With Holes","Footwork"],"picked":"Catalyst"}],"player_experience":101505,"potions_floor_usage":[7,13,22,24,30,40,50,50],"damage_taken":[{"damage":9,"enemies":"Blue Slaver","floor":1,"turns":6},{"damage":4,"enemies":"Small Slimes","floor":2,"turns":3},{"damage":0,"enemies":"2 Louse","floor":4,"turns":3},{"damage":1,"enemies":"Exordium Thugs","floor":5,"turns":8},{"damage":3,"enemies":"Lagavulin","floor":7,"turns":8},{"damage":0,"enemies":"Looter","floor":11,"turns":3},{"damage":0,"enemies":"Gremlin Nob","floor":13,"turns":3},{"damage":0,"enemies":"Exordium Wildlife","floor":14,"turns":3},{"damage":14,"enemies":"The Guardian","floor":16,"turns":7},{"damage":0,"enemies":"Shell Parasite","floor":18,"turns":5},{"damage":17,"enemies":"Chosen","floor":19,"turns":6},{"damage":2,"enemies":"Centurion and Healer","floor":22,"turns":7},{"damage":14,"enemies":"Gremlin Leader","floor":24,"turns":7},{"damage":5,"enemies":"Cultist and Chosen","floor":27,"turns":7},{"damage":12,"enemies":"Slaver and Parasite","floor":28,"turns":8},{"damage":0,"enemies":"Book of Stabbing","floor":30,"turns":5},{"damage":0,"enemies":"3 Cultists","floor":31,"turns":5},{"damage":13,"enemies":"Automaton","floor":33,"turns":9},{"damage":0,"enemies":"3 Shapes","floor":35,"turns":8},{"damage":0,"enemies":"3 Darklings","floor":36,"turns":8},{"damage":3,"enemies":"Flame Bruiser 2 Orb","floor":38,"turns":5},{"damage":25,"enemies":"2 Orb Walkers","floor":40,"turns":8},{"damage":0,"enemies":"Giant Head","floor":42,"turns":6},{"damage":0,"enemies":"4 Shapes","floor":46,"turns":6},{"damage":4,"enemies":"Mysterious Sphere","floor":47,"turns":6},{"damage":0,"enemies":"Nemesis","floor":48,"turns":4},{"damage":0,"enemies":"Time Eater","floor":50,"turns":6}],"event_choices":[{"event_name":"Dead Adventurer","player_choice":"Searched \u00271\u0027 times","floor":8,"damage_taken":0},{"event_name":"Golden Wing","player_choice":"Card Removal","floor":12,"damage_taken":0},{"event_name":"Vampires","player_choice":"Became a vampire","floor":20,"damage_taken":0},{"event_name":"Winding Halls","player_choice":"Embrace Madness","floor":44,"damage_taken":0},{"event_name":"Mysterious Sphere","player_choice":"Fight","floor":47,"damage_taken":0}],"boss_relics":[{"not_picked":["Eternal Feather","Philosopher\u0027s Stone"],"picked":"Cursed Key"},{"not_picked":["Pandora\u0027s Box","Lizard Tail"],"picked":"Black Star"}],"potions_floor_spawned":[1,2,7,13,14,16,27,28,30,36,46,48],"seed_played":"8404301436930123156","ascension_level":7,"is_trial":false}