{"gold_per_floor":[119,40,40,54,54,54,84,101,127,139,101,134,146,175,187,199],"floor_reached":16,"playtime":876,"items_purged":[],"score":132,"play_id":"c93b4bae-8364-4526-900f-f13adda1b9b7","local_time":"20190222142120","is_ascension_mode":true,"campfire_choices":[{"data":"Dagger Spray","floor":6,"key":"SMITH"},{"floor":10,"key":"REST"},{"data":"Neutralize","floor":13,"key":"SMITH"},{"floor":15,"key":"REST"}],"neow_cost":"NONE","seed_source_timestamp":3349965785807303,"circlet_count":0,"master_deck":["Defend_G","Defend_G","Defend_G","Defend_G","Defend_G","Strike_G","Strike_G","Strike_G","Strike_G","Survivor","Neutralize+1","Leg Sweep","All Out Attack","Dagger Spray+1","Blur","Dodge and Roll","Leg Sweep"],"relics":["Ring of the Snake","Bag of Preparation","MawBank","Odd Mushroom"],"potions_floor_usage":[12,16,16],"damage_taken":[{"damage":1,"enemies":"Small Slimes","floor":1,"turns":4},{"damage":4,"enemies":"Jaw Worm","floor":4,"turns":6},{"damage":17,"enemies":"3 Sentries","floor":7,"turns":7},{"damage":1,"enemies":"2 Louse","floor":8,"turns":2},{"damage":26,"enemies":"The Mushroom Lair","floor":12,"turns":4},{"damage":1,"enemies":"Large Slime","floor":14,"turns":7},{"damage":66,"enemies":"Hexaghost","floor":16,"turns":22}],"seed_played":"-3813219931301696806","potions_obtained":[{"floor":4,"key":"LiquidBronze"},{"floor":7,"key":"GhostInAJar"},{"floor":14,"key":"Energy Potion"}],"is_trial":false,"path_per_floor":["M","$","?","M","$","R","E","M","T","R","?","?","R","M","R","B"],"character_chosen":"THE_SILENT","items_purchased":["All Out Attack"],"campfire_rested":2,"item_purchase_floors":[2],"current_hp_per_floor":[69,69,69,65,65,65,48,47,47,70,70,44,44,43,66,0],"gold":199,"neow_bonus":"TEN_PERCENT_HP_BONUS","is_prod":false,"is_daily":false,"chose_seed":false,"campfire_upgraded":2,"win_rate":0,"timestamp":1550863280,"path_taken":["M","$","?","M","$","R","E","M","T","R","?","?","R","M","R","BOSS"],"build_version":"2019-02-06","purchased_purges":0,"victory":false,"max_hp_per_floor":[77,77,77,77,77,77,77,77,77,77,77,77,77,77,77,77],"card_choices":[{"not_picked":["Blade Dance","Dagger Throw"],"picked":"Leg Sweep","floor":1},{"not_picked":["Blade Dance","Accuracy"],"picked":"Dagger Spray","floor":4},{"not_picked":["Acrobatics","Slice"],"picked":"Blur","floor":7},{"not_picked":["Finisher","Catalyst","Heel Hook"],"picked":"SKIP","floor":8},{"not_picked":["Flying Knee","Dagger Throw"],"picked":"Dodge and Roll","floor":12},{"not_picked":["Outmaneuver","Cloak And Dagger"],"picked":"Leg Sweep","floor":14}],"player_experience":210282,"relics_obtained":[{"floor":7,"key":"Bag of Preparation"},{"floor":9,"key":"MawBank"},{"floor":12,"key":"Odd Mushroom"}],"event_choices":[{"damage_healed":0,"gold_gain":0,"player_choice":"Ignored","damage_taken":0,"max_hp_gain":0,"max_hp_loss":0,"event_name":"Golden Idol","floor":3,"gold_loss":0},{"cards_removed":["Strike_G"],"damage_healed":0,"gold_gain":0,"player_choice":"Card Removal","damage_taken":0,"max_hp_gain":0,"max_hp_loss":0,"event_name":"The Cleric","floor":11,"gold_loss":50},{"damage_healed":0,"gold_gain":0,"player_choice":"Fought Mushrooms","damage_taken":0,"max_hp_gain":0,"max_hp_loss":0,"event_name":"Mushrooms","floor":12,"gold_loss":0}],"is_beta":true,"boss_relics":[],"items_purged_floors":[],"is_endless":false,"potions_floor_spawned":[4,7,14],"killed_by":"Hexaghost","ascension_level":7}