{"gold_per_floor":[365,123,135,149,162,162,187,187,239,257,271,300,325,337,349,361],"floor_reached":16,"playtime":871,"items_purged":["Clumsy"],"score":217,"play_id":"63179269-fd7d-4f40-b729-6309e805265a","local_time":"20190218174841","is_ascension_mode":true,"campfire_choices":[{"data":"Bludgeon","floor":6,"key":"SMITH"},{"data":"Havoc","floor":8,"key":"SMITH"},{"data":"Flame Barrier","floor":15,"key":"SMITH"}],"neow_cost":"CURSE","seed_source_timestamp":8679072960018,"circlet_count":0,"master_deck":["AscendersBane","Strike_R","Strike_R","Strike_R","Strike_R","Strike_R","Defend_R","Defend_R","Defend_R","Defend_R","Bash","Havoc+1","Iron Wave","Bludgeon+1","Spot Weakness","Flame Barrier+1","Inflame","True Grit+1"],"relics":["Burning Blood","Bronze Scales","Kunai","Red Skull","MawBank"],"potions_floor_usage":[12,16,16],"damage_taken":[{"damage":7,"enemies":"Jaw Worm","floor":1,"turns":5},{"damage":1,"enemies":"Cultist","floor":3,"turns":4},{"damage":0,"enemies":"Small Slimes","floor":4,"turns":4},{"damage":17,"enemies":"2 Fungi Beasts","floor":5,"turns":4},{"damage":25,"enemies":"3 Sentries","floor":7,"turns":7},{"damage":11,"enemies":"Looter","floor":10,"turns":2},{"damage":6,"enemies":"Large Slime","floor":11,"turns":5},{"damage":8,"enemies":"Gremlin Nob","floor":12,"turns":3},{"damage":0,"enemies":"2 Fungi Beasts","floor":13,"turns":3},{"damage":63,"enemies":"Slime Boss","floor":16,"turns":8}],"seed_played":"8561544015311044764","potions_obtained":[{"floor":4,"key":"FearPotion"},{"floor":5,"key":"EssenceOfSteel"},{"floor":13,"key":"BloodPotion"}],"is_trial":false,"path_per_floor":["M","$","M","M","M","R","E","R","T","M","M","E","M","?","R","B"],"character_chosen":"IRONCLAD","items_purchased":["Bronze Scales"],"campfire_rested":0,"item_purchase_floors":[2],"current_hp_per_floor":[67,67,72,75,64,64,45,45,45,40,40,38,44,44,44,0],"gold":361,"neow_bonus":"TWO_FIFTY_GOLD","is_prod":false,"is_daily":false,"chose_seed":false,"campfire_upgraded":3,"win_rate":0,"timestamp":1550540921,"path_taken":["M","$","M","M","M","R","E","R","T","M","M","E","M","?","R","BOSS"],"build_version":"2019-01-23","purchased_purges":1,"victory":false,"max_hp_per_floor":[75,75,75,75,75,75,75,75,75,75,75,75,75,75,75,75],"card_choices":[{"not_picked":["Pommel Strike","Clothesline"],"picked":"Havoc","floor":1},{"not_picked":["Flame Barrier","Flex"],"picked":"Iron Wave","floor":3},{"not_picked":["Dropkick","Thunderclap"],"picked":"Bludgeon","floor":4},{"not_picked":["Havoc","Burning Pact","Perfected Strike"],"picked":"SKIP","floor":5},{"not_picked":["Havoc","Perfected Strike"],"picked":"Spot Weakness","floor":7},{"not_picked":["Spot Weakness","Warcry"],"picked":"Flame Barrier","floor":10},{"not_picked":["Second Wind","Twin Strike","Perfected Strike"],"picked":"SKIP","floor":11},{"not_picked":["Shrug It Off","Rupture"],"picked":"Inflame","floor":12},{"not_picked":["Body Slam","Blood for Blood"],"picked":"True Grit","floor":13}],"player_experience":835509,"relics_obtained":[{"floor":7,"key":"Kunai"},{"floor":9,"key":"Red Skull"},{"floor":12,"key":"MawBank"}],"event_choices":[{"damage_healed":0,"gold_gain":0,"player_choice":"Forge","damage_taken":0,"max_hp_gain":0,"max_hp_loss":0,"event_name":"Accursed Blacksmith","floor":14,"gold_loss":0,"cards_upgraded":["True Grit"]}],"is_beta":false,"boss_relics":[],"items_purged_floors":[2],"is_endless":false,"potions_floor_spawned":[4,5,11,13],"killed_by":"Slime Boss","ascension_level":18}