{"path_per_floor":["M","?","?","M","$","E","R","E","T","?","R","E","$","M","R","B",null,"M","?","M","M","M","E","M"],"character_chosen":"THE_SILENT","items_purchased":["Strength Potion"],"gold_per_floor":[109,59,59,71,71,104,104,131,155,155,155,187,61,78,78,179,179,195,95,115,130,147,178,195],"floor_reached":25,"campfire_rested":0,"playtime":2819,"current_hp_per_floor":[63,63,63,63,63,43,43,31,31,31,31,26,26,26,26,16,57,57,57,57,54,49,35,18],"items_purged":["Strike_G"],"gold":195,"play_id":"902004a9-ccfa-429b-aed3-dbc040be3bf4","is_prod":false,"is_daily":false,"is_ascension_mode":true,"campfire_upgraded":3,"path_taken":["M","?","?","?","?","E","R","E","T","?","R","E","$","M","R","BOSS","M","?","M","M","M","E","M","E"],"build_version":"2018-01-25-PROD3","purchased_purges":1,"victory":false,"master_deck":["Survivor+1","Neutralize+1","Infinite Blades","Dash+1","Bouncing Flask+1","Infinite Blades","Tools of the Trade","Quick Slash","Sucker Punch","Blade Dance","Slice","Escape Plan","Flying Knee","Quick Slash","Dodge and Roll","J.A.X.","Calculated Gamble","Tactician","Prepared"],"max_hp_per_floor":[70,70,70,70,70,70,70,70,70,70,70,70,70,70,70,70,70,70,70,70,70,70,70,70],"relics":["Ring of the Snake","Anchor","Paper Crane","Juzu Bracelet","Bronze Scales","Pandora\u0027s Box","Pen Nib"],"card_choices":[{"not_picked":["Predator","Tactician"],"picked":"Infinite Blades"},{"not_picked":["Dagger Spray","Dagger Throw"],"picked":"Dash"},{"not_picked":["Crippling Poison","Quick Slash"],"picked":"Bouncing Flask"},{"not_picked":["Dagger Spray","Backflip"],"picked":"Infinite Blades"},{"not_picked":["Burst","Die Die Die"],"picked":"Tools of the Trade"},{"not_picked":["Quick Slash","Underhanded Strike"],"picked":"Calculated Gamble"},{"not_picked":["Acrobatics","Crippling Poison"],"picked":"Tactician"},{"not_picked":["Dagger Throw","Dodge and Roll"],"picked":"Prepared"}],"player_experience":489843,"potions_floor_usage":[6,12,16,16,20,20,23,24],"damage_taken":[{"damage":0,"enemies":"Cultist","floor":1,"turns":4},{"damage":0,"enemies":"Small Slimes","floor":4,"turns":6},{"damage":20,"enemies":"Lagavulin","floor":6,"turns":8},{"damage":12,"enemies":"Gremlin Nob","floor":8,"turns":4},{"damage":5,"enemies":"Lagavulin","floor":12,"turns":5},{"damage":0,"enemies":"Blue Slaver","floor":14,"turns":3},{"damage":10,"enemies":"The Guardian","floor":16,"turns":7},{"damage":0,"enemies":"Shell Parasite","floor":18,"turns":4},{"damage":0,"enemies":"2 Thieves","floor":20,"turns":3},{"damage":3,"enemies":"Snake Plant","floor":21,"turns":4},{"damage":5,"enemies":"Centurion and Healer","floor":22,"turns":5},{"damage":14,"enemies":"Gremlin Leader","floor":23,"turns":7},{"damage":17,"enemies":"Sentry and Sphere","floor":24,"turns":6},{"damage":18,"enemies":"Slavers","floor":25,"turns":2}],"event_choices":[{"event_name":"The Cleric","player_choice":"Card Removal","floor":2,"damage_taken":0},{"event_name":"Accursed Blacksmith","player_choice":"Forge","floor":3,"damage_taken":0},{"event_name":"The Lab","player_choice":"Got Potions","floor":10,"damage_taken":0},{"event_name":"Drug Dealer","player_choice":"Got JAXXED","floor":19,"damage_taken":0}],"boss_relics":[{"not_picked":["Runic Dome","Velvet Choker"],"picked":"Pandora\u0027s Box"}],"potions_floor_spawned":[1,4,14,16,20,21],"seed_played":"-543650212799387677","killed_by":"Slavers","ascension_level":7,"is_trial":false}