{"gold_per_floor":[114,39,53,65,83,83,112,122,122,136,171,171,193,207,207,207],"floor_reached":16,"playtime":1021,"items_purged":["Pain"],"score":222,"play_id":"00448a13-05ce-4fc8-adf6-f4df72916835","local_time":"20190226191849","is_ascension_mode":true,"campfire_choices":[{"data":"Inflame","floor":6,"key":"SMITH"},{"data":"Immolate","floor":12,"key":"SMITH"},{"data":"Havoc","floor":15,"key":"SMITH"}],"neow_cost":"CURSE","seed_source_timestamp":332146867178642,"circlet_count":0,"master_deck":["AscendersBane","Strike_R","Strike_R","Strike_R","Strike_R","Strike_R","Defend_R","Defend_R","Defend_R","Defend_R","Bash","True Grit","Clothesline","Double Tap","Inflame+1","Havoc+1","Immolate+1","Inflame","Feel No Pain","Armaments"],"relics":["Burning Blood","Bird Faced Urn","Pantograph","The Courier","Question Card","Odd Mushroom"],"potions_floor_usage":[5,11,13,16],"damage_taken":[{"damage":4,"enemies":"Cultist","floor":1,"turns":3},{"damage":5,"enemies":"2 Louse","floor":3,"turns":3},{"damage":9,"enemies":"Jaw Worm","floor":4,"turns":5},{"damage":5,"enemies":"Gremlin Gang","floor":5,"turns":5},{"damage":44,"enemies":"Gremlin Nob","floor":7,"turns":5},{"damage":12,"enemies":"2 Fungi Beasts","floor":8,"turns":4},{"damage":23,"enemies":"Lots of Slimes","floor":10,"turns":3},{"damage":12,"enemies":"Lagavulin","floor":11,"turns":7},{"damage":15,"enemies":"The Mushroom Lair","floor":13,"turns":4},{"damage":3,"enemies":"Looter","floor":14,"turns":4},{"damage":53,"enemies":"Hexaghost","floor":16,"turns":9}],"seed_played":"-8138966159884270455","potions_obtained":[{"floor":4,"key":"Fire Potion"},{"floor":8,"key":"SkillPotion"},{"floor":11,"key":"Regen Potion"},{"floor":13,"key":"Weak Potion"}],"is_trial":false,"path_per_floor":["M","$","M","M","M","R","E","M","T","M","E","R","?","M","R","B"],"character_chosen":"IRONCLAD","items_purchased":[],"campfire_rested":0,"item_purchase_floors":[],"current_hp_per_floor":[70,70,71,68,69,69,33,29,29,12,10,10,13,22,22,0],"gold":207,"neow_bonus":"ONE_RARE_RELIC","is_prod":false,"is_daily":false,"chose_seed":false,"campfire_upgraded":3,"win_rate":0,"timestamp":1551237529,"path_taken":["M","$","?","M","M","R","E","M","T","M","E","R","?","M","R","BOSS"],"build_version":"2019-01-23","purchased_purges":1,"victory":false,"max_hp_per_floor":[75,75,75,75,75,75,75,75,75,75,75,75,75,75,75,75],"card_choices":[{"not_picked":["Havoc","Clash"],"picked":"True Grit","floor":1},{"not_picked":["Sword Boomerang","Havoc"],"picked":"Clothesline","floor":3},{"not_picked":["Shrug It Off","Heavy Blade"],"picked":"Double Tap","floor":4},{"not_picked":["Twin Strike","Warcry"],"picked":"Inflame","floor":5},{"not_picked":["Reckless Charge","Warcry"],"picked":"Havoc","floor":7},{"not_picked":["Anger","Dual Wield"],"picked":"Immolate","floor":8},{"not_picked":["True Grit","Wild Strike"],"picked":"Inflame","floor":10},{"not_picked":["Heavy Blade","Dual Wield"],"picked":"Feel No Pain","floor":11},{"not_picked":["Spot Weakness","Flex","Carnage"],"picked":"Armaments","floor":13},{"not_picked":["Combust","Juggernaut","Hemokinesis","Uppercut"],"picked":"SKIP","floor":14}],"player_experience":883699,"relics_obtained":[{"floor":7,"key":"Pantograph"},{"floor":9,"key":"The Courier"},{"floor":11,"key":"Question Card"},{"floor":13,"key":"Odd Mushroom"}],"event_choices":[{"damage_healed":0,"gold_gain":0,"player_choice":"Fought Mushrooms","damage_taken":0,"max_hp_gain":0,"max_hp_loss":0,"event_name":"Mushrooms","floor":13,"gold_loss":0}],"is_beta":false,"boss_relics":[],"items_purged_floors":[2],"is_endless":false,"potions_floor_spawned":[4,8,11,13],"killed_by":"Hexaghost","ascension_level":19}