{"path_per_floor":["M","?","M","$","M","E","R","E","T","E","R","M","E","$","R","B",null,"M","?","M","?","?","E","R","?","T","M","M","M","R","E","R","B",null,"M","$","?","M","M","R","E","R","T","E","$","E","M","M","R","B"],"character_chosen":"DEFECT","items_purchased":["Lantern","Impulse","Magnetism"],"gold_per_floor":[115,115,125,50,62,88,88,121,121,150,150,166,196,45,45,150,150,160,110,120,120,120,155,155,80,80,98,112,124,124,155,155,253,253,263,137,137,153,166,166,192,192,246,281,68,96,109,120,120,120],"floor_reached":51,"campfire_rested":2,"playtime":3696,"current_hp_per_floor":[64,64,63,63,63,57,57,57,57,49,49,46,36,36,36,33,65,59,59,59,59,59,23,45,45,45,45,45,34,56,56,56,53,70,62,62,75,74,74,74,72,72,72,74,74,73,75,75,75,41],"items_purged":["Strike_B","FTL"],"gold":120,"score":1118,"play_id":"8fa73cf1-db41-490a-8179-4ade8b41ee2b","local_time":"20180428120513","is_prod":false,"is_daily":false,"chose_seed":false,"is_ascension_mode":true,"campfire_upgraded":7,"timestamp":1524942313,"path_taken":["M","?","M","$","M","E","R","E","T","E","R","M","E","$","R","BOSS","M","?","M","?","?","E","R","?","T","M","M","M","R","E","R","BOSS","M","$","?","M","M","R","E","R","T","E","$","E","?","M","R","BOSS"],"build_version":"2018-04-27v3","seed_source_timestamp":600556034150049,"purchased_purges":2,"victory":true,"master_deck":["Defend_B+1","Defend_B+1","Defend_B","Defend_B","Doom and Gloom+1","Streamline","Echo Form+1","Hologram+1","Echo Form","Skim+1","Barrage+1","Recycle+1","Undo+1","Cold Snap","Glacier+1","Capacitor+1","Seek+1","Prime+1","Streamline+1","Impulse+1","Capacitor+1","Impulse+1","Magnetism","Capacitor+1"],"max_hp_per_floor":[75,75,75,75,75,75,75,75,75,75,75,75,75,75,75,75,75,75,75,75,75,75,75,75,75,75,75,75,75,75,75,75,75,75,75,75,75,75,75,75,75,75,75,75,75,75,75,75,75,75],"relics":["Snecko Eye","Mercury Hourglass","Orichalcum","Cables","Ancient Tea Set","Dream Catcher","Lantern","Cursed Key","Toxic Egg 2","Omamori","Astrolabe","Bottled Lightning","Blood Vial","Gremlin Horn","Smiling Mask"],"card_choices":[{"not_picked":["Hologram","Rebound"],"picked":"Doom and Gloom","floor":1},{"not_picked":["Capacitor","Axe Kick"],"picked":"Streamline","floor":3},{"not_picked":["Coolheaded","Leap"],"picked":"Streamline","floor":5},{"not_picked":["Leap","Hologram"],"picked":"Echo Form","floor":6},{"not_picked":["Stack","Cold Snap"],"picked":"Hologram","floor":13},{"not_picked":["Redo","Multi-Cast"],"picked":"Echo Form","floor":16},{"not_picked":["Impulse","Turbo"],"picked":"Skim","floor":18},{"not_picked":["Capacitor","FTL"],"picked":"Barrage","floor":20},{"not_picked":["Cold Snap","Beam Cell"],"picked":"Recycle","floor":23},{"not_picked":["Ball Lightning","Skim"],"picked":"Undo","floor":24},{"not_picked":["Barrage","Tempest"],"picked":"Cold Snap","floor":27},{"not_picked":["Sweeping Beam","Static Discharge"],"picked":"Glacier","floor":28},{"not_picked":["Rebound","Impulse"],"picked":"Capacitor","floor":29},{"not_picked":["Machine Learning","Thunder Strike"],"picked":"Seek","floor":33},{"not_picked":["Barrage","Genetic Algorithm"],"picked":"Capacitor","floor":39},{"not_picked":["Conserve Battery","Skim"],"picked":"Impulse","floor":44},{"not_picked":["Seek","Go for the Eyes"],"picked":"Capacitor","floor":46}],"player_experience":1274108,"potions_floor_usage":[6,13,31,35,50,50,50],"damage_taken":[{"damage":4,"enemies":"2 Louse","floor":1,"turns":3},{"damage":1,"enemies":"Cultist","floor":3,"turns":3},{"damage":0,"enemies":"Jaw Worm","floor":5,"turns":4},{"damage":6,"enemies":"Lagavulin","floor":6,"turns":5},{"damage":0,"enemies":"Gremlin Nob","floor":8,"turns":2},{"damage":8,"enemies":"3 Sentries","floor":10,"turns":4},{"damage":3,"enemies":"2 Fungi Beasts","floor":12,"turns":2},{"damage":10,"enemies":"Gremlin Nob","floor":13,"turns":3},{"damage":3,"enemies":"Hexaghost","floor":16,"turns":6},{"damage":6,"enemies":"3 Byrds","floor":18,"turns":3},{"damage":0,"enemies":"Spheric Guardian","floor":20,"turns":3},{"damage":36,"enemies":"Slavers","floor":23,"turns":3},{"damage":0,"enemies":"Centurion and Healer","floor":27,"turns":4},{"damage":0,"enemies":"3 Cultists","floor":28,"turns":3},{"damage":11,"enemies":"Snake Plant","floor":29,"turns":4},{"damage":0,"enemies":"Gremlin Leader","floor":31,"turns":5},{"damage":3,"enemies":"Automaton","floor":33,"turns":5},{"damage":8,"enemies":"Flame Bruiser 1 Orb","floor":35,"turns":6},{"damage":1,"enemies":"3 Shapes","floor":38,"turns":5},{"damage":0,"enemies":"Flame Bruiser 2 Orb","floor":39,"turns":5},{"damage":2,"enemies":"Nemesis","floor":41,"turns":7},{"damage":0,"enemies":"Giant Head","floor":44,"turns":5},{"damage":2,"enemies":"Nemesis","floor":46,"turns":7},{"damage":10,"enemies":"Sphere and 2 Shapes","floor":47,"turns":8},{"damage":40,"enemies":"4 Shapes","floor":48,"turns":5},{"damage":47,"enemies":"Awakened One","floor":50,"turns":9}],"event_choices":[{"event_name":"Bonfire Elementals","player_choice":"BASIC","floor":2,"damage_taken":0},{"event_name":"The Joust","player_choice":"Bet on Murderer","floor":19,"damage_taken":0},{"event_name":"The Mausoleum","player_choice":"No","floor":21,"damage_taken":0},{"event_name":"Back to Basics","player_choice":"Elegance","floor":22,"damage_taken":0},{"event_name":"Beggar","player_choice":"Gave Gold","floor":25,"damage_taken":0},{"event_name":"Winding Halls","player_choice":"Writhe","floor":37,"damage_taken":0}],"boss_relics":[{"not_picked":["Runic Dome","Philosopher\u0027s Stone"],"picked":"Cursed Key"},{"not_picked":["Calling Bell","Runic Pyramid"],"picked":"Astrolabe"}],"potions_floor_spawned":[3,6,10,20,27,28,31,39,46,47,48],"seed_played":"4805401291826681516","ascension_level":7,"is_trial":false}