{"path_per_floor":["M","M","M","?","$","R","E","R","T","M","E","?","$","E","R","B",null,"M","?","M","M","M","R","E","R","T","R","?","R","E","?","R","B",null,"M","M","?","?","M","R","E","M","T","E","?","?","R","$","R","B"],"character_chosen":"DEFECT","items_purchased":["Ball Lightning","Capacitor","Centennial Puzzle"],"gold_per_floor":[115,131,146,146,26,26,351,351,351,363,392,455,24,57,57,133,133,133,133,133,133,133,133,133,133,133,133,58,58,58,58,58,58,58,58,58,58,58,58,58,58,58,58,58,58,0,0,0,0,0],"floor_reached":51,"campfire_rested":1,"playtime":4307,"item_purchase_floors":[5,13,13],"current_hp_per_floor":[63,61,53,53,53,53,33,54,54,47,38,41,41,51,51,40,81,81,81,72,70,50,50,48,48,48,48,48,48,34,34,34,34,80,80,80,70,62,74,84,56,77,77,91,95,95,95,95,95,95],"items_purged":["Strike_B","Strike_B"],"gold":0,"score":1485,"play_id":"1d76273c-de5c-450f-bf01-7b4193293f39","local_time":"20180531171731","is_prod":false,"is_daily":false,"chose_seed":false,"is_ascension_mode":true,"campfire_upgraded":10,"win_rate":0,"timestamp":1527812251,"campfire_choices":[{"data":"Barrage","floor":6,"key":"SMITH"},{"floor":8,"key":"REST"},{"data":"Capacitor","floor":15,"key":"SMITH"},{"data":"Capacitor","floor":23,"key":"SMITH"},{"data":"Chaos","floor":25,"key":"SMITH"},{"data":"Hologram","floor":27,"key":"SMITH"},{"data":"Hologram","floor":29,"key":"SMITH"},{"data":"Defragment","floor":32,"key":"SMITH"},{"data":"Defragment","floor":40,"key":"SMITH"},{"data":"Buffer","floor":47,"key":"SMITH"},{"data":"Buffer","floor":49,"key":"SMITH"}],"path_taken":["M","?","M","?","$","R","E","R","T","M","E","?","$","E","R","BOSS","M","?","?","M","M","R","E","R","T","R","?","R","E","?","R","BOSS","M","M","?","?","?","R","E","M","T","E","?","?","R","$","R","BOSS"],"build_version":"2018-05-30v2","seed_source_timestamp":267229685487680,"purchased_purges":2,"victory":true,"master_deck":["Defend_B","Defend_B","Defend_B","Defend_B","Zap","Dualcast","AscendersBane","Barrage+1","White Noise","Ball Lightning","Hologram+1","Cold Snap","Glacier","Beam Cell","Capacitor+1","Steam Power","Buffer+1","Capacitor+1","Hologram+1","FTL","Skim","Chaos+1","Defragment+1","Buffer+1","Stack","Defragment+1","Leap","Hologram","Creative AI","Writhe"],"max_hp_per_floor":[71,71,71,71,71,71,71,71,71,71,71,85,85,95,95,95,95,95,95,95,95,95,95,95,95,95,95,95,95,95,95,95,95,95,95,95,95,95,95,95,95,95,95,95,95,95,95,95,95,95],"relics":["Cracked Core","Ancient Tea Set","Old Coin","Gambling Chip","Shovel","Mango","Centennial Puzzle","Pear","Ectoplasm","Orichalcum","Kunai","DataDisk","Eternal Feather","Bird Faced Urn","Lantern","Bronze Scales","Boot","Red Mask"],"card_choices":[{"not_picked":["Leap","Hologram"],"picked":"Barrage","floor":1},{"not_picked":["Fusion","Turbo"],"picked":"White Noise","floor":2},{"not_picked":["Gash","Hello World","Conserve Battery"],"picked":"SKIP","floor":3},{"not_picked":["Conserve Battery","Beam Cell"],"picked":"Hologram","floor":7},{"not_picked":["Fusion","Coolheaded"],"picked":"Cold Snap","floor":10},{"not_picked":["Cold Snap","Static Discharge"],"picked":"Glacier","floor":11},{"not_picked":["Hello World","Storm"],"picked":"Beam Cell","floor":12},{"not_picked":["Skim","Fusion"],"picked":"Steam Power","floor":14},{"not_picked":["Hyperbeam","Amplify"],"picked":"Buffer","floor":16},{"not_picked":["Conserve Battery","Chaos"],"picked":"Capacitor","floor":18},{"not_picked":["Go for the Eyes","Redo"],"picked":"FTL","floor":20},{"not_picked":["White Noise","Turbo"],"picked":"Skim","floor":21},{"not_picked":["Gash","Sweeping Beam","Electrodynamics"],"picked":"SKIP","floor":22},{"not_picked":["Turbo+1","Reinforced Body"],"picked":"Chaos","floor":24},{"not_picked":["Lockon+1","Compile Driver"],"picked":"Defragment","floor":30},{"not_picked":["Rainbow","Reboot"],"picked":"Buffer","floor":33},{"not_picked":["Doom and Gloom","Fusion"],"picked":"Stack","floor":35},{"not_picked":["Darkness+1","Stack"],"picked":"Defragment","floor":36},{"not_picked":["Conserve Battery","Double Energy"],"picked":"Leap","floor":39},{"not_picked":["Recycle","Multi-Cast"],"picked":"Hologram","floor":41},{"not_picked":["Hologram","Conserve Battery","Streamline"],"picked":"SKIP","floor":42},{"not_picked":["Coolheaded","Gash"],"picked":"Creative AI","floor":44}],"player_experience":1715828,"potions_floor_usage":[7,12,20,24,24,41],"damage_taken":[{"damage":1,"enemies":"Cultist","floor":1,"turns":4},{"damage":2,"enemies":"2 Louse","floor":2,"turns":2},{"damage":8,"enemies":"Small Slimes","floor":3,"turns":3},{"damage":20,"enemies":"Lagavulin","floor":7,"turns":6},{"damage":7,"enemies":"3 Louse","floor":10,"turns":2},{"damage":9,"enemies":"3 Sentries","floor":11,"turns":6},{"damage":11,"enemies":"Gremlin Nob","floor":12,"turns":3},{"damage":0,"enemies":"Gremlin Nob","floor":14,"turns":3},{"damage":11,"enemies":"The Guardian","floor":16,"turns":7},{"damage":0,"enemies":"Shell Parasite","floor":18,"turns":5},{"damage":9,"enemies":"3 Byrds","floor":20,"turns":5},{"damage":2,"enemies":"3 Cultists","floor":21,"turns":5},{"damage":20,"enemies":"Snake Plant","floor":22,"turns":8},{"damage":2,"enemies":"Gremlin Leader","floor":24,"turns":5},{"damage":14,"enemies":"Book of Stabbing","floor":30,"turns":4},{"damage":0,"enemies":"Champ","floor":33,"turns":20},{"damage":0,"enemies":"Flame Bruiser 1 Orb","floor":35,"turns":5},{"damage":0,"enemies":"Orb Walker","floor":36,"turns":4},{"damage":15,"enemies":"Mysterious Sphere","floor":38,"turns":6},{"damage":0,"enemies":"Maw","floor":39,"turns":6},{"damage":40,"enemies":"2 Orb Walkers","floor":41,"turns":5},{"damage":1,"enemies":"Sphere and 2 Shapes","floor":42,"turns":8},{"damage":0,"enemies":"Giant Head","floor":44,"turns":9},{"damage":25,"enemies":"Time Eater","floor":50,"turns":12}],"relics_obtained":[{"floor":7,"key":"Old Coin"},{"floor":9,"key":"Gambling Chip"},{"floor":11,"key":"Shovel"},{"floor":12,"key":"Mango"},{"floor":14,"key":"Pear"},{"floor":24,"key":"Orichalcum"},{"floor":26,"key":"Kunai"},{"floor":30,"key":"DataDisk"},{"floor":38,"key":"Bird Faced Urn"},{"floor":41,"key":"Lantern"},{"floor":43,"key":"Bronze Scales"},{"floor":44,"key":"Boot"}],"event_choices":[{"event_name":"Purifier","player_choice":"One Purge","floor":4,"damage_taken":0},{"event_name":"Dead Adventurer","player_choice":"Searched \u00272\u0027 times","floor":12,"damage_taken":0},{"event_name":"The Library","player_choice":"Read","floor":19,"damage_taken":0},{"event_name":"Beggar","player_choice":"Gave Gold","floor":28,"damage_taken":0},{"event_name":"Cursed Tome","player_choice":"Ignored","floor":31,"damage_taken":0},{"event_name":"SensoryStone","player_choice":"Memory 3","floor":37,"damage_taken":0},{"event_name":"Mysterious Sphere","player_choice":"Fight","floor":38,"damage_taken":0},{"event_name":"Winding Halls","player_choice":"Writhe","floor":45,"damage_taken":0},{"event_name":"Tomb of Lord Red Mask","player_choice":"Paid","floor":46,"damage_taken":0}],"boss_relics":[{"not_picked":["Tiny House","Philosopher\u0027s Stone"],"picked":"Ectoplasm"},{"not_picked":["White Beast Statue","Astrolabe"],"picked":"Eternal Feather"}],"items_purged_floors":[5,13],"potions_floor_spawned":[2,10,11,12,20,22,30,35,38,39],"seed_played":"-2276943300444051223","ascension_level":15,"potions_obtained":[{"floor":2,"key":"EssenceOfSteel"},{"floor":10,"key":"Fire Potion"},{"floor":11,"key":"Strength Potion"},{"floor":12,"key":"Fire Potion"},{"floor":20,"key":"Swift Potion"},{"floor":22,"key":"Block Potion"},{"floor":30,"key":"Energy Potion"},{"floor":35,"key":"FearPotion"},{"floor":38,"key":"Block Potion"},{"floor":39,"key":"Dexterity Potion"}],"is_trial":false}