{"gold_per_floor":[363,374,384,237,27,27,57,57,84,84,99,110,141,154,154,258,258,275,190,115,44,44,44,44],"floor_reached":24,"playtime":1563,"items_purged":["Decay","Strike_R"],"score":265,"play_id":"f6534abf-aa7d-4a06-ad88-cfa5f8e5e1a6","local_time":"20190224121242","is_ascension_mode":true,"campfire_choices":[{"data":"Armaments","floor":6,"key":"SMITH"},{"data":"Inflame","floor":8,"key":"SMITH"},{"data":"Uppercut","floor":10,"key":"SMITH"},{"data":"Spot Weakness","floor":15,"key":"SMITH"},{"data":"Feel No Pain","floor":23,"key":"SMITH"}],"neow_cost":"CURSE","seed_source_timestamp":801728624531869,"circlet_count":0,"master_deck":["Strike_R","Strike_R","Strike_R","Defend_R","Defend_R+1","Defend_R","Defend_R","Bash","Armaments+1","Uppercut+1","Battle Trance","Feel No Pain+1","Inflame+1","Flame Barrier","Spot Weakness+1","Shrug It Off+1","Reaper","Corruption"],"relics":["Burning Blood","Lantern","Oddly Smooth Stone","WingedGreaves","Velvet Choker","War Paint"],"potions_floor_usage":[13,16,24],"damage_taken":[{"damage":21,"enemies":"Cultist","floor":1,"turns":6},{"damage":11,"enemies":"Jaw Worm","floor":2,"turns":6},{"damage":6,"enemies":"Small Slimes","floor":3,"turns":3},{"damage":35,"enemies":"Gremlin Nob","floor":7,"turns":5},{"damage":0,"enemies":"Exordium Wildlife","floor":11,"turns":4},{"damage":2,"enemies":"Gremlin Gang","floor":12,"turns":6},{"damage":4,"enemies":"3 Sentries","floor":13,"turns":11},{"damage":0,"enemies":"2 Fungi Beasts","floor":14,"turns":4},{"damage":14,"enemies":"Hexaghost","floor":16,"turns":9},{"damage":4,"enemies":"3 Byrds","floor":18,"turns":3},{"damage":74,"enemies":"Slavers","floor":24,"turns":5}],"seed_played":"8368436285692672229","potions_obtained":[{"floor":7,"key":"FearPotion"},{"floor":12,"key":"EssenceOfSteel"},{"floor":14,"key":"Swift Potion"}],"is_trial":false,"path_per_floor":["M","M","M","$","$","R","E","R","T","R","M","M","E","M","R","B",null,"M","?","?","$","?","R","E"],"character_chosen":"IRONCLAD","items_purchased":["Feel No Pain","Inflame","Flame Barrier","Corruption"],"campfire_rested":0,"item_purchase_floors":[4,5,5,21],"current_hp_per_floor":[57,52,52,52,52,52,23,23,23,23,29,33,35,41,41,33,68,74,74,74,74,59,59,0],"gold":44,"neow_bonus":"TWO_FIFTY_GOLD","is_prod":false,"is_daily":false,"chose_seed":false,"campfire_upgraded":5,"win_rate":0,"timestamp":1551006762,"path_taken":["M","M","M","?","$","R","E","R","T","R","M","M","E","M","R","BOSS","M","?","?","$","?","R","E"],"build_version":"2019-01-23","purchased_purges":2,"victory":false,"max_hp_per_floor":[80,80,80,80,80,80,80,80,80,80,80,80,80,80,80,80,80,80,80,80,80,85,85,85],"card_choices":[{"not_picked":["Pommel Strike","Combust"],"picked":"Armaments","floor":1},{"not_picked":["Iron Wave","Reckless Charge"],"picked":"Uppercut","floor":2},{"not_picked":["Iron Wave","Pommel Strike"],"picked":"Battle Trance","floor":3},{"not_picked":["Warcry","Twin Strike"],"picked":"Spot Weakness","floor":7},{"not_picked":["Clash","Anger","Sever Soul"],"picked":"SKIP","floor":11},{"not_picked":["Twin Strike","Iron Wave"],"picked":"Shrug It Off","floor":12},{"not_picked":["Pommel Strike","Flex","Rampage"],"picked":"SKIP","floor":13},{"not_picked":["Sword Boomerang","Cleave","Bloodletting"],"picked":"SKIP","floor":14},{"not_picked":["Fiend Fire","Barricade"],"picked":"Reaper","floor":16},{"not_picked":["Anger","Perfected Strike","Dual Wield+1"],"picked":"SKIP","floor":18}],"player_experience":432225,"relics_obtained":[{"floor":7,"key":"Lantern"},{"floor":9,"key":"Oddly Smooth Stone"},{"floor":13,"key":"WingedGreaves"}],"event_choices":[{"damage_healed":0,"gold_gain":0,"player_choice":"Obtained Relic","damage_taken":0,"relics_obtained":["War Paint"],"max_hp_gain":0,"max_hp_loss":0,"event_name":"Addict","floor":19,"gold_loss":85},{"cards_removed":["Strike_R"],"damage_healed":0,"gold_gain":0,"player_choice":"Gave Gold","damage_taken":0,"max_hp_gain":0,"max_hp_loss":0,"event_name":"Beggar","floor":20,"gold_loss":75},{"damage_healed":0,"gold_gain":0,"player_choice":"Shed Blood","damage_taken":20,"max_hp_gain":5,"max_hp_loss":0,"event_name":"Forgotten Altar","floor":22,"gold_loss":0}],"is_beta":false,"boss_relics":[{"not_picked":["Runic Cube","Eternal Feather"],"picked":"Velvet Choker"}],"items_purged_floors":[4,5],"is_endless":false,"potions_floor_spawned":[7,12,14],"killed_by":"Slavers","ascension_level":6}