{"gold_per_floor":[118,43,43,43,69,94,104,138,138,166,181,181,193,250,250,353,353,366,366,377,377,277,277,295,295,295,295,321,321,49,59,59,158,158,169,19,19,34,46,46,0,0,0,11,11,31,60,60,60,60],"floor_reached":51,"playtime":4637,"items_purged":["Strike_G","Defend_G+1","Defend_G+1","Strike_G+1"],"score":930,"play_id":"a822258f-0829-481d-b390-6532a47e56b3","local_time":"20190213124029","is_ascension_mode":true,"campfire_choices":[{"data":"Footwork","floor":15,"key":"SMITH"},{"data":"Burst","floor":23,"key":"SMITH"},{"data":"Noxious Fumes","floor":25,"key":"SMITH"},{"data":"Adrenaline","floor":27,"key":"SMITH"},{"data":"Adrenaline","floor":32,"key":"SMITH"},{"floor":40,"key":"REST"},{"floor":42,"key":"REST"},{"data":"Master of Strategy","floor":49,"key":"SMITH"}],"neow_cost":"NONE","seed_source_timestamp":2562486821454445,"circlet_count":0,"master_deck":["Defend_G+1","Defend_G+1","Defend_G+1","Strike_G+1","Strike_G+1","Neutralize+1","Dodge and Roll+1","Caltrops+1","Footwork+1","Burst+1","Dodge and Roll+1","Deflect+1","Backflip+1","Adrenaline+1","Backflip+1","Adrenaline+1","Noxious Fumes+1","Acrobatics+1","Burst+1","Outmaneuver+1","Acrobatics","Master of Strategy+1"],"relics":["Ring of the Snake","NeowsBlessing","Oddly Smooth Stone","The Specimen","Kunai","Meat on the Bone","Bag of Preparation","Bird Faced Urn","Cursed Key","Art of War","Happy Flower","Black Star","Mark of the Bloom","Red Mask","The Courier","War Paint"],"potions_floor_usage":[10,14,24],"damage_taken":[{"damage":0,"enemies":"Cultist","floor":1,"turns":1},{"damage":0,"enemies":"Gremlin Nob","floor":6,"turns":1},{"damage":0,"enemies":"Small Slimes","floor":7,"turns":1},{"damage":39,"enemies":"3 Sentries","floor":8,"turns":13},{"damage":0,"enemies":"Lagavulin","floor":10,"turns":15},{"damage":1,"enemies":"Jaw Worm","floor":11,"turns":8},{"damage":2,"enemies":"Large Slime","floor":13,"turns":14},{"damage":5,"enemies":"3 Sentries","floor":14,"turns":14},{"damage":6,"enemies":"The Guardian","floor":16,"turns":27},{"damage":0,"enemies":"3 Byrds","floor":18,"turns":5},{"damage":6,"enemies":"Spheric Guardian","floor":20,"turns":9},{"damage":22,"enemies":"Cultist and Chosen","floor":24,"turns":9},{"damage":0,"enemies":"Gremlin Leader","floor":28,"turns":7},{"damage":0,"enemies":"Snecko","floor":31,"turns":6},{"damage":0,"enemies":"Automaton","floor":33,"turns":11},{"damage":0,"enemies":"3 Darklings","floor":35,"turns":6},{"damage":0,"enemies":"3 Shapes","floor":38,"turns":5},{"damage":0,"enemies":"Spire Growth","floor":39,"turns":9},{"damage":0,"enemies":"Jaw Worm Horde","floor":44,"turns":6},{"damage":0,"enemies":"3 Darklings","floor":46,"turns":6},{"damage":0,"enemies":"Giant Head","floor":47,"turns":13},{"damage":0,"enemies":"Awakened One","floor":50,"turns":22}],"seed_played":"-7899865883650749799","potions_obtained":[{"floor":1,"key":"SpeedPotion"},{"floor":6,"key":"Dexterity Potion"},{"floor":11,"key":"EssenceOfSteel"},{"floor":13,"key":"Strength Potion"},{"floor":16,"key":"LiquidBronze"},{"floor":24,"key":"SpeedPotion"},{"floor":35,"key":"Dexterity Potion"},{"floor":38,"key":"FairyPotion"}],"is_trial":false,"path_per_floor":["M","$","?","$","T","E","M","E","T","E","M","?","M","?","R","B",null,"M","?","M","?","$","R","M","R","T","R","E","?","$","M","R","B",null,"M","$","?","M","M","R","?","R","T","M","?","M","E","?","R","B",null],"character_chosen":"THE_SILENT","items_purchased":["Happy Flower"],"campfire_rested":2,"item_purchase_floors":[30],"current_hp_per_floor":[70,70,63,63,63,63,63,24,24,36,47,47,45,40,40,38,70,70,70,64,64,64,64,46,46,46,46,52,70,70,70,70,70,70,70,70,70,70,70,70,70,70,70,70,70,70,70,70,70,70],"gold":60,"neow_bonus":"THREE_ENEMY_KILL","is_prod":false,"is_daily":false,"chose_seed":false,"campfire_upgraded":6,"win_rate":0,"timestamp":1550079629,"path_taken":["M","?","?","$","?","E","M","E","T","E","M","?","M","?","R","BOSS","M","?","?","?","$","R","M","R","T","R","E","?","?","M","R","BOSS","M","$","?","M","M","R","?","R","T","M","?","M","E","?","R","BOSS"],"build_version":"2019-02-06","purchased_purges":4,"victory":true,"max_hp_per_floor":[70,70,70,70,70,70,70,70,70,70,70,70,70,70,70,70,70,70,70,70,70,70,70,70,70,70,70,70,70,70,70,70,70,70,70,70,70,70,70,70,70,70,70,70,70,70,70,70,70,70],"card_choices":[{"not_picked":["Calculated Gamble","Endless Agony","Dagger Spray"],"picked":"SKIP","floor":1},{"not_picked":["Heel Hook","PiercingWail"],"picked":"Dodge and Roll","floor":6},{"not_picked":["Terror","Calculated Gamble"],"picked":"Caltrops","floor":7},{"not_picked":["Quick Slash","Caltrops"],"picked":"Footwork","floor":8},{"not_picked":["Prepared","Sucker Punch"],"picked":"Burst","floor":10},{"not_picked":["Expertise","Flying Knee"],"picked":"Dodge and Roll","floor":11},{"not_picked":["PiercingWail","Flechettes"],"picked":"Deflect","floor":13},{"not_picked":["Sucker Punch","Cloak And Dagger"],"picked":"Backflip","floor":14},{"not_picked":["Bullet Time","Die Die Die"],"picked":"Adrenaline","floor":16},{"not_picked":["Dagger Throw+1","Quick Slash"],"picked":"Backflip","floor":18},{"not_picked":["Deadly Poison","Leg Sweep","Flying Knee"],"picked":"SKIP","floor":20},{"not_picked":["Dodge and Roll","Slice"],"picked":"Noxious Fumes","floor":24},{"not_picked":["Deflect","Envenom","Flying Knee"],"picked":"SKIP","floor":28},{"not_picked":["Bane+1","Expertise+1"],"picked":"Acrobatics","floor":31},{"not_picked":["Corpse Explosion","Bullet Time"],"picked":"Burst","floor":33},{"not_picked":["Poisoned Stab","Flying Knee+1"],"picked":"Outmaneuver","floor":35},{"not_picked":["Escape Plan+1","Bane","Terror"],"picked":"SKIP","floor":38},{"not_picked":["Calculated Gamble+1","Dagger Spray","Accuracy"],"picked":"SKIP","floor":39},{"not_picked":["Deadly Poison+1","Cloak And Dagger","Flying Knee"],"picked":"SKIP","floor":44},{"not_picked":["Underhanded Strike","PiercingWail+1","Sucker Punch"],"picked":"SKIP","floor":46},{"not_picked":["Calculated Gamble+1","Leg Sweep+1"],"picked":"Acrobatics","floor":47},{"not_picked":["Blind","Enlightenment"],"picked":"Master of Strategy","floor":48}],"player_experience":89424,"relics_obtained":[{"floor":5,"key":"Oddly Smooth Stone"},{"floor":6,"key":"The Specimen"},{"floor":8,"key":"Kunai"},{"floor":9,"key":"Meat on the Bone"},{"floor":10,"key":"Bag of Preparation"},{"floor":14,"key":"Bird Faced Urn"},{"floor":28,"key":"Art of War"},{"floor":47,"key":"The Courier"},{"floor":47,"key":"War Paint"}],"event_choices":[{"cards_removed":["Survivor"],"damage_healed":0,"gold_gain":0,"player_choice":"Card Removal","damage_taken":7,"max_hp_gain":0,"max_hp_loss":0,"event_name":"Golden Wing","floor":3,"gold_loss":0},{"damage_healed":0,"gold_gain":0,"player_choice":"Fled","damage_taken":0,"max_hp_gain":0,"max_hp_loss":0,"event_name":"Scrap Ooze","floor":12,"gold_loss":0},{"damage_healed":0,"gold_gain":0,"player_choice":"Searched \u00271\u0027 times","damage_taken":0,"max_hp_gain":0,"max_hp_loss":0,"event_name":"Dead Adventurer","floor":14,"gold_loss":0},{"damage_healed":0,"gold_gain":0,"player_choice":"Copied","damage_taken":0,"max_hp_gain":0,"max_hp_loss":0,"event_name":"Duplicator","floor":19,"gold_loss":0,"cards_obtained":["Adrenaline"]},{"damage_healed":0,"gold_gain":0,"player_choice":"Simplicity","damage_taken":0,"max_hp_gain":0,"max_hp_loss":0,"event_name":"Back to Basics","floor":21,"gold_loss":0,"cards_upgraded":["Defend_G","Defend_G","Defend_G","Defend_G","Defend_G","Strike_G","Strike_G","Strike_G","Strike_G"]},{"damage_healed":23,"gold_gain":0,"player_choice":"Heal","damage_taken":0,"max_hp_gain":0,"max_hp_loss":0,"event_name":"The Library","floor":29,"gold_loss":0},{"damage_healed":0,"gold_gain":0,"player_choice":"Upgrade","damage_taken":0,"relics_obtained":["Mark of the Bloom"],"max_hp_gain":0,"max_hp_loss":0,"event_name":"MindBloom","floor":37,"gold_loss":0,"cards_upgraded":["Neutralize","Dodge and Roll","Caltrops","Dodge and Roll","Deflect","Backflip","Backflip","Acrobatics","Burst","Outmaneuver"]},{"damage_healed":0,"gold_gain":0,"player_choice":"Paid","damage_taken":0,"relics_obtained":["Red Mask"],"max_hp_gain":0,"max_hp_loss":0,"event_name":"Tomb of Lord Red Mask","floor":41,"gold_loss":46},{"cards_removed":["Strike_G"],"damage_healed":0,"gold_gain":0,"player_choice":"Removed Attack","damage_taken":0,"max_hp_gain":0,"max_hp_loss":0,"event_name":"Falling","floor":45,"gold_loss":0},{"damage_healed":0,"gold_gain":0,"player_choice":"Memory 1","damage_taken":0,"max_hp_gain":0,"max_hp_loss":0,"event_name":"SensoryStone","floor":48,"gold_loss":0}],"is_beta":true,"boss_relics":[{"not_picked":["Snecko Eye","Runic Dome"],"picked":"Cursed Key"},{"not_picked":["Velvet Choker","Ring of the Serpent"],"picked":"Black Star"}],"items_purged_floors":[2,22,30,36],"is_endless":false,"potions_floor_spawned":[1,6,11,13,16,20,24,35,38,46],"ascension_level":1}