{"gold_per_floor":[211,211,211,227,238,238,238,267,267,281,24,24],"floor_reached":12,"playtime":492,"items_purged":[],"score":82,"play_id":"d3fb2419-5a8c-4bff-a51e-f89b4c150f00","local_time":"20190226212325","is_ascension_mode":true,"campfire_choices":[{"data":"Deadly Poison","floor":6,"key":"SMITH"}],"neow_cost":"NONE","seed_source_timestamp":376150349624595,"circlet_count":0,"master_deck":["Defend_G","Defend_G","Defend_G","Defend_G","Strike_G","Strike_G","Strike_G","Strike_G","Strike_G","Survivor","Neutralize","Skewer","Prepared","Deadly Poison+1","Malaise","Backstab"],"relics":["Ring of the Snake","Calipers","Nunchaku","Toxic Egg 2"],"potions_floor_usage":[10],"damage_taken":[{"damage":8,"enemies":"Cultist","floor":1,"turns":5},{"damage":20,"enemies":"Jaw Worm","floor":4,"turns":4},{"damage":0,"enemies":"2 Louse","floor":5,"turns":3},{"damage":30,"enemies":"Gremlin Nob","floor":8,"turns":6},{"damage":10,"enemies":"Large Slime","floor":10,"turns":7},{"damage":15,"enemies":"Exordium Wildlife","floor":12,"turns":3}],"seed_played":"5863828078473983150","potions_obtained":[{"floor":1,"key":"FearPotion"},{"floor":4,"key":"Block Potion"},{"floor":5,"key":"Energy Potion"},{"floor":10,"key":"GhostInAJar"}],"is_trial":false,"path_per_floor":["M","?","?","M","M","R","?","E","T","M","$","M"],"character_chosen":"THE_SILENT","items_purchased":["Toxic Egg 2"],"campfire_rested":0,"item_purchase_floors":[11],"current_hp_per_floor":[62,67,67,47,47,47,47,17,17,7,7,0],"gold":24,"neow_bonus":"HUNDRED_GOLD","is_prod":false,"is_daily":false,"chose_seed":false,"campfire_upgraded":1,"win_rate":0,"timestamp":1551187405,"path_taken":["M","?","?","?","M","R","?","E","T","M","$","M"],"build_version":"2019-01-23","purchased_purges":0,"victory":false,"max_hp_per_floor":[70,75,75,75,75,75,75,75,75,75,75,75],"card_choices":[{"not_picked":["Heel Hook","Cloak And Dagger","Slice"],"picked":"SKIP","floor":1},{"not_picked":["Dagger Throw","Setup"],"picked":"Prepared","floor":4},{"not_picked":["Dodge and Roll","Venomology"],"picked":"Deadly Poison","floor":5},{"not_picked":["Predator","Blade Dance"],"picked":"Backstab","floor":8},{"not_picked":["Blade Dance","Slice","Eviscerate"],"picked":"SKIP","floor":10}],"player_experience":96789,"relics_obtained":[{"floor":8,"key":"Calipers"},{"floor":9,"key":"Nunchaku"}],"event_choices":[{"damage_healed":0,"gold_gain":0,"player_choice":"Donut","damage_taken":0,"max_hp_gain":5,"max_hp_loss":0,"event_name":"Big Fish","floor":2,"gold_loss":0},{"damage_healed":0,"gold_gain":0,"cards_transformed":["Defend_G"],"player_choice":"Transformed","damage_taken":0,"max_hp_gain":0,"max_hp_loss":0,"event_name":"Transmorgrifier","floor":3,"gold_loss":0,"cards_obtained":["Skewer"]},{"damage_healed":0,"gold_gain":0,"player_choice":"1 cards matched","damage_taken":0,"max_hp_gain":0,"max_hp_loss":0,"event_name":"Match and Keep!","floor":7,"gold_loss":0,"cards_obtained":["Malaise"]}],"is_beta":false,"boss_relics":[],"items_purged_floors":[],"is_endless":false,"potions_floor_spawned":[1,4,5,10],"killed_by":"Exordium Wildlife","ascension_level":1}