{"gold_per_floor":[219,236,236,122,134,134,134,145,145,220,220,41,6,23,23,122,122,132,132,142,24,24,24,24,24,24,37,52,52,52,71,71,170,170,188,188,188,200,200,200,200],"floor_reached":41,"playtime":2662,"items_purged":["Strike_B"],"score":406,"play_id":"02f31110-61d5-4a07-90e8-fed490e427b4","local_time":"20190227192857","is_ascension_mode":false,"campfire_choices":[{"data":"Zap","floor":6.0,"key":"SMITH"},{"data":"Glacier","floor":11.0,"key":"SMITH"},{"data":"Defragment","floor":15.0,"key":"SMITH"},{"data":"Creative AI","floor":23.0,"key":"SMITH"},{"data":"Dualcast","floor":25,"key":"SMITH"},{"data":"Coolheaded","floor":29,"key":"SMITH"},{"data":"Loop","floor":32,"key":"SMITH"},{"data":"Consume","floor":40,"key":"SMITH"}],"neow_cost":"NONE","seed_source_timestamp":0,"circlet_count":0,"master_deck":["Defend_B","Defend_B","Defend_B","Defend_B","Zap+1","Dualcast+1","Ball Lightning","Doom and Gloom","Consume+1","Glacier+1","Conserve Battery","Defragment+1","Go for the Eyes","Conserve Battery","Creative AI+1","Chill","Bite","Bite","Bite","Bite","Go for the Eyes","Self Repair","Coolheaded+1","Glacier","Leap","Loop+1","Echo Form","Conserve Battery+1","Madness","Madness"],"special_seed":0,"relics":["Cracked Core"],"potions_floor_usage":[27,31,31,33,41,41],"damage_taken":[{"damage":6.0,"enemies":"Jaw Worm","floor":1.0,"turns":3.0},{"damage":0.0,"enemies":"Small Slimes","floor":2.0,"turns":2.0},{"damage":0.0,"enemies":"2 Louse","floor":5.0,"turns":2.0},{"damage":0.0,"enemies":"Looter","floor":8.0,"turns":3.0},{"damage":8.0,"enemies":"2 Fungi Beasts","floor":14.0,"turns":3.0},{"damage":18.0,"enemies":"Hexaghost","floor":16.0,"turns":13.0},{"damage":4.0,"enemies":"2 Thieves","floor":18.0,"turns":5.0},{"damage":15.0,"enemies":"3 Byrds","floor":20.0,"turns":5.0},{"damage":3.0,"enemies":"Shelled Parasite and Fungi","floor":24.0,"turns":11.0},{"damage":4,"enemies":"Snake Plant","floor":27,"turns":5},{"damage":17,"enemies":"Snecko","floor":28,"turns":8},{"damage":11,"enemies":"Cultist and Chosen","floor":31,"turns":10},{"damage":55,"enemies":"Collector","floor":33,"turns":23},{"damage":0,"enemies":"3 Shapes","floor":35,"turns":9},{"damage":0,"enemies":"3 Darklings","floor":38,"turns":10},{"damage":60,"enemies":"Transient","floor":41,"turns":4}],"seed_played":"-5290138077516070460","potions_obtained":[{"floor":1.0,"key":"GamblersBrew"},{"floor":8.0,"key":"Block Potion"},{"floor":14.0,"key":"FocusPotion"},{"floor":20.0,"key":"Block Potion"},{"floor":27,"key":"SteroidPotion"},{"floor":28,"key":"LiquidBronze"},{"floor":33,"key":"SkillPotion"},{"floor":38,"key":"Strength Potion"}],"is_trial":false,"path_per_floor":["M","M","?","$","M","R","?","M","T","?","R","$","?","M","R","B",null,"M","?","M","$","?","R","M","R","T","M","M","R","?","M","R","B",null,"M","?","?","M","?","R","M"],"character_chosen":"DEFECT","items_purchased":["Consume","Conserve Battery","Defragment","Go for the Eyes","Self Repair","Coolheaded"],"campfire_rested":0,"item_purchase_floors":[4,12,12,12,21,21],"current_hp_per_floor":[69,69,69,69,69,69,69,69,69,58,58,58,75,67,67,49,75,71,52,39,39,52,52,52,52,52,48,44,44,44,52,52,34,52,52,45,45,52,52,52,0],"gold":200,"neow_bonus":"HUNDRED_GOLD","is_prod":false,"is_daily":false,"chose_seed":false,"campfire_upgraded":8,"win_rate":0,"timestamp":1551313737,"path_taken":["M","M","?","$","M","R","?","M","T","?","R","$","?","M","R","BOSS","M","?","M","$","?","R","M","R","T","M","M","R","?","M","R","BOSS","M","?","?","M","?","R","M"],"build_version":"2019-02-06","purchased_purges":1,"victory":false,"max_hp_per_floor":[75,75,75,75,75,75,75,75,75,75,75,75,75,75,75,75,75,75,52,52,52,52,52,52,52,52,52,52,52,52,52,52,52,52,52,52,52,52,52,52,52],"card_choices":[{"not_picked":["Barrage","Steam Power"],"picked":"Ball Lightning","floor":1.0},{"not_picked":["Cold Snap","Loop"],"picked":"Doom and Gloom","floor":2.0},{"not_picked":["Darkness","Turbo"],"picked":"Glacier","floor":5.0},{"not_picked":["Beam Cell","Hologram","Hello World"],"picked":"SKIP","floor":8.0},{"not_picked":["Leap","Tempest"],"picked":"Conserve Battery","floor":14.0},{"not_picked":["All For One","Buffer"],"picked":"Creative AI","floor":16.0},{"not_picked":["Cold Snap","Rip and Tear"],"picked":"Chill","floor":18.0},{"not_picked":["Glacier+1","Rebound"],"picked":"Go for the Eyes","floor":20.0},{"not_picked":["Go for the Eyes","Sweeping Beam","Hologram"],"picked":"SKIP","floor":24},{"not_picked":["Force Field","Barrage"],"picked":"Glacier","floor":27},{"not_picked":["Cold Snap","Hologram"],"picked":"Leap","floor":28},{"not_picked":["Rainbow","Double Energy"],"picked":"Loop","floor":31},{"not_picked":["All For One","Reboot"],"picked":"Echo Form","floor":33},{"not_picked":["Glacier+1","Steam"],"picked":"Conserve Battery+1","floor":35},{"not_picked":["Barrage","Conserve Battery","Doom and Gloom"],"picked":"SKIP","floor":38}],"player_experience":299861,"relics_obtained":[],"event_choices":[{"damage_healed":0.0,"max_hp_gain":0.0,"max_hp_loss":0.0,"gold_gain":0.0,"event_name":"Golden Idol","player_choice":"Ignored","floor":3.0,"gold_loss":0.0,"damage_taken":0.0},{"damage_healed":0.0,"max_hp_gain":0.0,"max_hp_loss":0.0,"gold_gain":0.0,"event_name":"Dead Adventurer","player_choice":"Searched \u00270\u0027 times","floor":7.0,"gold_loss":0.0,"damage_taken":0.0},{"damage_healed":0.0,"max_hp_gain":0.0,"max_hp_loss":0.0,"gold_gain":75.0,"event_name":"World of Goop","player_choice":"Gather Gold","floor":10.0,"gold_loss":0.0,"damage_taken":11.0},{"damage_healed":18.0,"max_hp_gain":0.0,"max_hp_loss":0.0,"gold_gain":0.0,"event_name":"The Cleric","player_choice":"Healed","floor":13.0,"gold_loss":35.0,"damage_taken":0.0},{"damage_healed":0.0,"max_hp_gain":0.0,"max_hp_loss":23.0,"gold_gain":0.0,"event_name":"Vampires","player_choice":"Became a vampire","floor":19.0,"gold_loss":0.0,"damage_taken":0.0,"cards_obtained":["Bite","Bite","Bite","Bite","Bite"]},{"damage_healed":17.0,"max_hp_gain":0.0,"max_hp_loss":0.0,"gold_gain":0.0,"event_name":"The Library","player_choice":"Heal","floor":22.0,"gold_loss":0.0,"damage_taken":0.0},{"damage_healed":0,"gold_gain":0,"player_choice":"Embrace Madness","damage_taken":7,"max_hp_gain":0,"max_hp_loss":0,"event_name":"Winding Halls","floor":36,"gold_loss":0,"cards_obtained":["Madness","Madness"]},{"damage_healed":0,"gold_gain":0,"player_choice":"Memory 1","damage_taken":0,"max_hp_gain":0,"max_hp_loss":0,"event_name":"SensoryStone","floor":37,"gold_loss":0},{"cards_removed":["Bite"],"damage_healed":0,"gold_gain":0,"player_choice":"Removed Attack","damage_taken":0,"max_hp_gain":0,"max_hp_loss":0,"event_name":"Falling","floor":39,"gold_loss":0}],"is_beta":true,"boss_relics":[{"not_picked":[]},{"not_picked":[]}],"items_purged_floors":[4],"is_endless":false,"potions_floor_spawned":[1,8,14,20,27,28,33,38],"killed_by":"Transient","ascension_level":0}