{"gold_per_floor":[110,120,131,131,6,6,41,41,41,58,83,83,118,68,68,173,173,192,41,41,55,73,73,73,73,73,99,99,118,146,166,166,166],"floor_reached":33,"playtime":2674,"items_purged":["Strike_R","Defend_R"],"score":394,"play_id":"6ac61948-ce1e-4f60-ae2c-43cf0887cf27","local_time":"20190224141708","is_ascension_mode":true,"campfire_choices":[{"data":"Armaments","floor":6,"key":"SMITH"},{"data":"Metallicize","floor":8,"key":"SMITH"},{"data":"Bash","floor":12,"key":"SMITH"},{"data":"Flame Barrier","floor":15,"key":"SMITH"},{"data":"RitualDagger","floor":23,"key":"SMITH"},{"data":"Offering","floor":25,"key":"SMITH"},{"data":"Shrug It Off","floor":32,"key":"SMITH"}],"neow_cost":"NONE","seed_source_timestamp":808078370976900,"circlet_count":0,"master_deck":["Strike_R","Strike_R+1","Strike_R","Defend_R+1","Defend_R","Defend_R+1","Bash+1","Clothesline+1","Shrug It Off+1","Armaments+1","Metallicize+1","Headbutt+1","Flame Barrier+1","Ghostly Armor","Offering+1","RitualDagger+1","Cleave","Impervious"],"relics":["Burning Blood","NeowsBlessing","Gremlin Horn","Pen Nib","Sundial","War Paint","Velvet Choker","Whetstone","Meat on the Bone","Kunai"],"potions_floor_usage":[16,16,18,22,27,30,30,31],"damage_taken":[{"damage":0,"enemies":"Cultist","floor":1,"turns":1},{"damage":0,"enemies":"Jaw Worm","floor":2,"turns":1},{"damage":0,"enemies":"2 Louse","floor":3,"turns":1},{"damage":27,"enemies":"3 Sentries","floor":7,"turns":12},{"damage":2,"enemies":"2 Fungi Beasts","floor":10,"turns":3},{"damage":13,"enemies":"Lagavulin","floor":11,"turns":8},{"damage":13,"enemies":"Gremlin Nob","floor":13,"turns":4},{"damage":6,"enemies":"Slime Boss","floor":16,"turns":6},{"damage":0,"enemies":"Chosen","floor":18,"turns":5},{"damage":1,"enemies":"Shell Parasite","floor":21,"turns":10},{"damage":28,"enemies":"Cultist and Chosen","floor":22,"turns":10},{"damage":17,"enemies":"Slavers","floor":27,"turns":7},{"damage":6,"enemies":"Snake Plant","floor":29,"turns":5},{"damage":13,"enemies":"Book of Stabbing","floor":30,"turns":9},{"damage":10,"enemies":"Snecko","floor":31,"turns":4},{"damage":64,"enemies":"Automaton","floor":33,"turns":14}],"seed_played":"7214142907580076746","potions_obtained":[{"floor":2,"key":"GamblersBrew"},{"floor":11,"key":"BloodPotion"},{"floor":13,"key":"PowerPotion"},{"floor":16,"key":"AttackPotion"},{"floor":18,"key":"SpeedPotion"},{"floor":29,"key":"SpeedPotion"},{"floor":30,"key":"BloodPotion"}],"is_trial":false,"path_per_floor":["M","M","M","?","$","R","E","R","T","M","E","R","E","?","R","B",null,"M","$","?","M","M","R","?","R","T","E","?","M","E","M","R","B"],"character_chosen":"IRONCLAD","items_purchased":["Armaments","Swift Potion"],"campfire_rested":0,"item_purchase_floors":[5,19],"current_hp_per_floor":[78,80,80,80,80,80,59,59,59,63,56,56,49,49,49,57,74,80,80,74,79,57,57,42,42,42,31,31,43,48,52,52,0],"gold":166,"neow_bonus":"THREE_ENEMY_KILL","is_prod":false,"is_daily":false,"chose_seed":false,"campfire_upgraded":7,"win_rate":0,"timestamp":1551014228,"path_taken":["M","?","M","?","?","R","E","R","T","M","E","R","E","?","R","BOSS","M","$","?","M","M","R","?","R","T","E","?","M","E","?","R","BOSS"],"build_version":"2019-01-23","purchased_purges":2,"victory":false,"max_hp_per_floor":[80,80,80,80,80,80,80,80,80,80,80,80,80,80,80,80,80,80,80,80,80,80,80,85,85,85,85,85,85,85,85,85,85],"card_choices":[{"not_picked":["Body Slam","Burning Pact"],"picked":"Clothesline","floor":1},{"not_picked":["Headbutt","Evolve"],"picked":"Shrug It Off","floor":2},{"not_picked":["Iron Wave","Shrug It Off","Clothesline"],"picked":"SKIP","floor":3},{"not_picked":["Rampage","Juggernaut"],"picked":"Metallicize","floor":7},{"not_picked":["Shrug It Off","Dual Wield"],"picked":"Headbutt","floor":10},{"not_picked":["Combust","Rupture"],"picked":"Flame Barrier","floor":11},{"not_picked":["Havoc","Feel No Pain"],"picked":"Ghostly Armor","floor":13},{"not_picked":["Barricade","Feed"],"picked":"Offering","floor":16},{"not_picked":["Thunderclap","Havoc","Headbutt"],"picked":"SKIP","floor":18},{"not_picked":["Flex","Warcry"],"picked":"Cleave","floor":21},{"not_picked":["Twin Strike","Bloodletting","Pommel Strike"],"picked":"SKIP","floor":22},{"not_picked":["Headbutt","Flame Barrier"],"picked":"Impervious","floor":27},{"not_picked":["Iron Wave","Body Slam+1","Pommel Strike"],"picked":"SKIP","floor":29},{"not_picked":["Armaments+1","Infernal Blade","Headbutt"],"picked":"SKIP","floor":30},{"not_picked":["Uppercut","Entrench","Headbutt+1"],"picked":"SKIP","floor":31}],"player_experience":438314,"relics_obtained":[{"floor":7,"key":"Gremlin Horn"},{"floor":9,"key":"Pen Nib"},{"floor":11,"key":"Sundial"},{"floor":13,"key":"War Paint"},{"floor":26,"key":"Whetstone"},{"floor":27,"key":"Meat on the Bone"},{"floor":30,"key":"Kunai"}],"event_choices":[{"damage_healed":0,"gold_gain":0,"player_choice":"Upgraded","damage_taken":0,"max_hp_gain":0,"max_hp_loss":0,"event_name":"Upgrade Shrine","floor":4,"gold_loss":0,"cards_upgraded":["Clothesline"]},{"cards_removed":["Strike_R"],"damage_healed":0,"gold_gain":0,"player_choice":"Card Removal","damage_taken":0,"max_hp_gain":0,"max_hp_loss":0,"event_name":"The Cleric","floor":14,"gold_loss":50},{"damage_healed":0,"gold_gain":0,"player_choice":"Joined the Cult","damage_taken":6,"max_hp_gain":0,"max_hp_loss":0,"event_name":"Nest","floor":20,"gold_loss":0,"cards_obtained":["RitualDagger"]},{"damage_healed":0,"gold_gain":0,"player_choice":"Shed Blood","damage_taken":20,"max_hp_gain":5,"max_hp_loss":0,"event_name":"Forgotten Altar","floor":24,"gold_loss":0},{"damage_healed":0,"gold_gain":0,"player_choice":"Ignored","damage_taken":0,"max_hp_gain":0,"max_hp_loss":0,"event_name":"Vampires","floor":28,"gold_loss":0}],"is_beta":false,"boss_relics":[{"not_picked":["Fusion Hammer","White Beast Statue"],"picked":"Velvet Choker"}],"items_purged_floors":[5,19],"is_endless":false,"potions_floor_spawned":[2,11,13,16,18,29,30],"killed_by":"Automaton","ascension_level":6}