{"path_per_floor":["M","$","M","M","$","E","R","M","T","M","?","R","E","?","R","B",null,"M","M","$","?","M","E","$","R","T","R","E","M","R","M","R","B",null,"M","?","?","M","$","R","M","R","T","M","R","?","M","T","R","B"],"character_chosen":"IRONCLAD","items_purchased":["Vajra","Shrug It Off","Panacea","Secret Technique","Bag of Preparation"],"gold_per_floor":[218,19,32,47,47,76,76,95,140,155,155,155,180,180,180,284,284,300,314,144,144,159,191,2,2,2,2,37,56,56,75,75,180,180,196,196,196,210,59,59,72,72,141,154,154,154,165,191,191,191],"floor_reached":51,"campfire_rested":2,"playtime":2774,"current_hp_per_floor":[74,74,80,80,80,69,69,72,72,69,74,74,73,66,66,43,75,79,85,85,85,38,45,45,45,45,45,40,21,50,29,58,63,90,99,99,89,95,95,95,99,99,99,99,99,99,99,99,99,99],"items_purged":["Strike_R"],"gold":191,"score":921,"play_id":"6213f94f-ee81-4cce-ad93-e68c0c5906d6","local_time":"20180329230955","is_prod":false,"is_daily":false,"is_ascension_mode":true,"campfire_upgraded":6,"timestamp":1522390195,"path_taken":["M","$","M","M","?","E","R","?","T","M","?","R","E","?","R","BOSS","M","M","$","?","M","E","?","R","T","R","E","?","R","M","R","BOSS","M","?","?","M","$","R","M","R","T","M","R","?","M","?","R","BOSS"],"build_version":"2018-03-29","purchased_purges":2,"victory":true,"master_deck":["Strike_R","Strike_R","Strike_R","Strike_R","Defend_R+1","Defend_R","Defend_R","Defend_R","Bash","Headbutt","Shrug It Off+1","Pommel Strike+1","Shockwave+1","Clothesline","Body Slam","Flame Barrier+1","True Grit+1","Limit Break+1","Metallicize","Inflame","Panacea","Battle Trance","Secret Technique+1","Flame Barrier+1","Intimidate+1","Reaper","Bandage Up","Thinking Ahead"],"max_hp_per_floor":[80,80,80,80,80,80,80,80,80,80,85,85,85,85,85,85,85,85,85,85,85,85,85,85,85,85,85,99,99,99,99,99,99,99,99,99,99,99,99,99,99,99,99,99,99,99,99,99,99,99],"relics":["Burning Blood","Vajra","Omamori","Pen Nib","War Paint","Happy Flower","Philosopher\u0027s Stone","Lantern","Girya","Mango","Velvet Choker","Bag of Preparation","Meat on the Bone","Orichalcum"],"card_choices":[{"not_picked":["Heavy Blade","True Grit"],"picked":"Headbutt","floor":1},{"not_picked":["Feed","Perfected Strike"],"picked":"Pommel Strike","floor":3},{"not_picked":["Dropkick","Havoc"],"picked":"Shockwave","floor":4},{"not_picked":["Ghostly Armor","Combust"],"picked":"Clothesline","floor":6},{"not_picked":["Rupture","Armaments"],"picked":"Body Slam","floor":8},{"not_picked":["Cleave","Intimidate"],"picked":"Flame Barrier","floor":10},{"not_picked":["Clothesline","Warcry"],"picked":"True Grit","floor":13},{"not_picked":["Juggernaut","Brutality"],"picked":"Limit Break","floor":16},{"not_picked":["Hemokinesis","Thunderclap"],"picked":"Metallicize","floor":18},{"not_picked":["Anger","Blood for Blood"],"picked":"Inflame","floor":19},{"not_picked":["Wild Strike","Perfected Strike"],"picked":"Battle Trance","floor":22},{"not_picked":["Entrench","Whirlwind"],"picked":"Flame Barrier","floor":29},{"not_picked":["Disarm","Sword Boomerang"],"picked":"Intimidate","floor":31},{"not_picked":["Brutality","Immolate"],"picked":"Reaper","floor":33},{"not_picked":["Dramatic Entrance","Finesse"],"picked":"Bandage Up","floor":37},{"not_picked":["Jack Of All Trades","Blind"],"picked":"Thinking Ahead","floor":37}],"player_experience":314914,"potions_floor_usage":[19,23,23,28,50,50],"damage_taken":[{"damage":4,"enemies":"Cultist","floor":1,"turns":5},{"damage":0,"enemies":"Small Slimes","floor":3,"turns":4},{"damage":4,"enemies":"Jaw Worm","floor":4,"turns":3},{"damage":17,"enemies":"Lagavulin","floor":6,"turns":7},{"damage":3,"enemies":"Looter","floor":8,"turns":4},{"damage":9,"enemies":"3 Louse","floor":10,"turns":4},{"damage":7,"enemies":"3 Sentries","floor":13,"turns":8},{"damage":29,"enemies":"The Guardian","floor":16,"turns":12},{"damage":2,"enemies":"Chosen","floor":18,"turns":4},{"damage":0,"enemies":"3 Byrds","floor":19,"turns":3},{"damage":53,"enemies":"Cultist and Chosen","floor":22,"turns":8},{"damage":14,"enemies":"Gremlin Leader","floor":23,"turns":7},{"damage":25,"enemies":"Slavers","floor":28,"turns":4},{"damage":25,"enemies":"Sentry and Sphere","floor":29,"turns":6},{"damage":27,"enemies":"Slaver and Parasite","floor":31,"turns":6},{"damage":1,"enemies":"Champ","floor":33,"turns":7},{"damage":0,"enemies":"3 Shapes","floor":35,"turns":4},{"damage":0,"enemies":"Orb Walker","floor":38,"turns":2},{"damage":13,"enemies":"3 Darklings","floor":41,"turns":6},{"damage":22,"enemies":"Maw","floor":44,"turns":5},{"damage":14,"enemies":"Sphere and 2 Shapes","floor":47,"turns":4},{"damage":9,"enemies":"Time Eater","floor":50,"turns":5}],"event_choices":[{"event_name":"Big Fish","player_choice":"Donut","floor":11,"damage_taken":0},{"event_name":"Scrap Ooze","player_choice":"success","floor":14,"damage_taken":7},{"event_name":"Match and Keep!","player_choice":"0 cards matched","floor":21,"damage_taken":0},{"event_name":"Winding Halls","player_choice":"Writhe","floor":36,"damage_taken":0},{"event_name":"SensoryStone","player_choice":"Memory 3","floor":37,"damage_taken":0},{"event_name":"Mysterious Sphere","player_choice":"Ignore","floor":46,"damage_taken":0}],"boss_relics":[{"not_picked":["Calling Bell","Tiny House"],"picked":"Philosopher\u0027s Stone"},{"not_picked":["Astrolabe","Lizard Tail"],"picked":"Velvet Choker"}],"potions_floor_spawned":[4,13,16,22,29,35,38,44],"seed_played":"3687550999259972467","ascension_level":6,"is_trial":false}