{"path_per_floor":["M","M","M","M","M","R","E","R","T","E","M","R","M","?","R","B",null,"M","M","$","M","M","E","M","?","T","M","E","$","R","E","R","B",null,"M","M","?","M","?","R","?","M","T","$","R","M","R","$","R","B"],"character_chosen":"IRONCLAD","items_purchased":["True Grit","Meat on the Bone","Happy Flower","Barricade","Shrug It Off","Dark Shackles"],"gold_per_floor":[112,123,142,155,173,173,198,198,198,232,250,250,262,262,262,366,366,383,399,111,126,142,176,194,194,219,234,266,33,33,65,65,165,165,175,189,189,204,204,204,204,224,224,155,155,175,175,39,39,39],"floor_reached":51,"campfire_rested":3,"playtime":3876,"current_hp_per_floor":[71,69,69,57,62,62,54,54,54,47,19,43,41,38,38,26,67,62,64,64,51,53,63,60,60,60,63,62,62,93,88,88,66,98,103,98,98,103,88,88,88,97,97,97,97,105,105,105,126,117],"items_purged":["Strike_R","Injury","Defend_R","Strike_R"],"gold":39,"score":1124,"play_id":"94431ad8-99e1-4793-8552-c3bf6c742323","local_time":"20180426150741","is_prod":false,"is_daily":false,"chose_seed":false,"is_ascension_mode":true,"campfire_upgraded":7,"timestamp":1524780461,"path_taken":["M","M","M","M","M","R","E","R","T","E","M","R","M","?","R","BOSS","M","M","$","M","M","E","?","?","T","M","E","$","R","E","R","BOSS","M","?","?","M","?","R","?","M","T","$","R","M","R","$","R","BOSS"],"build_version":"2018-04-19","seed_source_timestamp":415626435974286,"purchased_purges":4,"victory":true,"master_deck":["Strike_R","Strike_R","Defend_R","Defend_R","Defend_R","Bash+1","AscendersBane","Inflame+1","Blood for Blood","Iron Wave","Flame Barrier+1","Limit Break+1","Battle Trance+1","Feed","Offering+1","True Grit+1","Flame Barrier+1","True Grit+1","Shockwave+1","Shrug It Off+1","Headbutt","Pummel","Barricade+1","Inflame+1","Impervious+1","Entrench+1","Madness+1","Madness+1","Exhume+1","Shrug It Off+1","True Grit+1","Dark Shackles+1"],"max_hp_per_floor":[80,80,80,80,80,80,80,80,80,80,80,80,80,80,80,80,80,80,83,83,86,86,96,99,99,99,102,105,105,105,108,108,108,108,111,114,114,117,117,117,117,120,120,120,120,126,126,126,126,126],"relics":["Burning Blood","The Courier","Smiling Mask","Bag of Preparation","Toxic Egg 2","Runic Dome","Meat on the Bone","Strawberry","Lantern","Torii","Happy Flower","Pen Nib","Sozu","Kunai"],"card_choices":[{"not_picked":["Fire Breathing","Flex"],"picked":"Inflame","floor":0},{"not_picked":["Body Slam","Perfected Strike"],"picked":"Blood for Blood","floor":1},{"not_picked":["Flex","Rupture"],"picked":"Iron Wave","floor":2},{"not_picked":["Pummel","Headbutt"],"picked":"Flame Barrier","floor":3},{"not_picked":["Shrug It Off","Clash"],"picked":"Pummel","floor":5},{"not_picked":["Rampage","Anger"],"picked":"Limit Break","floor":7},{"not_picked":["Corruption","Heavy Blade"],"picked":"Battle Trance","floor":10},{"not_picked":["Iron Wave","Cleave"],"picked":"Feed","floor":13},{"not_picked":["Immolate","Berserk"],"picked":"Offering","floor":16},{"not_picked":["Infernal Blade","Entrench"],"picked":"True Grit","floor":18},{"not_picked":["Flex","Pummel"],"picked":"Flame Barrier","floor":19},{"not_picked":["Clash","Sword Boomerang"],"picked":"Shockwave","floor":21},{"not_picked":["Wild Strike","Clothesline"],"picked":"Shrug It Off","floor":22},{"not_picked":["Pommel Strike","Entrench"],"picked":"Headbutt","floor":23},{"not_picked":["Dropkick","Havoc"],"picked":"Pummel","floor":24},{"not_picked":["Pommel Strike","Hemokinesis"],"picked":"Inflame","floor":31},{"not_picked":["Brutality","Berserk"],"picked":"Impervious","floor":33},{"not_picked":["Body Slam","Intimidate"],"picked":"Entrench","floor":38},{"not_picked":["Iron Wave","Spot Weakness"],"picked":"Exhume","floor":42},{"not_picked":["Seeing Red","Battle Trance"],"picked":"True Grit","floor":46}],"player_experience":484961,"potions_floor_usage":[7,13,13,16,22,31,50,50,50],"damage_taken":[{"damage":7,"enemies":"2 Louse","floor":1,"turns":3},{"damage":8,"enemies":"Jaw Worm","floor":2,"turns":4},{"damage":6,"enemies":"Cultist","floor":3,"turns":4},{"damage":18,"enemies":"Lots of Slimes","floor":4,"turns":4},{"damage":1,"enemies":"Large Slime","floor":5,"turns":6},{"damage":14,"enemies":"Lagavulin","floor":7,"turns":6},{"damage":13,"enemies":"3 Sentries","floor":10,"turns":7},{"damage":34,"enemies":"Exordium Thugs","floor":11,"turns":6},{"damage":20,"enemies":"Gremlin Gang","floor":13,"turns":6},{"damage":18,"enemies":"The Guardian","floor":16,"turns":8},{"damage":11,"enemies":"Chosen","floor":18,"turns":3},{"damage":7,"enemies":"2 Thieves","floor":19,"turns":4},{"damage":34,"enemies":"Sentry and Sphere","floor":21,"turns":7},{"damage":4,"enemies":"3 Cultists","floor":22,"turns":6},{"damage":18,"enemies":"Book of Stabbing","floor":23,"turns":4},{"damage":12,"enemies":"Centurion and Healer","floor":24,"turns":7},{"damage":18,"enemies":"Snake Plant","floor":27,"turns":4},{"damage":22,"enemies":"Gremlin Leader","floor":28,"turns":7},{"damage":14,"enemies":"Slavers","floor":31,"turns":6},{"damage":28,"enemies":"Champ","floor":33,"turns":9},{"damage":4,"enemies":"3 Shapes","floor":35,"turns":7},{"damage":14,"enemies":"Orb Walker","floor":36,"turns":8},{"damage":4,"enemies":"3 Darklings","floor":38,"turns":9},{"damage":0,"enemies":"4 Shapes","floor":42,"turns":8},{"damage":4,"enemies":"Sphere and 2 Shapes","floor":46,"turns":4},{"damage":15,"enemies":"Donu and Deca","floor":50,"turns":11}],"event_choices":[{"event_name":"Scrap Ooze","player_choice":"success","floor":14,"damage_taken":3},{"event_name":"Accursed Blacksmith","player_choice":"Forge","floor":25,"damage_taken":0},{"event_name":"Winding Halls","player_choice":"Embrace Madness","floor":39,"damage_taken":0},{"event_name":"Purifier","player_choice":"One Purge","floor":41,"damage_taken":0}],"boss_relics":[{"not_picked":["Black Star","White Beast Statue"],"picked":"Runic Dome"},{"not_picked":["Eternal Feather","Black Blood"],"picked":"Sozu"}],"potions_floor_spawned":[1,4,5,11,13,16,19,23,27,28,33,36,46],"seed_played":"-4930800734845544661","ascension_level":12,"is_trial":false}