{"gold_per_floor":[117,133,133,133,143,171,171,200,225,225,0,0,31,43,43,144,144,164,164,263,281,206,206,241,241],"floor_reached":25,"playtime":29237,"items_purged":["Strike_R"],"score":298,"play_id":"15b06771-c820-4533-8b5c-d355f71f2dd1","local_time":"20190221100958","is_ascension_mode":true,"campfire_choices":[{"data":"Inflame","floor":7,"key":"SMITH"},{"data":"True Grit","floor":10,"key":"SMITH"},{"floor":15,"key":"REST"},{"data":"Armaments","floor":23,"key":"SMITH"}],"neow_cost":"NONE","seed_source_timestamp":507453036571446,"circlet_count":0,"master_deck":["Strike_R+1","Strike_R+1","Strike_R","Defend_R","Defend_R","Defend_R","Defend_R","Bash","Headbutt","Inflame+1","Whirlwind","True Grit+1","Rage","Demon Form","Demon Form","Armaments+1","Feed","Ghostly Armor","Metallicize","Havoc"],"relics":["Burning Blood","Pen Nib","Art of War","Orichalcum","Strawberry","PreservedInsect","Black Star","Bag of Marbles","Matryoshka"],"potions_floor_usage":[13,13,16,24,25],"damage_taken":[{"damage":4,"enemies":"2 Louse","floor":1,"turns":4},{"damage":7,"enemies":"Jaw Worm","floor":2,"turns":3},{"damage":0,"enemies":"Small Slimes","floor":5,"turns":3},{"damage":32,"enemies":"Gremlin Nob","floor":6,"turns":4},{"damage":30,"enemies":"3 Sentries","floor":8,"turns":6},{"damage":2,"enemies":"Gremlin Nob","floor":13,"turns":3},{"damage":3,"enemies":"Blue Slaver","floor":14,"turns":3},{"damage":22,"enemies":"Hexaghost","floor":16,"turns":8},{"damage":24,"enemies":"Shell Parasite","floor":18,"turns":9},{"damage":21,"enemies":"Chosen","floor":21,"turns":7},{"damage":71,"enemies":"Slavers","floor":24,"turns":7},{"damage":17,"enemies":"Snake Plant","floor":25,"turns":2}],"seed_played":"1293157925488682610","potions_obtained":[{"floor":2,"key":"GamblersBrew"},{"floor":13,"key":"Ancient Potion"},{"floor":14,"key":"FairyPotion"},{"floor":16,"key":"Ancient Potion"},{"floor":18,"key":"PowerPotion"},{"floor":24,"key":"SpeedPotion"}],"is_trial":false,"path_per_floor":["M","M","?","?","M","E","R","E","T","R","$","?","E","M","R","B",null,"M","?","?","M","$","R","E","M"],"character_chosen":"IRONCLAD","items_purchased":["Demon Form","Regen Potion"],"campfire_rested":1,"item_purchase_floors":[11,11],"current_hp_per_floor":[80,79,84,67,73,47,47,23,30,30,30,23,36,39,66,50,92,74,74,74,62,62,62,15,0],"gold":241,"neow_bonus":"RANDOM_COMMON_RELIC","is_prod":false,"is_daily":false,"chose_seed":false,"campfire_upgraded":3,"win_rate":0,"timestamp":1550740198,"path_taken":["M","M","?","?","M","E","R","E","T","R","$","?","E","M","R","BOSS","M","?","?","M","$","R","E","M"],"build_version":"2019-01-23","purchased_purges":1,"victory":false,"max_hp_per_floor":[80,80,85,85,85,85,85,85,92,92,92,92,92,92,92,92,92,92,92,92,95,95,95,98,98],"card_choices":[{"not_picked":["True Grit","Twin Strike"],"picked":"Headbutt","floor":1},{"not_picked":["Cleave","Entrench"],"picked":"Inflame","floor":2},{"not_picked":["Bludgeon","Thunderclap"],"picked":"Whirlwind","floor":5},{"not_picked":["Pommel Strike","Body Slam"],"picked":"True Grit","floor":6},{"not_picked":["Intimidate","Headbutt"],"picked":"Rage","floor":8},{"not_picked":["Shrug It Off","Fire Breathing"],"picked":"Demon Form","floor":13},{"not_picked":["Sword Boomerang","Cleave"],"picked":"Armaments","floor":14},{"not_picked":["Bludgeon","Brutality"],"picked":"Feed","floor":16},{"not_picked":["Dropkick+1","Wild Strike+1","Body Slam"],"picked":"SKIP","floor":18},{"not_picked":["Cleave","Sword Boomerang"],"picked":"Metallicize","floor":21},{"not_picked":["Cleave+1","Infernal Blade"],"picked":"Havoc","floor":24}],"player_experience":271440,"relics_obtained":[{"floor":6,"key":"Art of War"},{"floor":8,"key":"Orichalcum"},{"floor":9,"key":"Strawberry"},{"floor":13,"key":"PreservedInsect"},{"floor":24,"key":"Bag of Marbles"},{"floor":24,"key":"Matryoshka"}],"event_choices":[{"damage_healed":0,"gold_gain":0,"player_choice":"Donut","damage_taken":0,"max_hp_gain":5,"max_hp_loss":0,"event_name":"Big Fish","floor":3,"gold_loss":0},{"damage_healed":0,"gold_gain":0,"player_choice":"Entered Light","damage_taken":17,"max_hp_gain":0,"max_hp_loss":0,"event_name":"Shining Light","floor":4,"gold_loss":0,"cards_upgraded":["Strike_R","Strike_R"]},{"cards_removed":["Strike_R"],"damage_healed":0,"gold_gain":0,"player_choice":"Card Removal","damage_taken":7,"max_hp_gain":0,"max_hp_loss":0,"event_name":"Golden Wing","floor":12,"gold_loss":0},{"damage_healed":0,"gold_gain":0,"player_choice":"Read","damage_taken":0,"max_hp_gain":0,"max_hp_loss":0,"event_name":"The Library","floor":19,"gold_loss":0,"cards_obtained":["Ghostly Armor"]},{"damage_healed":0,"gold_gain":99,"player_choice":"Stole From Cult","damage_taken":0,"max_hp_gain":0,"max_hp_loss":0,"event_name":"Nest","floor":20,"gold_loss":0}],"is_beta":false,"boss_relics":[{"not_picked":["Calling Bell","Empty Cage"],"picked":"Black Star"}],"items_purged_floors":[22],"is_endless":false,"potions_floor_spawned":[2,13,14,16,18,24],"killed_by":"Snake Plant","ascension_level":3}