{"gold_per_floor":[109,122,47,60,135,135,170,170,196,211,238,238,238,111,111,111],"floor_reached":16,"playtime":861,"items_purged":["Strike_R","Strike_R"],"score":140,"play_id":"f159ca3d-731b-45d5-ae1b-4c0a63022548","local_time":"20190223112845","is_ascension_mode":true,"campfire_choices":[{"data":"Havoc","floor":6,"key":"SMITH"},{"floor":8,"key":"REST"},{"data":"Whirlwind","floor":12,"key":"SMITH"},{"floor":15,"key":"REST"}],"neow_cost":"NONE","seed_source_timestamp":713390827897982,"circlet_count":0,"master_deck":["Strike_R","Strike_R","Strike_R","Defend_R","Defend_R","Defend_R","Defend_R","Bash","Berserk","Pommel Strike","Havoc+1","Headbutt","Whirlwind+1","Iron Wave+1"],"relics":["Burning Blood","Lantern","Smiling Mask","Bottled Flame"],"potions_floor_usage":[11,11,16,16],"damage_taken":[{"damage":5,"enemies":"2 Louse","floor":1,"turns":3},{"damage":5,"enemies":"Small Slimes","floor":2,"turns":4},{"damage":1,"enemies":"Cultist","floor":4,"turns":3},{"damage":61,"enemies":"Lagavulin","floor":7,"turns":7},{"damage":26,"enemies":"Exordium Thugs","floor":10,"turns":5},{"damage":16,"enemies":"Gremlin Nob","floor":11,"turns":4},{"damage":31,"enemies":"Hexaghost","floor":16,"turns":9}],"seed_played":"-8288645169513201175","potions_obtained":[{"floor":2,"key":"GamblersBrew"},{"floor":7,"key":"LiquidBronze"},{"floor":11,"key":"Strength Potion"}],"is_trial":false,"path_per_floor":["M","M","$","M","?","R","E","R","T","M","E","R","?","$","R","B"],"character_chosen":"IRONCLAD","items_purchased":["EssenceOfSteel"],"campfire_rested":2,"item_purchase_floors":[14],"current_hp_per_floor":[73,74,74,79,68,68,13,37,37,17,7,7,7,7,31,0],"gold":111,"neow_bonus":"ONE_RANDOM_RARE_CARD","is_prod":false,"is_daily":false,"chose_seed":false,"campfire_upgraded":2,"win_rate":0,"timestamp":1550917725,"path_taken":["M","M","$","M","?","R","E","R","T","M","E","R","?","$","R","BOSS"],"build_version":"2019-01-23","purchased_purges":2,"victory":false,"max_hp_per_floor":[80,80,80,80,80,80,80,80,80,80,80,80,80,80,80,80],"card_choices":[{"not_picked":["True Grit","Sword Boomerang"],"picked":"Pommel Strike","floor":1},{"not_picked":["Warcry","Body Slam"],"picked":"Havoc","floor":2},{"not_picked":["Warcry","Flex"],"picked":"Headbutt","floor":4},{"not_picked":["Brutality","Twin Strike","Headbutt"],"picked":"SKIP","floor":7},{"not_picked":["Havoc","Rupture"],"picked":"Whirlwind","floor":10},{"not_picked":["Pummel","Headbutt"],"picked":"Iron Wave","floor":11}],"player_experience":381052,"relics_obtained":[{"floor":7,"key":"Lantern"},{"floor":9,"key":"Smiling Mask"},{"floor":11,"key":"Bottled Flame"}],"event_choices":[{"damage_healed":0,"gold_gain":75,"player_choice":"Gather Gold","damage_taken":11,"max_hp_gain":0,"max_hp_loss":0,"event_name":"World of Goop","floor":5,"gold_loss":0},{"damage_healed":0,"gold_gain":0,"player_choice":"Forge","damage_taken":0,"max_hp_gain":0,"max_hp_loss":0,"event_name":"Accursed Blacksmith","floor":13,"gold_loss":0,"cards_upgraded":["Iron Wave"]}],"is_beta":false,"boss_relics":[],"items_purged_floors":[3,14],"is_endless":false,"potions_floor_spawned":[2,7,11],"killed_by":"Hexaghost","ascension_level":6}