{"gold_per_floor":[114,114,214,228,244,244,262,273,273,284,85,95,108,119,119,215,215,227,152,92,92,191,191,204,222,222,222,222],"floor_reached":28,"playtime":1543,"items_purged":["Strike_R"],"score":216,"play_id":"b0e7434a-e4ea-4d49-8a66-9b33136b5357","local_time":"20190227135255","is_ascension_mode":false,"campfire_choices":[{"data":"Flame Barrier","floor":6,"key":"SMITH"},{"floor":15,"key":"REST"},{"data":"Barricade","floor":23,"key":"SMITH"}],"neow_cost":"NONE","seed_source_timestamp":3779575091194502,"circlet_count":0,"master_deck":["Strike_R","Strike_R","Defend_R","Defend_R","Defend_R","Defend_R","Bash","Spot Weakness","Flame Barrier+1","Thunderclap","Body Slam","Headbutt","Dropkick","Metallicize","Clothesline","Evolve","True Grit","Barricade+1","Ghostly Armor","Metallicize","Dual Wield+1","Feel No Pain"],"relics":["Burning Blood"],"potions_floor_usage":[8,16,21,21,28],"damage_taken":[{"damage":10,"enemies":"Jaw Worm","floor":1,"turns":5},{"damage":2,"enemies":"Small Slimes","floor":4,"turns":5},{"damage":4,"enemies":"Cultist","floor":5,"turns":4},{"damage":15,"enemies":"Lots of Slimes","floor":7,"turns":4},{"damage":26,"enemies":"Exordium Thugs","floor":8,"turns":8},{"damage":25,"enemies":"Large Slime","floor":10,"turns":10},{"damage":4,"enemies":"3 Louse","floor":12,"turns":4},{"damage":18,"enemies":"Exordium Wildlife","floor":13,"turns":5},{"damage":5,"enemies":"2 Fungi Beasts","floor":14,"turns":4},{"damage":53,"enemies":"Slime Boss","floor":16,"turns":15},{"damage":20,"enemies":"Chosen","floor":18,"turns":8},{"damage":3,"enemies":"2 Thieves","floor":20,"turns":4},{"damage":10,"enemies":"Snake Plant","floor":21,"turns":3},{"damage":4,"enemies":"Snecko","floor":24,"turns":11},{"damage":66,"enemies":"Chosen and Byrds","floor":25,"turns":10},{"damage":24,"enemies":"Sentry and Sphere","floor":28,"turns":5}],"seed_played":"-2784495569686840958","potions_obtained":[{"floor":1,"key":"PowerPotion"},{"floor":5,"key":"SmokeBomb"},{"floor":13,"key":"Ancient Potion"},{"floor":14,"key":"SteroidPotion"},{"floor":16,"key":"SkillPotion"},{"floor":24,"key":"SpeedPotion"}],"is_trial":false,"path_per_floor":["M","?","?","M","M","R","M","M","T","M","$","M","M","M","R","B",null,"M","?","M","M","?","R","M","M","T","?","M"],"character_chosen":"IRONCLAD","items_purchased":["Metallicize","Clothesline"],"campfire_rested":1,"item_purchase_floors":[11,11],"current_hp_per_floor":[84,84,84,88,88,88,79,59,59,40,40,42,30,31,57,10,88,74,74,77,73,73,73,75,15,15,15,0],"gold":222,"neow_bonus":"TEN_PERCENT_HP_BONUS","is_prod":false,"is_daily":false,"chose_seed":false,"campfire_upgraded":2,"win_rate":0,"timestamp":1551293575,"path_taken":["M","?","?","M","M","R","M","M","T","M","$","?","M","?","R","BOSS","M","?","M","M","?","R","M","M","T","?","M"],"build_version":"2019-02-06","purchased_purges":1,"victory":false,"max_hp_per_floor":[88,88,88,88,88,88,88,88,88,88,88,88,88,88,88,88,88,88,88,88,88,88,88,88,88,88,88,88],"card_choices":[{"not_picked":["Combust","Perfected Strike","Sever Soul"],"picked":"SKIP","floor":1},{"not_picked":["Headbutt","Whirlwind"],"picked":"Flame Barrier","floor":4},{"not_picked":["Flex","Anger"],"picked":"Thunderclap","floor":5},{"not_picked":["Sword Boomerang","Clothesline"],"picked":"Body Slam","floor":7},{"not_picked":["Havoc","Reckless Charge"],"picked":"Headbutt","floor":8},{"not_picked":["Rupture","Berserk"],"picked":"Dropkick","floor":10},{"not_picked":["Perfected Strike","Clothesline"],"picked":"Evolve","floor":12},{"not_picked":["Rampage","Intimidate"],"picked":"True Grit","floor":13},{"not_picked":["Sever Soul","Blood for Blood","Fire Breathing"],"picked":"SKIP","floor":14},{"not_picked":["Dark Embrace","Brutality"],"picked":"Barricade","floor":16},{"not_picked":["Wild Strike","Heavy Blade+1"],"picked":"Ghostly Armor","floor":18},{"not_picked":["Twin Strike","Body Slam"],"picked":"Metallicize","floor":20},{"not_picked":["Twin Strike","Headbutt"],"picked":"Dual Wield+1","floor":24},{"not_picked":["Sword Boomerang","Clothesline"],"picked":"Feel No Pain","floor":25}],"player_experience":288326,"relics_obtained":[],"event_choices":[{"damage_healed":0,"gold_gain":0,"cards_transformed":["Strike_R"],"player_choice":"Change","damage_taken":0,"max_hp_gain":0,"max_hp_loss":0,"event_name":"Living Wall","floor":2,"gold_loss":0,"cards_obtained":["Spot Weakness"]},{"damage_healed":0,"gold_gain":100,"player_choice":"Gold","damage_taken":0,"max_hp_gain":0,"max_hp_loss":0,"event_name":"Wheel of Change","floor":3,"gold_loss":0},{"cards_removed":["Strike_R"],"damage_healed":0,"gold_gain":0,"player_choice":"Gave Gold","damage_taken":0,"max_hp_gain":0,"max_hp_loss":0,"event_name":"Beggar","floor":19,"gold_loss":75},{"damage_healed":0,"gold_gain":99,"player_choice":"Stole From Cult","damage_taken":0,"max_hp_gain":0,"max_hp_loss":0,"event_name":"Nest","floor":22,"gold_loss":0}],"is_beta":true,"boss_relics":[{"not_picked":[]}],"items_purged_floors":[11],"is_endless":false,"potions_floor_spawned":[1,5,13,14,16,21,24],"killed_by":"Sentry and Sphere","ascension_level":0}