{"path_per_floor":["M","?","M","$","?","E","M","E","T","?","R","M","$","E","R","B",null,"M","?","M","?","$","E","R","?","T","M","M","E","R","E","R","B",null,"M","?","M","?","$","R","E","R","T","M","E","M","$","E","R","B"],"character_chosen":"THE_SILENT","items_purchased":["Footwork","Regen Potion","Well Laid Plans","Regen Potion","Infinite Blades","Ice Cream"],"gold_per_floor":[117,192,212,16,16,48,58,85,85,85,85,103,17,45,45,146,146,158,83,93,93,21,46,46,46,97,109,125,154,154,186,186,288,288,301,354,364,364,72,72,103,103,103,114,142,154,104,132,132,132],"floor_reached":51,"campfire_rested":2,"playtime":5945,"current_hp_per_floor":[63,52,52,52,57,57,57,50,50,36,36,36,36,29,29,21,59,59,59,59,46,46,46,77,77,77,65,65,58,58,55,55,53,74,74,72,72,81,81,81,57,57,57,59,59,59,59,61,85,50],"items_purged":["Parasite","Writhe"],"gold":132,"score":1124,"play_id":"823ae8b4-d88b-4dde-aa5c-8671d4e76a80","is_prod":false,"is_daily":false,"is_ascension_mode":true,"campfire_upgraded":6,"path_taken":["M","?","?","?","?","E","?","E","T","?","R","?","$","E","R","BOSS","M","?","M","?","$","E","R","?","T","?","M","E","R","E","R","BOSS","M","?","M","?","$","R","E","R","T","M","E","?","$","E","R","BOSS"],"build_version":"2018-02-06-BETA1","purchased_purges":2,"victory":true,"master_deck":["Defend_G","Defend_G","Defend_G","Strike_G","Strike_G+1","Strike_G","Survivor+1","Neutralize+1","Outmaneuver+1","Caltrops+1","Footwork+1","Escape Plan","Infinite Blades+1","Dodge and Roll+1","Well Laid Plans+1","Backflip","Adrenaline+1","After Image+1","Bane+1","PiercingWail+1","Cloak And Dagger+1","Infinite Blades","Distraction+1","Cloak And Dagger+1","Backflip","Caltrops+1","Riddle With Holes+1","Footwork+1","Calculated Gamble+1","Dodge and Roll+1","Caltrops"],"max_hp_per_floor":[70,70,70,67,72,72,72,72,72,72,72,72,72,72,72,72,72,72,72,72,77,77,77,77,77,77,77,77,77,77,79,79,81,81,81,81,81,81,81,81,81,81,81,83,83,83,83,85,85,85],"relics":["Ring of the Snake","NeowsBlessing","Mercury Hourglass","Shuriken","Gremlin Horn","Tough Bandages","Astrolabe","Regal Pillow","War Paint","Frozen Eye","Singing Bowl","Sozu","Thread and Needle","Ice Cream","Smiling Mask","Matryoshka","Bronze Scales","Bird Faced Urn"],"card_choices":[{"not_picked":["Underhanded Strike","Poisoned Stab"],"picked":"Outmaneuver"},{"not_picked":["Deflect","Choke"],"picked":"Caltrops"},{"not_picked":["Deflect","Cloak And Dagger"],"picked":"Escape Plan"},{"not_picked":["PiercingWail","Flying Knee"],"picked":"Infinite Blades"},{"not_picked":["Bane","Poisoned Stab"],"picked":"Dodge and Roll"},{"not_picked":["Backstab","Flechettes"],"picked":"Backflip"},{"not_picked":["Burst","Unload"],"picked":"Adrenaline"},{"not_picked":["Deflect","Deadly Poison"],"picked":"Cloak And Dagger"},{"not_picked":["Dagger Throw","Setup"],"picked":"Distraction"},{"not_picked":["Terror","Masterful Stab"],"picked":"Cloak And Dagger"},{"not_picked":["Riddle With Holes","Quick Slash"],"picked":"Backflip"},{"not_picked":["Dagger Spray","Dagger Throw"],"picked":"Caltrops"},{"not_picked":["Slice","Dagger Spray"],"picked":"Riddle With Holes"},{"not_picked":["Outmaneuver","Masterful Stab"],"picked":"Footwork"},{"not_picked":["Tools of the Trade","Flying Knee"],"picked":"Calculated Gamble"},{"not_picked":["Accuracy","Backstab"],"picked":"Dodge and Roll"},{"not_picked":["Cloak And Dagger","Outmaneuver"],"picked":"Caltrops"}],"player_experience":707330,"potions_floor_usage":[8,14,16,23,29],"damage_taken":[{"damage":0,"enemies":"Jaw Worm","floor":1,"turns":1},{"damage":0,"enemies":"Cultist","floor":3,"turns":1},{"damage":0,"enemies":"Gremlin Nob","floor":6,"turns":1},{"damage":0,"enemies":"Blue Slaver","floor":7,"turns":5},{"damage":19,"enemies":"Lagavulin","floor":8,"turns":11},{"damage":0,"enemies":"Large Slime","floor":12,"turns":7},{"damage":19,"enemies":"Gremlin Nob","floor":14,"turns":6},{"damage":8,"enemies":"The Guardian","floor":16,"turns":10},{"damage":0,"enemies":"Shell Parasite","floor":18,"turns":6},{"damage":0,"enemies":"Spheric Guardian","floor":20,"turns":4},{"damage":0,"enemies":"Gremlin Leader","floor":23,"turns":6},{"damage":12,"enemies":"Slaver and Parasite","floor":27,"turns":5},{"damage":0,"enemies":"3 Cultists","floor":28,"turns":4},{"damage":7,"enemies":"Slavers","floor":29,"turns":7},{"damage":5,"enemies":"Gremlin Leader","floor":31,"turns":6},{"damage":4,"enemies":"Automaton","floor":33,"turns":8},{"damage":0,"enemies":"Orb Walker","floor":35,"turns":4},{"damage":2,"enemies":"Mysterious Sphere","floor":36,"turns":6},{"damage":0,"enemies":"Flame Bruiser 1 Orb","floor":37,"turns":5},{"damage":24,"enemies":"2 Orb Walkers","floor":41,"turns":4},{"damage":0,"enemies":"Spire Growth","floor":44,"turns":4},{"damage":0,"enemies":"Nemesis","floor":45,"turns":7},{"damage":0,"enemies":"Maw","floor":46,"turns":7},{"damage":0,"enemies":"Giant Head","floor":48,"turns":6},{"damage":49,"enemies":"Time Eater","floor":50,"turns":18}],"event_choices":[{"event_name":"World of Goop","player_choice":"Gather Gold","floor":2,"damage_taken":0},{"event_name":"Big Fish","player_choice":"Donut","floor":5,"damage_taken":0},{"event_name":"Shining Light","player_choice":"Entered Light","floor":10,"damage_taken":0},{"event_name":"Beggar","player_choice":"Gave Gold","floor":19,"damage_taken":0},{"event_name":"Forgotten Altar","player_choice":"Shed Blood","floor":21,"damage_taken":0},{"event_name":"Upgrade Shrine","player_choice":"Upgraded","floor":25,"damage_taken":0},{"event_name":"Mysterious Sphere","player_choice":"Fight","floor":36,"damage_taken":0},{"event_name":"Winding Halls","player_choice":"Writhe","floor":38,"damage_taken":0}],"boss_relics":[{"not_picked":["Orrery","Tiny House"],"picked":"Astrolabe"},{"not_picked":["Snecko Eye","Black Star"],"picked":"Sozu"}],"potions_floor_spawned":[6,8,12,14,16,27,28,29,31,33,36,37,44,45],"seed_played":"-5654852493625229367","ascension_level":11,"is_trial":false}