{"gold_per_floor":[118,134,84,84,84,116,116,142,142,20,20,31,31,31,31,127,127,142,62,74,87,107,107,140,140,195,110,125,125,153,10,10,10],"floor_reached":33,"playtime":2372,"items_purged":["Strike_B","Pain"],"score":335,"play_id":"9f88b42d-bbd4-4593-aa41-5f4ba6fcbb5d","local_time":"20190220165309","is_ascension_mode":true,"campfire_choices":[{"floor":7,"key":"REST"},{"floor":11,"key":"REST"},{"data":"Streamline","floor":13,"key":"SMITH"},{"floor":15,"key":"REST"},{"data":"Zap","floor":23,"key":"SMITH"},{"floor":25,"key":"REST"},{"floor":32,"key":"REST"}],"neow_cost":"NONE","seed_source_timestamp":472141761756917,"circlet_count":0,"master_deck":["Strike_B","Defend_B","Defend_B","Defend_B","Defend_B","Zap+1","Dualcast","Loop+1","Coolheaded","Cold Snap","Streamline+1","All For One","Consume+1","Blizzard","Conserve Battery","Redo","Genetic Algorithm","Static Discharge+1","Conserve Battery","Hello World"],"relics":["Cracked Core","Centennial Puzzle","Ginger","Torii","Bottled Flame","Cursed Key","Strawberry","Tiny Chest","Calipers","The Courier"],"potions_floor_usage":[6,21,24,24,30,30,30],"damage_taken":[{"damage":6,"enemies":"Jaw Worm","floor":1,"turns":4},{"damage":7,"enemies":"2 Louse","floor":2,"turns":3},{"damage":38,"enemies":"Gremlin Nob","floor":6,"turns":4},{"damage":23,"enemies":"Lagavulin","floor":8,"turns":8},{"damage":0,"enemies":"Cultist","floor":12,"turns":3},{"damage":11,"enemies":"Slime Boss","floor":16,"turns":12},{"damage":10,"enemies":"Spheric Guardian","floor":18,"turns":6},{"damage":8,"enemies":"Shell Parasite","floor":20,"turns":7},{"damage":0,"enemies":"Cultist and Chosen","floor":21,"turns":7},{"damage":16,"enemies":"Snake Plant","floor":22,"turns":5},{"damage":34,"enemies":"Slavers","floor":24,"turns":4},{"damage":18,"enemies":"Snecko","floor":28,"turns":4},{"damage":28,"enemies":"Book of Stabbing","floor":30,"turns":4},{"damage":37,"enemies":"Collector","floor":33,"turns":5}],"seed_played":"-3168671879313743652","potions_obtained":[{"floor":2,"key":"Fire Potion"},{"floor":12,"key":"SneckoOil"},{"floor":20,"key":"PowerPotion"},{"floor":22,"key":"FocusPotion"},{"floor":28,"key":"PowerPotion"},{"floor":29,"key":"Regen Potion"},{"floor":29,"key":"Weak Potion"}],"is_trial":false,"path_per_floor":["M","M","?","?","?","E","R","E","T","$","R","M","R","$","R","B",null,"M","$","M","M","M","R","E","R","T","?","M","?","E","$","R","B"],"character_chosen":"DEFECT","items_purchased":["Cold Snap","Blizzard","Hello World"],"campfire_rested":5,"item_purchase_floors":[10,19,31],"current_hp_per_floor":[69,62,62,55,55,17,39,16,16,16,38,38,38,38,60,49,75,65,65,57,57,41,41,14,38,38,38,20,20,6,6,30,0],"gold":10,"neow_bonus":"RANDOM_COMMON_RELIC","is_prod":false,"is_daily":false,"chose_seed":false,"campfire_upgraded":2,"win_rate":0,"timestamp":1550677989,"path_taken":["M","M","?","?","?","E","R","E","T","$","R","?","R","$","R","BOSS","M","$","M","M","M","R","E","R","T","?","M","?","E","$","R","BOSS"],"build_version":"2019-01-23","purchased_purges":2,"victory":false,"max_hp_per_floor":[75,75,75,75,75,75,75,75,75,75,75,75,75,75,75,75,75,75,75,75,75,75,75,82,82,82,82,82,82,82,82,82,82],"card_choices":[{"not_picked":["Ball Lightning","Chaos"],"picked":"Loop","floor":1},{"not_picked":["Leap","Static Discharge"],"picked":"Coolheaded","floor":2},{"not_picked":["Steam","Go for the Eyes","FTL"],"picked":"SKIP","floor":6},{"not_picked":["Hologram","Reinforced Body","Recycle"],"picked":"SKIP","floor":8},{"not_picked":["Rebound","Redo"],"picked":"Streamline","floor":12},{"not_picked":["Biased Cognition","Creative AI"],"picked":"All For One","floor":16},{"not_picked":["Steam Power","Turbo"],"picked":"Consume+1","floor":18},{"not_picked":["Reinforced Body","Leap"],"picked":"Conserve Battery","floor":20},{"not_picked":["Doom and Gloom","Blizzard"],"picked":"Redo","floor":21},{"not_picked":["Storm","Lockon"],"picked":"Genetic Algorithm","floor":22},{"not_picked":["Compile Driver","Hologram"],"picked":"Static Discharge+1","floor":24},{"not_picked":["Tempest+1","Turbo","Stack+1"],"picked":"SKIP","floor":28},{"not_picked":["Multi-Cast","Go for the Eyes"],"picked":"Conserve Battery","floor":30}],"player_experience":236376,"relics_obtained":[{"floor":6,"key":"Ginger"},{"floor":8,"key":"Torii"},{"floor":9,"key":"Bottled Flame"},{"floor":24,"key":"Strawberry"},{"floor":26,"key":"Tiny Chest"},{"floor":30,"key":"The Courier"}],"event_choices":[{"cards_removed":["Strike_B"],"damage_healed":0,"gold_gain":0,"player_choice":"Card Removal","damage_taken":0,"max_hp_gain":0,"max_hp_loss":0,"event_name":"The Cleric","floor":3,"gold_loss":50},{"cards_removed":["Strike_B"],"damage_healed":0,"gold_gain":0,"player_choice":"Card Removal","damage_taken":7,"max_hp_gain":0,"max_hp_loss":0,"event_name":"Golden Wing","floor":4,"gold_loss":0},{"damage_healed":0,"gold_gain":0,"player_choice":"Grow","damage_taken":0,"max_hp_gain":0,"max_hp_loss":0,"event_name":"Living Wall","floor":5,"gold_loss":0,"cards_upgraded":["Loop"]},{"damage_healed":0,"gold_gain":0,"player_choice":"Obtained Relic","damage_taken":0,"relics_obtained":["Calipers"],"max_hp_gain":0,"max_hp_loss":0,"event_name":"Addict","floor":27,"gold_loss":85},{"damage_healed":0,"gold_gain":0,"player_choice":"Got Potions","damage_taken":0,"max_hp_gain":0,"max_hp_loss":0,"event_name":"Lab","floor":29,"gold_loss":0}],"is_beta":false,"boss_relics":[{"not_picked":["Fusion Hammer","Calling Bell"],"picked":"Cursed Key"}],"items_purged_floors":[10,31],"is_endless":false,"potions_floor_spawned":[2,12,20,22,28],"killed_by":"Collector","ascension_level":3}