{"gold_per_floor":[112,187,31,42,58,58,70,83,83,97,111,131,131,131,131,257,257,271,286,211,236,254,254,254,254],"floor_reached":25,"playtime":2334,"items_purged":[],"score":219,"play_id":"7d7cf462-d69b-49a2-b923-fe5417f88ca2","local_time":"20190227212024","is_ascension_mode":true,"campfire_choices":[{"data":"Footwork","floor":6,"key":"SMITH"},{"floor":13,"key":"REST"},{"floor":15,"key":"REST"},{"floor":23,"key":"REST"}],"neow_cost":"NONE","seed_source_timestamp":460522613660372,"circlet_count":0,"master_deck":["Defend_G","Defend_G","Defend_G","Defend_G","Defend_G","Strike_G","Strike_G","Strike_G","Strike_G","Strike_G","Survivor","Neutralize","Escape Plan","Cloak And Dagger","Footwork+1","Backflip","Acrobatics","Backstab","After Image","Poisoned Stab","Deadly Poison"],"relics":["WristBlade","Lantern","Blue Candle","Golden Idol","Snecko Eye"],"potions_floor_usage":[12,16,16,18,24],"damage_taken":[{"damage":4,"enemies":"Jaw Worm","floor":1,"turns":4},{"damage":0,"enemies":"Cultist","floor":4,"turns":4},{"damage":0,"enemies":"2 Louse","floor":5,"turns":3},{"damage":8,"enemies":"Looter","floor":7,"turns":3},{"damage":4,"enemies":"2 Fungi Beasts","floor":8,"turns":5},{"damage":0,"enemies":"Blue Slaver","floor":10,"turns":5},{"damage":0,"enemies":"3 Louse","floor":11,"turns":7},{"damage":7,"enemies":"2 Fungi Beasts","floor":12,"turns":5},{"damage":40,"enemies":"The Guardian","floor":16,"turns":14},{"damage":0,"enemies":"Spheric Guardian","floor":18,"turns":1},{"damage":19,"enemies":"Shell Parasite","floor":19,"turns":10},{"damage":0,"enemies":"Centurion and Healer","floor":21,"turns":15},{"damage":41,"enemies":"Chosen and Byrds","floor":22,"turns":11},{"damage":25,"enemies":"Colosseum Slavers","floor":24,"turns":6},{"damage":11,"enemies":"3 Cultists","floor":25,"turns":3}],"seed_played":"-4416736397588132784","potions_obtained":[{"floor":1,"key":"FearPotion"},{"floor":4,"key":"PowerPotion"},{"floor":11,"key":"LiquidBronze"},{"floor":16,"key":"AttackPotion"},{"floor":22,"key":"Fire Potion"}],"is_trial":false,"path_per_floor":["M","?","$","M","M","R","M","M","T","M","M","M","R","?","R","B",null,"M","M","?","M","M","R","?","M"],"character_chosen":"THE_SILENT","items_purchased":["Lantern"],"campfire_rested":3,"item_purchase_floors":[3],"current_hp_per_floor":[66,59,59,59,59,59,51,47,47,47,47,40,61,44,65,25,70,70,51,51,51,10,31,6,0],"gold":254,"neow_bonus":"BOSS_RELIC","is_prod":false,"is_daily":false,"chose_seed":false,"campfire_upgraded":1,"win_rate":0,"timestamp":1551273624,"path_taken":["M","?","?","M","M","R","M","?","T","?","M","M","R","?","R","BOSS","M","M","?","M","M","R","?","M"],"build_version":"2019-01-23","purchased_purges":0,"victory":false,"max_hp_per_floor":[70,70,70,70,70,70,70,70,70,70,70,70,70,70,70,70,70,70,70,70,70,70,70,70,70],"card_choices":[{"not_picked":["Leg Sweep","Blade Dance"],"picked":"Escape Plan","floor":1},{"not_picked":["Endless Agony","Flechettes"],"picked":"Cloak And Dagger","floor":4},{"not_picked":["Outmaneuver","Prepared"],"picked":"Footwork","floor":5},{"not_picked":["Prepared","Finisher"],"picked":"Backflip","floor":7},{"not_picked":["Choke","Masterful Stab"],"picked":"Acrobatics","floor":8},{"not_picked":["Prepared","Reflex"],"picked":"Grand Finale","floor":10},{"not_picked":["Dagger Spray","Underhanded Strike","Setup"],"picked":"SKIP","floor":11},{"not_picked":["All Out Attack","Acrobatics"],"picked":"Backstab","floor":12},{"not_picked":["Grand Finale","Die Die Die"],"picked":"After Image","floor":16},{"not_picked":["Flechettes","Dagger Throw"],"picked":"Poisoned Stab","floor":18},{"not_picked":["Slice+1","Eviscerate+1","Acrobatics"],"picked":"SKIP","floor":19},{"not_picked":["Dagger Throw","Dagger Spray","Masterful Stab"],"picked":"SKIP","floor":21},{"not_picked":["Flying Knee","Slice"],"picked":"Deadly Poison","floor":22}],"player_experience":103620,"relics_obtained":[{"floor":9,"key":"Blue Candle"}],"event_choices":[{"damage_healed":0,"gold_gain":75,"player_choice":"Touch","damage_taken":7,"max_hp_gain":0,"max_hp_loss":0,"event_name":"FaceTrader","floor":2,"gold_loss":0},{"damage_healed":0,"gold_gain":0,"player_choice":"Take Damage","damage_taken":17,"relics_obtained":["Golden Idol"],"max_hp_gain":0,"max_hp_loss":0,"event_name":"Golden Idol","floor":14,"gold_loss":0},{"cards_removed":["Grand Finale"],"damage_healed":0,"gold_gain":0,"player_choice":"Gave Gold","damage_taken":0,"max_hp_gain":0,"max_hp_loss":0,"event_name":"Beggar","floor":20,"gold_loss":75},{"damage_healed":0,"gold_gain":0,"player_choice":"Fight","damage_taken":0,"max_hp_gain":0,"max_hp_loss":0,"event_name":"Colosseum","floor":24,"gold_loss":0},{"damage_healed":0,"gold_gain":0,"player_choice":"Fled From Nobs","damage_taken":0,"max_hp_gain":0,"max_hp_loss":0,"event_name":"Colosseum","floor":24,"gold_loss":0}],"is_beta":false,"boss_relics":[{"not_picked":["Eternal Feather","Cursed Key"],"picked":"Snecko Eye"}],"items_purged_floors":[],"is_endless":false,"potions_floor_spawned":[1,4,11,16,22,24],"killed_by":"3 Cultists","ascension_level":2}