{"gold_per_floor":[117,117,117,117,133,133,166,181,233,233,257,301,301,341,341,439,439,463,463,482,77,97,97,97],"floor_reached":24,"playtime":1296,"items_purged":["Strike_R"],"score":407,"play_id":"b023c698-e30f-4068-b03b-b4b82543e804","local_time":"20190219000918","is_ascension_mode":true,"campfire_choices":[{"data":"Barricade","floor":6,"key":"SMITH"},{"floor":10,"key":"REST"},{"floor":13,"key":"REST"},{"floor":15,"key":"REST"},{"floor":23,"key":"REST"}],"neow_cost":"NONE","seed_source_timestamp":8926243756618,"circlet_count":0,"master_deck":["AscendersBane","Strike_R","Strike_R","Strike_R","Strike_R","Defend_R","Defend_R+1","Defend_R","Defend_R+1","Bash","Iron Wave","Barricade+1","Body Slam","Armaments","Iron Wave","Battle Trance","Inflame","Entrench","Immolate","Shrug It Off+1"],"relics":["Burning Blood","Golden Idol","Vajra","War Paint","Gremlin Horn","Boot","Runic Dome","Torii","FossilizedHelix"],"potions_floor_usage":[12,24,24],"damage_taken":[{"damage":5,"enemies":"Small Slimes","floor":1,"turns":3},{"damage":4,"enemies":"Jaw Worm","floor":5,"turns":6},{"damage":51,"enemies":"Gremlin Nob","floor":7,"turns":5},{"damage":0,"enemies":"Cultist","floor":8,"turns":4},{"damage":1,"enemies":"Looter","floor":11,"turns":4},{"damage":41,"enemies":"Lagavulin","floor":12,"turns":9},{"damage":22,"enemies":"3 Sentries","floor":14,"turns":8},{"damage":19,"enemies":"The Guardian","floor":16,"turns":12},{"damage":20,"enemies":"2 Thieves","floor":18,"turns":4},{"damage":14,"enemies":"Chosen","floor":20,"turns":6},{"damage":25,"enemies":"Snake Plant","floor":22,"turns":4},{"damage":66,"enemies":"Slavers","floor":24,"turns":4}],"seed_played":"-5507370816668747691","potions_obtained":[{"floor":5,"key":"SpeedPotion"},{"floor":8,"key":"SteroidPotion"},{"floor":22,"key":"GamblersBrew"}],"is_trial":false,"path_per_floor":["M","?","?","?","M","R","E","M","T","R","M","E","R","E","R","B",null,"M","T","M","$","M","R","E"],"character_chosen":"IRONCLAD","items_purchased":["FossilizedHelix"],"campfire_rested":4,"item_purchase_floors":[21],"current_hp_per_floor":[76,81,51,51,53,53,8,14,14,40,45,10,36,20,46,33,74,60,60,52,52,33,59,0],"gold":97,"neow_bonus":"TEN_PERCENT_HP_BONUS","is_prod":false,"is_daily":false,"chose_seed":false,"campfire_upgraded":1,"win_rate":0,"timestamp":1550563758,"path_taken":["M","?","?","?","M","R","E","M","T","R","M","E","R","E","R","BOSS","M","?","M","$","M","R","E"],"build_version":"2019-01-23","purchased_purges":1,"victory":false,"max_hp_per_floor":[82,87,87,87,87,87,87,87,87,87,87,87,87,87,87,87,87,87,87,87,87,87,87,87],"card_choices":[{"not_picked":["True Grit","Shockwave"],"picked":"Iron Wave","floor":1},{"not_picked":["Sentinel","Thunderclap"],"picked":"Body Slam","floor":5},{"not_picked":["Headbutt","Cleave"],"picked":"Armaments","floor":7},{"not_picked":["Twin Strike","Thunderclap"],"picked":"Iron Wave","floor":8},{"not_picked":["Twin Strike","Armaments"],"picked":"Battle Trance","floor":11},{"not_picked":["Reckless Charge","Exhume"],"picked":"Inflame","floor":12},{"not_picked":["Second Wind","Headbutt"],"picked":"Entrench","floor":14},{"not_picked":["Reaper","Offering"],"picked":"Immolate","floor":16},{"not_picked":["Thunderclap","Dual Wield","Cleave"],"picked":"SKIP","floor":18},{"not_picked":["Flex+1","Sentinel"],"picked":"Shrug It Off+1","floor":20},{"not_picked":["Body Slam","Thunderclap","Rampage"],"picked":"SKIP","floor":22}],"player_experience":840186,"relics_obtained":[{"floor":7,"key":"Vajra"},{"floor":9,"key":"War Paint"},{"floor":12,"key":"Gremlin Horn"},{"floor":14,"key":"Boot"},{"floor":19,"key":"Torii"}],"event_choices":[{"damage_healed":0,"gold_gain":0,"player_choice":"Donut","damage_taken":0,"max_hp_gain":5,"max_hp_loss":0,"event_name":"Big Fish","floor":2,"gold_loss":0},{"damage_healed":0,"gold_gain":0,"player_choice":"Take Damage","damage_taken":30,"relics_obtained":["Golden Idol"],"max_hp_gain":0,"max_hp_loss":0,"event_name":"Golden Idol","floor":3,"gold_loss":0},{"damage_healed":0,"gold_gain":0,"player_choice":"1 cards matched","damage_taken":0,"max_hp_gain":0,"max_hp_loss":0,"event_name":"Match and Keep!","floor":4,"gold_loss":0,"cards_obtained":["Barricade"]}],"is_beta":false,"boss_relics":[{"not_picked":["Fusion Hammer","Empty Cage"],"picked":"Runic Dome"}],"items_purged_floors":[21],"is_endless":false,"potions_floor_spawned":[5,8,22],"killed_by":"Slavers","ascension_level":18}