{"path_per_floor":["M","M","$","M","?","E","M","R","T","R","?","E","M","E","R","B",null,"M","$","?","M","M","R","E","R","T","M","T","E","$","M","R","B",null,"M","M","M","M","?","R","?","E","T","M","R","T","M","$","R","B"],"character_chosen":"IRONCLAD","items_purchased":["Anger","Vajra","Metallicize","Shrug It Off","Happy Flower"],"gold_per_floor":[117,133,10,23,23,56,69,69,69,69,69,101,116,142,142,218,218,233,17,17,34,51,51,86,86,110,127,127,159,5,22,22,99,99,118,131,151,162,162,162,162,188,188,201,201,201,216,67,67,67],"floor_reached":51,"campfire_rested":1,"playtime":3258,"current_hp_per_floor":[71,72,72,64,64,35,34,34,34,58,58,56,48,46,46,41,79,73,73,73,69,67,67,60,60,60,62,62,59,59,76,76,55,87,100,99,100,102,102,102,102,102,102,104,104,104,106,106,106,89],"items_purged":["Strike_R","Strike_R"],"gold":67,"score":1260,"play_id":"9ecd8ab0-d0ac-48da-bcbc-c10ec92164e7","local_time":"20180514010952","is_prod":false,"is_daily":false,"chose_seed":false,"is_ascension_mode":true,"campfire_upgraded":8,"timestamp":1526285392,"path_taken":["M","M","?","M","?","E","M","R","T","R","?","E","M","E","R","BOSS","M","$","?","M","?","R","E","R","T","M","?","E","?","M","R","BOSS","M","M","?","M","?","R","?","E","T","M","R","?","M","$","R","BOSS"],"build_version":"2018-05-12v2","seed_source_timestamp":108934633835277,"purchased_purges":2,"victory":true,"master_deck":["Strike_R+1","Defend_R+1","Defend_R+1","Defend_R+1","Defend_R+1","Bash+1","AscendersBane","Hemokinesis+1","Flame Barrier+1","Anger+1","Pommel Strike+1","Offering+1","Havoc+1","Disarm+1","Exhume+1","Spot Weakness+1","Metallicize+1","Shockwave+1","Metallicize+1","Reaper","Shrug It Off+1","Demon Form+1","Flame Barrier+1","Sword Boomerang+1","Exhume+1","Battle Trance+1"],"max_hp_per_floor":[82,82,82,82,82,82,82,82,82,82,82,92,92,92,92,92,92,92,92,92,92,94,94,94,94,94,96,96,96,96,98,98,98,98,100,100,100,102,102,102,102,102,102,104,104,104,106,106,106,106],"relics":["Burning Blood","Red Skull","Toxic Egg 2","Pear","Singing Bowl","Sozu","Vajra","Sundial","Lantern","Toolbox","Question Card","Philosopher\u0027s Stone","Centennial Puzzle","Kunai","Matryoshka","Happy Flower"],"card_choices":[{"not_picked":["Clothesline","Perfected Strike"],"picked":"Hemokinesis","floor":1},{"not_picked":["Twin Strike","Searing Blow"],"picked":"Flame Barrier","floor":2},{"not_picked":["Anger","Headbutt"],"picked":"Pommel Strike","floor":4},{"not_picked":["Armaments","Clash","Juggernaut"],"picked":"SKIP","floor":6},{"not_picked":["Bloodletting","Wild Strike","Carnage"],"picked":"SKIP","floor":7},{"not_picked":["Wild Strike","Whirlwind"],"picked":"Offering+1","floor":12},{"not_picked":["Infernal Blade+1","Entrench+1"],"picked":"Havoc+1","floor":13},{"not_picked":["Carnage","Havoc+1"],"picked":"Disarm+1","floor":14},{"not_picked":["Immolate","Juggernaut"],"picked":"Exhume+1","floor":16},{"not_picked":["Twin Strike","Anger"],"picked":"Spot Weakness+1","floor":18},{"not_picked":["Wild Strike","Battle Trance+1"],"picked":"Shockwave+1","floor":21},{"not_picked":["Searing Blow","Headbutt","Seeing Red+1"],"picked":"Singing Bowl","floor":22},{"not_picked":["Perfected Strike","Rampage"],"picked":"Metallicize","floor":24},{"not_picked":["Warcry+1","Clothesline","Perfected Strike"],"picked":"Singing Bowl","floor":27},{"not_picked":["Heavy Blade","Bloodletting+1"],"picked":"Reaper","floor":29},{"not_picked":["Havoc+1","Cleave","Body Slam","True Grit+1"],"picked":"Singing Bowl","floor":31},{"not_picked":["Fiend Fire","Offering+1","Impervious+1"],"picked":"Demon Form","floor":33},{"not_picked":["Iron Wave","Heavy Blade+1","Evolve","Bloodletting+1"],"picked":"Singing Bowl","floor":35},{"not_picked":["Infernal Blade+1","Sword Boomerang","Body Slam+1"],"picked":"Flame Barrier+1","floor":36},{"not_picked":["Anger+1","Dropkick","Wild Strike+1"],"picked":"Sword Boomerang+1","floor":37},{"not_picked":["Anger","Reckless Charge","Havoc+1","Reaper"],"picked":"Singing Bowl","floor":38},{"not_picked":["Feel No Pain","Uppercut","Dropkick+1"],"picked":"Battle Trance+1","floor":42},{"not_picked":["Corruption","Wild Strike","Pommel Strike","Thunderclap"],"picked":"Singing Bowl","floor":44},{"not_picked":["Clothesline","Reckless Charge","Perfected Strike+1","Spot Weakness+1"],"picked":"Singing Bowl","floor":47}],"player_experience":577587,"potions_floor_usage":[16,24,50],"damage_taken":[{"damage":10,"enemies":"Cultist","floor":1,"turns":5},{"damage":5,"enemies":"Jaw Worm","floor":2,"turns":4},{"damage":14,"enemies":"2 Louse","floor":4,"turns":3},{"damage":35,"enemies":"Gremlin Nob","floor":6,"turns":4},{"damage":7,"enemies":"Blue Slaver","floor":7,"turns":3},{"damage":18,"enemies":"Lagavulin","floor":12,"turns":5},{"damage":14,"enemies":"Gremlin Gang","floor":13,"turns":4},{"damage":8,"enemies":"Gremlin Nob","floor":14,"turns":3},{"damage":11,"enemies":"Hexaghost","floor":16,"turns":7},{"damage":12,"enemies":"Shell Parasite","floor":18,"turns":3},{"damage":10,"enemies":"Spheric Guardian","floor":21,"turns":1},{"damage":10,"enemies":"Cultist and Chosen","floor":22,"turns":3},{"damage":13,"enemies":"Slavers","floor":24,"turns":4},{"damage":6,"enemies":"Snake Plant","floor":27,"turns":4},{"damage":9,"enemies":"Book of Stabbing","floor":29,"turns":4},{"damage":11,"enemies":"Centurion and Healer","floor":31,"turns":6},{"damage":45,"enemies":"Champ","floor":33,"turns":9},{"damage":8,"enemies":"3 Darklings","floor":35,"turns":4},{"damage":7,"enemies":"3 Shapes","floor":36,"turns":7},{"damage":4,"enemies":"Maw","floor":37,"turns":7},{"damage":10,"enemies":"Sphere and 2 Shapes","floor":38,"turns":7},{"damage":10,"enemies":"Giant Head","floor":42,"turns":6},{"damage":28,"enemies":"Flame Bruiser 2 Orb","floor":44,"turns":7},{"damage":15,"enemies":"Maw","floor":47,"turns":5},{"damage":29,"enemies":"Awakened One","floor":50,"turns":7}],"event_choices":[{"event_name":"Liars Game","player_choice":"disagreed","floor":5,"damage_taken":0},{"event_name":"The Woman in Blue","player_choice":"Bought 0 Potions","floor":11,"damage_taken":0},{"event_name":"Back to Basics","player_choice":"Simplicity","floor":20,"damage_taken":0},{"event_name":"Purifier","player_choice":"One Purge","floor":39,"damage_taken":0},{"event_name":"Transmorgrifier","player_choice":"Transform","floor":41,"damage_taken":0}],"boss_relics":[{"not_picked":["White Beast Statue","Ectoplasm"],"picked":"Sozu"},{"not_picked":["Runic Pyramid","Calling Bell"],"picked":"Philosopher\u0027s Stone"}],"potions_floor_spawned":[4,6,14,16,22,29,31,33,35,37,44],"seed_played":"4761999142078172285","ascension_level":14,"is_trial":false}