{"gold_per_floor":[364,379,429,440,590,590,624,624,624,624,652,327,5,5,5,82,82,100,100,87,87,107,120,120,152,152,2,17,37,69,0,0,76,76,90,90,6,23,39,66,80,80,80,115,31,31,31,41,41,41],"floor_reached":51,"playtime":4554,"items_purged":["Strike_B","Doubt"],"score":1368,"play_id":"d3d4bcf2-696a-4287-a0b4-54973578a0df","local_time":"20180707165559","is_ascension_mode":true,"campfire_choices":[{"data":"Defragment","floor":6,"key":"SMITH"},{"data":"Zap","floor":8,"key":"SMITH"},{"data":"Dualcast","floor":10,"key":"SMITH"},{"data":"Loop","floor":15,"key":"SMITH"},{"floor":24,"key":"REST"},{"floor":32,"key":"REST"},{"floor":42,"key":"DIG"},{"floor":47,"key":"DIG"},{"floor":49,"key":"DIG"}],"neow_cost":"TEN_PERCENT_HP_LOSS","seed_source_timestamp":996857456087,"circlet_count":0,"master_deck":["Strike_B","Strike_B","Defend_B","Defend_B","Defend_B","Defend_B","Zap+1","Dualcast+1","AscendersBane","Defragment+1","Cold Snap","Steam","Conserve Battery+1","Cold Snap+1","Loop+1","Echo Form","Glacier+1","Leap+1","Redo+1","Ball Lightning","Coolheaded+1","Bandage Up+1","Compile Driver","All For One","Beam Cell","Steam Power+1","Multi-Cast+1","Skim+1","FTL","Skim+1","Capacitor","Consume+1","Undo+1","FTL","Leap+1","Glacier+1"],"relics":["Cracked Core","Symbiotic Virus","Art of War","Shovel","Toxic Egg 2","Bronze Scales","Fusion Hammer","Incense Burner","Bottled Lightning","Cables","Cursed Key","Toolbox","Emotion Chip","Orichalcum","Question Card","Potion Belt"],"potions_floor_usage":[7,25,25,30,30,50,50],"damage_taken":[{"damage":14,"enemies":"Jaw Worm","floor":1,"turns":4},{"damage":0,"enemies":"Cultist","floor":2,"turns":4},{"damage":3,"enemies":"2 Louse","floor":4,"turns":3},{"damage":7,"enemies":"Gremlin Nob","floor":7,"turns":4},{"damage":5,"enemies":"3 Sentries","floor":11,"turns":7},{"damage":7,"enemies":"Hexaghost","floor":16,"turns":8},{"damage":7,"enemies":"Chosen","floor":18,"turns":3},{"damage":9,"enemies":"2 Thieves","floor":20,"turns":4},{"damage":13,"enemies":"Snake Plant","floor":22,"turns":5},{"damage":14,"enemies":"Centurion and Healer","floor":23,"turns":7},{"damage":4,"enemies":"Slavers","floor":25,"turns":5},{"damage":0,"enemies":"Snecko","floor":28,"turns":6},{"damage":2,"enemies":"Sentry and Sphere","floor":29,"turns":5},{"damage":9,"enemies":"Book of Stabbing","floor":30,"turns":5},{"damage":10,"enemies":"Automaton","floor":33,"turns":8},{"damage":11,"enemies":"3 Shapes","floor":35,"turns":7},{"damage":0,"enemies":"Orb Walker","floor":38,"turns":4},{"damage":0,"enemies":"3 Darklings","floor":39,"turns":6},{"damage":0,"enemies":"Giant Head","floor":40,"turns":5},{"damage":0,"enemies":"Maw","floor":41,"turns":3},{"damage":1,"enemies":"2 Orb Walkers","floor":44,"turns":3},{"damage":0,"enemies":"Transient","floor":48,"turns":5},{"damage":20,"enemies":"Awakened One","floor":50,"turns":17}],"seed_played":"3561745539866451689","potions_obtained":[{"floor":2,"key":"Explosive Potion"},{"floor":4,"key":"FocusPotion"},{"floor":20,"key":"AttackPotion"},{"floor":22,"key":"LiquidBronze"},{"floor":28,"key":"SkillPotion"},{"floor":29,"key":"Regen Potion"},{"floor":38,"key":"LiquidBronze"},{"floor":39,"key":"Dexterity Potion"}],"is_trial":false,"path_per_floor":["M","M","?","M","?","R","E","R","T","R","E","$","$","?","R","B",null,"M","?","M","?","M","M","R","E","T","$","M","M","E","$","R","B",null,"M","?","$","M","M","E","M","R","T","E","$","T","R","M","R","B"],"character_chosen":"DEFECT","items_purchased":["Toxic Egg 2","Bronze Scales","Loop","Bandage Up+1","Weak Potion","Steam Power+1","FTL","Strength Potion","FTL","Leap+1"],"campfire_rested":2,"item_purchase_floors":[12,13,13,27,27,31,37,37,45,45],"current_hp_per_floor":[50,50,50,47,47,47,40,40,40,40,35,35,35,16,16,9,50,43,43,34,34,21,7,26,22,22,22,34,32,44,44,63,54,62,63,63,63,64,64,64,64,64,64,64,64,64,64,64,64,44],"gold":41,"neow_bonus":"TWO_FIFTY_GOLD","is_prod":false,"is_daily":false,"chose_seed":false,"campfire_upgraded":4,"win_rate":0,"timestamp":1531007759,"path_taken":["M","M","?","M","?","R","E","R","T","R","E","?","$","?","R","BOSS","M","?","M","?","M","M","R","E","T","$","M","?","E","?","R","BOSS","M","?","$","?","M","E","M","R","T","E","$","?","R","M","R","BOSS"],"build_version":"2018-07-05","purchased_purges":2,"victory":true,"max_hp_per_floor":[64,64,64,64,64,64,64,64,64,64,64,64,64,64,64,64,64,64,64,64,64,64,64,64,64,64,64,64,64,64,64,64,64,64,64,64,64,64,64,64,64,64,64,64,64,64,64,64,64,64],"card_choices":[{"not_picked":["Hologram","Chill"],"picked":"Defragment","floor":1},{"not_picked":["Sunder","Conserve Battery"],"picked":"Cold Snap","floor":2},{"not_picked":["Beam Cell","Turbo"],"picked":"Steam","floor":4},{"not_picked":["Reboot","Redo"],"picked":"Conserve Battery","floor":7},{"not_picked":["Redo","Self Repair"],"picked":"Cold Snap","floor":11},{"not_picked":["Amplify+1","Creative AI"],"picked":"Echo Form","floor":16},{"not_picked":["Rebound","Redo+1"],"picked":"Glacier+1","floor":18},{"not_picked":["Cold Snap+1","Steam+1"],"picked":"Leap+1","floor":20},{"not_picked":["Reprogram+1","Leap+1"],"picked":"Redo+1","floor":22},{"not_picked":["Fusion+1","Go for the Eyes"],"picked":"Ball Lightning","floor":23},{"not_picked":["Turbo+1","Genetic Algorithm+1"],"picked":"Coolheaded+1","floor":25},{"not_picked":["Beam Cell","Undo+1"],"picked":"Compile Driver","floor":28},{"not_picked":["Beam Cell","Steam+1"],"picked":"All For One","floor":29},{"not_picked":["Fusion+1","Scrape"],"picked":"Beam Cell","floor":30},{"not_picked":["Electrodynamics","Echo Form"],"picked":"Multi-Cast+1","floor":33},{"not_picked":["Steam Power+1","Leap+1"],"picked":"Skim+1","floor":35},{"not_picked":["Scrape","Steam+1"],"picked":"Skim+1","floor":38},{"not_picked":["Ball Lightning","Barrage","Rebound"],"picked":"SKIP","floor":39},{"not_picked":["Melter","Doom and Gloom+1"],"picked":"Capacitor","floor":40},{"not_picked":["Coolheaded+1","Conserve Battery+1"],"picked":"Consume+1","floor":41},{"not_picked":["Conserve Battery+1","Gash"],"picked":"Undo+1","floor":44},{"not_picked":["Sweeping Beam","Gash","Leap+1"],"picked":"Glacier+1","floor":48}],"player_experience":2058572,"relics_obtained":[{"floor":7,"key":"Symbiotic Virus"},{"floor":9,"key":"Art of War"},{"floor":11,"key":"Shovel"},{"floor":25,"key":"Incense Burner"},{"floor":26,"key":"Bottled Lightning"},{"floor":30,"key":"Cables"},{"floor":40,"key":"Toolbox"},{"floor":42,"key":"Emotion Chip"},{"floor":44,"key":"Orichalcum"},{"floor":47,"key":"Question Card"},{"floor":49,"key":"Potion Belt"}],"event_choices":[{"event_name":"Golden Shrine","player_choice":"Pray","floor":3,"damage_taken":0},{"event_name":"Liars Game","player_choice":"agreed","floor":5,"damage_taken":0},{"event_name":"Shining Light","player_choice":"Entered Light","floor":14,"damage_taken":0},{"event_name":"Drug Dealer","player_choice":"Ignored","floor":19,"damage_taken":0},{"event_name":"Vampires","player_choice":"Ignored","floor":21,"damage_taken":0},{"event_name":"Falling","player_choice":"Removed Attack","floor":36,"damage_taken":0}],"boss_relics":[{"not_picked":["Eternal Feather","Tiny House"],"picked":"Fusion Hammer"},{"not_picked":["Nuclear Battery","Velvet Choker"],"picked":"Cursed Key"}],"items_purged_floors":[12,13],"is_endless":false,"potions_floor_spawned":[2,4,20,22,28,29,38,39,40,48],"ascension_level":15}