{"gold_per_floor":[113,132,145,156,156,182,182,197,222,254,270,270,270,300,300,376,376,390,408,61,61,73,73,73],"floor_reached":24,"playtime":1682,"items_purged":[],"score":414,"play_id":"6c529d0d-24a2-49b1-bed8-b5566caf49c9","local_time":"20190219003731","is_ascension_mode":true,"campfire_choices":[{"data":"Spot Weakness","floor":7,"key":"SMITH"},{"floor":13,"key":"REST"},{"data":"Flame Barrier","floor":15,"key":"SMITH"},{"floor":23,"key":"REST"}],"neow_cost":"PERCENT_DAMAGE","seed_source_timestamp":10232933348587,"circlet_count":0,"master_deck":["AscendersBane","Strike_R+1","Defend_R","Defend_R","Defend_R","Defend_R","Metallicize","Carnage","Spot Weakness+1","Thunderclap+1","Armaments","True Grit","Flame Barrier+1","Barricade","Exhume+1","Feel No Pain+1","Corruption+1","Feel No Pain+1","Inflame","Dropkick","Sentinel","Twin Strike","True Grit"],"relics":["Burning Blood","Whetstone","Ancient Tea Set","Boot","Regal Pillow","Bronze Scales","Astrolabe","DollysMirror"],"potions_floor_usage":[4,14,16,24],"damage_taken":[{"damage":7,"enemies":"Cultist","floor":1,"turns":4},{"damage":12,"enemies":"Jaw Worm","floor":2,"turns":4},{"damage":3,"enemies":"2 Louse","floor":3,"turns":3},{"damage":4,"enemies":"Red Slaver","floor":4,"turns":3},{"damage":45,"enemies":"Lagavulin","floor":6,"turns":8},{"damage":8,"enemies":"Blue Slaver","floor":8,"turns":2},{"damage":21,"enemies":"3 Sentries","floor":10,"turns":8},{"damage":7,"enemies":"Exordium Wildlife","floor":11,"turns":3},{"damage":18,"enemies":"Gremlin Nob","floor":14,"turns":4},{"damage":55,"enemies":"Hexaghost","floor":16,"turns":11},{"damage":14,"enemies":"2 Thieves","floor":18,"turns":4},{"damage":18,"enemies":"Shell Parasite","floor":19,"turns":5},{"damage":25,"enemies":"Snake Plant","floor":22,"turns":6},{"damage":77,"enemies":"Gremlin Leader","floor":24,"turns":4}],"seed_played":"-6438377845646449260","potions_obtained":[{"floor":3,"key":"Fire Potion"},{"floor":4,"key":"FearPotion"},{"floor":8,"key":"SteroidPotion"},{"floor":14,"key":"Poison Potion"},{"floor":19,"key":"Strength Potion"}],"is_trial":false,"path_per_floor":["M","M","M","M","?","E","R","M","T","E","M","T","R","E","R","B",null,"M","M","$","?","M","R","E"],"character_chosen":"IRONCLAD","items_purchased":["DollysMirror","Inflame","Dropkick"],"campfire_rested":2,"item_purchase_floors":[20,20,20],"current_hp_per_floor":[63,57,60,62,89,50,50,48,48,33,32,32,73,61,61,12,70,62,50,50,50,31,72,0],"gold":73,"neow_bonus":"TWENTY_PERCENT_HP_BONUS","is_prod":false,"is_daily":false,"chose_seed":false,"campfire_upgraded":2,"win_rate":0,"timestamp":1550565451,"path_taken":["M","M","M","M","?","E","R","M","T","E","?","?","R","E","R","BOSS","M","M","$","?","M","R","E"],"build_version":"2019-01-23","purchased_purges":0,"victory":false,"max_hp_per_floor":[89,89,89,89,89,89,89,89,89,89,89,89,89,89,89,89,89,89,89,89,89,89,89,89],"card_choices":[{"not_picked":["Havoc","Dropkick"],"picked":"Metallicize","floor":1},{"not_picked":["Wild Strike","Sever Soul"],"picked":"Carnage","floor":2},{"not_picked":["Dropkick","Body Slam"],"picked":"Rage","floor":3},{"not_picked":["Clothesline","Rage"],"picked":"Spot Weakness","floor":4},{"not_picked":["Flex","Wild Strike"],"picked":"Thunderclap","floor":6},{"not_picked":["Shrug It Off","Carnage"],"picked":"Armaments","floor":8},{"not_picked":["Armaments","Shrug It Off"],"picked":"True Grit","floor":10},{"not_picked":["Infernal Blade","Bloodletting"],"picked":"Flame Barrier","floor":11},{"not_picked":["True Grit","Armaments","Cleave"],"picked":"SKIP","floor":14},{"not_picked":["Bludgeon","Feed"],"picked":"Barricade","floor":16},{"not_picked":["Heavy Blade","Headbutt","Thunderclap"],"picked":"SKIP","floor":18},{"not_picked":["Thunderclap","Perfected Strike","Pommel Strike"],"picked":"SKIP","floor":19},{"not_picked":["Clothesline","Iron Wave"],"picked":"True Grit","floor":22}],"player_experience":841482,"relics_obtained":[{"floor":6,"key":"Whetstone"},{"floor":9,"key":"Ancient Tea Set"},{"floor":10,"key":"Boot"},{"floor":12,"key":"Regal Pillow"},{"floor":14,"key":"Bronze Scales"}],"event_choices":[{"cards_removed":["Rage"],"damage_healed":27,"gold_gain":0,"player_choice":"Offered Uncommon","damage_taken":0,"max_hp_gain":0,"max_hp_loss":0,"event_name":"Bonfire Elementals","floor":5,"gold_loss":0},{"damage_healed":0,"gold_gain":0,"cards_transformed":["Strike_R","Bash"],"player_choice":"Became Test Subject","damage_taken":0,"max_hp_gain":0,"max_hp_loss":0,"event_name":"Drug Dealer","floor":21,"gold_loss":0,"cards_obtained":["Sentinel","Twin Strike"]}],"is_beta":false,"boss_relics":[{"not_picked":["Tiny House","Pandora\u0027s Box"],"picked":"Astrolabe"}],"items_purged_floors":[],"is_endless":false,"potions_floor_spawned":[3,4,8,11,14,19],"killed_by":"Gremlin Leader","ascension_level":18}