{"path_per_floor":["M","$","M","?","M","E","R","E","T","R","E","?","T","$","R","B",null,"M","$","M","?","M","R","$","E","T","R","M","E","R","M","R","B",null,"M","?","M","M","$","E","M","R","T","M","?","E","R","E","R","B"],"character_chosen":"DEFECT","items_purchased":["Toxic Egg 2","Ball Lightning","Stack","Panache","Genetic Algorithm","Defragment","Leap","Skim","Hologram"],"gold_per_floor":[369,12,26,26,41,73,73,99,99,99,127,377,377,59,59,134,134,149,26,45,45,55,55,4,39,39,39,55,90,90,102,102,180,180,197,248,258,270,118,152,162,162,162,181,181,212,212,241,241,241],"floor_reached":51,"campfire_rested":7,"playtime":4144,"current_hp_per_floor":[64,64,64,64,64,35,35,35,35,54,61,61,61,61,61,56,62,56,56,42,42,40,40,40,22,22,41,47,24,43,50,64,64,64,64,64,64,64,64,64,64,64,64,64,64,64,64,71,71,71],"items_purged":["Regret","Strike_B"],"gold":241,"score":1722,"play_id":"805d9a84-72e2-4ea8-8171-d8477bd452ea","local_time":"20180514195016","is_prod":false,"is_daily":false,"chose_seed":false,"is_ascension_mode":true,"campfire_upgraded":3,"timestamp":1526352616,"path_taken":["M","$","M","?","M","E","R","E","T","R","E","?","?","$","R","BOSS","M","$","?","?","M","R","?","E","T","R","?","E","R","M","R","BOSS","M","?","M","M","$","E","M","R","T","?","?","E","R","E","R","BOSS"],"build_version":"2018-05-12v2","seed_source_timestamp":2010046066275716,"purchased_purges":2,"victory":true,"master_deck":["Strike_B","Strike_B","Defend_B","Defend_B","Defend_B","Defend_B","Zap","Dualcast","AscendersBane","Chaos+1","Ball Lightning","Stack+1","Self Repair","Leap+1","Hologram+1","Skim+1","Recycle+1","Steam Power+1","Panache+1","Genetic Algorithm+1","Meteor Strike","Skim+1","Defragment+1","Leap+1","White Noise+1","Turbo+1","Skim+1","Turbo+1","Aggregate+1","Coolheaded+1","Skim+1","Leap+1","Steam Power+1","Coolheaded+1","Skim+1","Hologram+1","Skim+1","Seek+1","Conserve Battery+1","Hologram+1","Double Energy+1"],"max_hp_per_floor":[64,64,64,64,64,64,64,64,64,64,64,64,64,64,64,64,64,64,64,64,64,64,64,64,64,64,64,64,64,64,64,64,64,64,64,64,64,64,64,64,64,64,64,64,64,64,64,71,71,71],"relics":["Cracked Core","Toxic Egg 2","DataDisk","Toolbox","Dream Catcher","Pen Nib","Centennial Puzzle","Cursed Key","Orichalcum","Ice Cream","Runic Dome","Gambling Chip","Potion Belt","Bag of Marbles","Strawberry"],"card_choices":[{"not_picked":["Rebound","Sweeping Beam"],"picked":"Chaos","floor":1},{"not_picked":["Steam+1","Impulse+1"],"picked":"Self Repair","floor":3},{"not_picked":["Cold Snap","Auto Shields+1"],"picked":"Leap+1","floor":5},{"not_picked":["Nova","Steam+1"],"picked":"Hologram+1","floor":6},{"not_picked":["Streamline","Melter"],"picked":"Skim+1","floor":8},{"not_picked":["Barrage","Leap+1"],"picked":"Recycle+1","floor":10},{"not_picked":["Cold Snap","Double Energy+1"],"picked":"Steam Power+1","floor":11},{"not_picked":["Electrodynamics","Hyperbeam"],"picked":"Meteor Strike","floor":16},{"not_picked":["Heatsinks","Streamline+1"],"picked":"Skim+1","floor":18},{"not_picked":["Steam+1","Axe Kick"],"picked":"White Noise+1","floor":20},{"not_picked":["Leap+1","Beam Cell"],"picked":"Turbo+1","floor":22},{"not_picked":["Leap+1","Heatsinks"],"picked":"Turbo+1","floor":25},{"not_picked":["Turbo+1","Hologram+1"],"picked":"Aggregate+1","floor":27},{"not_picked":["Melter","Rebound"],"picked":"Coolheaded+1","floor":28},{"not_picked":["Rebound","Hyperbeam","Ball Lightning+1"],"picked":"SKIP","floor":29},{"not_picked":["Go for the Eyes","Leap+1"],"picked":"Skim+1","floor":30},{"not_picked":["Nova","Go for the Eyes"],"picked":"Leap+1","floor":31},{"not_picked":["Darkness+1","Tempest+1"],"picked":"Steam Power+1","floor":32},{"not_picked":["Beam Cell","Streamline"],"picked":"Coolheaded+1","floor":35},{"not_picked":["Steam+1","Streamline+1"],"picked":"Skim+1","floor":36},{"not_picked":["Scrape","Barrage","Chill+1"],"picked":"SKIP","floor":37},{"not_picked":["Ball Lightning+1","Rainbow+1","Barrage"],"picked":"SKIP","floor":38},{"not_picked":["Lockon","Auto Shields+1","Turbo+1"],"picked":"SKIP","floor":40},{"not_picked":["Conserve Battery+1","Cold Snap","Go for the Eyes"],"picked":"SKIP","floor":41},{"not_picked":["Static Discharge","Hologram+1"],"picked":"Skim+1","floor":42},{"not_picked":["Sunder","Redo+1"],"picked":"Seek+1","floor":44},{"not_picked":["Steam+1","Barrage+1"],"picked":"Hologram+1","floor":46},{"not_picked":["Melter","Redo+1"],"picked":"Double Energy+1","floor":47},{"not_picked":["Biased Cognition","Conserve Battery+1","Auto Shields+1"],"picked":"SKIP","floor":48}],"player_experience":1472468,"potions_floor_usage":[6,6,22,25,29,50],"damage_taken":[{"damage":0,"enemies":"Cultist","floor":1,"turns":4},{"damage":0,"enemies":"Jaw Worm","floor":3,"turns":5},{"damage":0,"enemies":"Small Slimes","floor":5,"turns":3},{"damage":29,"enemies":"Gremlin Nob","floor":6,"turns":4},{"damage":7,"enemies":"3 Sentries","floor":8,"turns":7},{"damage":0,"enemies":"Lagavulin","floor":11,"turns":6},{"damage":12,"enemies":"The Guardian","floor":16,"turns":11},{"damage":13,"enemies":"Chosen","floor":18,"turns":4},{"damage":21,"enemies":"3 Byrds","floor":20,"turns":4},{"damage":20,"enemies":"Cultist and Chosen","floor":22,"turns":6},{"damage":34,"enemies":"Slavers","floor":25,"turns":4},{"damage":5,"enemies":"Slaver and Parasite","floor":28,"turns":3},{"damage":30,"enemies":"Gremlin Leader","floor":29,"turns":4},{"damage":0,"enemies":"3 Cultists","floor":31,"turns":3},{"damage":0,"enemies":"Collector","floor":33,"turns":6},{"damage":0,"enemies":"Flame Bruiser 1 Orb","floor":35,"turns":3},{"damage":0,"enemies":"Mysterious Sphere","floor":36,"turns":1},{"damage":0,"enemies":"3 Shapes","floor":37,"turns":1},{"damage":0,"enemies":"Flame Bruiser 2 Orb","floor":38,"turns":3},{"damage":2,"enemies":"Giant Head","floor":40,"turns":7},{"damage":2,"enemies":"Maw","floor":41,"turns":3},{"damage":0,"enemies":"3 Darklings","floor":44,"turns":1},{"damage":0,"enemies":"2 Orb Walkers","floor":46,"turns":2},{"damage":0,"enemies":"Nemesis","floor":48,"turns":1},{"damage":0,"enemies":"Awakened One","floor":50,"turns":3}],"event_choices":[{"event_name":"The Cleric","player_choice":"Leave","floor":4,"damage_taken":0},{"event_name":"Golden Shrine","player_choice":"Desecrate","floor":12,"damage_taken":0},{"event_name":"The Mausoleum","player_choice":"No","floor":21,"damage_taken":0},{"event_name":"Mysterious Sphere","player_choice":"Fight","floor":36,"damage_taken":0},{"event_name":"Transmorgrifier","player_choice":"Transform","floor":45,"damage_taken":0}],"boss_relics":[{"not_picked":["Eternal Feather","Inserter"],"picked":"Cursed Key"},{"not_picked":["Orrery","Calling Bell"],"picked":"Runic Dome"}],"potions_floor_spawned":[3,5,8,11,22,25,28,35,38,40,41],"seed_played":"-4608492434051073934","ascension_level":15,"is_trial":false}