{"path_per_floor":["M","M","M","?","?","R","E","R","T","$","R","M","R","E","R","B",null,"M","$","M","M","?","R","M","?","T","R","E","R","$","?","R","B",null,"M","M","?","M","M","R","M","R","T","R","M","M","$","M","R","B"],"character_chosen":"DEFECT","items_purchased":["Bag of Preparation","Hologram","Turbo","Capacitor"],"gold_per_floor":[111,131,143,143,143,143,173,173,173,4,4,18,18,46,46,121,121,121,22,0,0,0,0,0,0,0,0,0,0,0,0,0,0,0,0,0,0,0,0,0,0,0,0,0,0,0,0,0,0,0],"floor_reached":51,"campfire_rested":5,"playtime":3404,"current_hp_per_floor":[64,63,57,36,59,59,38,38,38,38,38,38,38,30,30,30,61,61,61,61,35,35,56,56,56,56,56,28,49,49,25,46,33,62,59,59,49,28,28,49,49,49,49,70,69,69,69,69,69,42],"items_purged":[],"gold":0,"score":1304,"play_id":"dcde63d1-e912-4754-a2c7-3681f47e5c81","local_time":"20180515170529","is_prod":false,"is_daily":false,"chose_seed":false,"is_ascension_mode":true,"campfire_upgraded":8,"timestamp":1526429129,"path_taken":["M","M","M","?","?","R","E","R","T","$","R","M","R","E","R","BOSS","M","$","M","M","?","R","M","?","T","R","E","R","?","?","R","BOSS","M","M","?","M","M","R","?","R","T","R","M","M","?","M","R","BOSS"],"build_version":"2018-05-14v2","seed_source_timestamp":0,"purchased_purges":0,"victory":true,"master_deck":["Strike_B","Strike_B+1","Strike_B","Strike_B","Defend_B","Defend_B","Defend_B","Defend_B","Zap+1","Dualcast","AscendersBane","Rebound+1","Melter+1","Beam Cell+1","Buffer+1","Hologram+1","Hologram","Barrage+1","Meteor Strike","Leap","Turbo","Capacitor+1","Leap","Leap","Writhe","Consume+1","Coolheaded","Rainbow","Jack Of All Trades","Mind Blast","Seek","Hologram+1","Thinking Ahead","Defragment+1","Skim","Leap","White Noise"],"max_hp_per_floor":[71,71,71,71,71,71,71,71,71,71,71,71,71,71,71,71,71,71,71,71,71,71,71,71,71,71,71,71,71,71,71,71,71,71,71,71,71,71,71,71,71,71,71,71,71,71,71,71,71,71],"relics":["Cracked Core","Oddly Smooth Stone","Mummified Hand","Bag of Preparation","Unceasing Top","Ectoplasm","Ornamental Fan","DataDisk","Cables","Nuclear Battery","Centennial Puzzle"],"card_choices":[{"not_picked":["Barrage","Turbo"],"picked":"Rebound","floor":1.0},{"not_picked":["Chaos","Darkness"],"picked":"Melter","floor":2},{"not_picked":["Self Repair","Stack"],"picked":"Beam Cell","floor":3},{"not_picked":["Stack","Capacitor"],"picked":"Buffer","floor":7},{"not_picked":["Darkness","Steam"],"picked":"Hologram","floor":12},{"not_picked":["Skim","Steam"],"picked":"Barrage","floor":14},{"not_picked":["Thunder Strike","Rainbow"],"picked":"Meteor Strike","floor":16},{"not_picked":["Rip and Tear","Gash"],"picked":"Leap","floor":18},{"not_picked":["Sweeping Beam","Beam Cell"],"picked":"Leap","floor":20},{"not_picked":["Ball Lightning","Axe Kick"],"picked":"Leap","floor":21},{"not_picked":["Leap","Steam"],"picked":"Consume+1","floor":24},{"not_picked":["Amplify","Scrape"],"picked":"Rainbow","floor":28},{"not_picked":["Meteor Strike","Biased Cognition"],"picked":"Seek","floor":33},{"not_picked":["Scrape","Ball Lightning"],"picked":"Hologram","floor":35},{"not_picked":["Ball Lightning+1","Skim","Self Repair"],"picked":"SKIP","floor":36},{"not_picked":["Trip","Enlightenment"],"picked":"Thinking Ahead","floor":37},{"not_picked":["Streamline","Skim","Tempest+1"],"picked":"SKIP","floor":38},{"not_picked":["Coolheaded","Hologram"],"picked":"Defragment","floor":39},{"not_picked":["Conserve Battery","Undo"],"picked":"Skim","floor":41},{"not_picked":["Beam Cell","Static Discharge","Rip and Tear"],"picked":"SKIP","floor":45},{"not_picked":["FTL","Melter"],"picked":"Leap","floor":46},{"not_picked":["Steam","Aggregate+1"],"picked":"White Noise","floor":48}],"player_experience":1483667,"potions_floor_usage":[16,20,20,28,48,50,50],"damage_taken":[{"damage":0.0,"enemies":"Small Slimes","floor":1.0,"turns":3.0},{"damage":1.0,"enemies":"2 Louse","floor":2.0,"turns":2.0},{"damage":6,"enemies":"Blue Slaver","floor":3,"turns":4},{"damage":21,"enemies":"3 Sentries","floor":7,"turns":7},{"damage":0,"enemies":"Large Slime","floor":12,"turns":4},{"damage":8,"enemies":"Gremlin Nob","floor":14,"turns":4},{"damage":0,"enemies":"Slime Boss","floor":16,"turns":5},{"damage":0,"enemies":"Spheric Guardian","floor":18,"turns":2},{"damage":0,"enemies":"2 Thieves","floor":20,"turns":4},{"damage":26,"enemies":"Centurion and Healer","floor":21,"turns":8},{"damage":0,"enemies":"Sentry and Sphere","floor":24,"turns":2},{"damage":28,"enemies":"Slavers","floor":28,"turns":7},{"damage":13,"enemies":"Champ","floor":33,"turns":20},{"damage":3,"enemies":"3 Shapes","floor":35,"turns":3},{"damage":0,"enemies":"Flame Bruiser 1 Orb","floor":36,"turns":3},{"damage":21,"enemies":"4 Shapes","floor":38,"turns":8},{"damage":0,"enemies":"Spire Growth","floor":39,"turns":4},{"damage":0,"enemies":"3 Darklings","floor":41,"turns":5},{"damage":1,"enemies":"4 Shapes","floor":45,"turns":6},{"damage":0,"enemies":"Sphere and 2 Shapes","floor":46,"turns":3},{"damage":0,"enemies":"3 Darklings","floor":48,"turns":6},{"damage":27,"enemies":"Time Eater","floor":50,"turns":20}],"relics_obtained":[{"floor":7,"key":"Oddly Smooth Stone"},{"floor":9,"key":"Mummified Hand"},{"floor":14,"key":"Unceasing Top"},{"floor":26,"key":"DataDisk"},{"floor":28,"key":"Cables"},{"floor":43,"key":"Centennial Puzzle"}],"event_choices":[{"event_name":"Shining Light","player_choice":"Entered Light","floor":4,"damage_taken":0},{"event_name":"Big Fish","player_choice":"Banana","floor":5,"damage_taken":0},{"event_name":"The Mausoleum","player_choice":"Yes","floor":22,"damage_taken":0},{"event_name":"The Library","player_choice":"Read","floor":25,"damage_taken":0},{"event_name":"Knowing Skull","player_choice":"CARD CARD ","floor":31,"damage_taken":0},{"event_name":"SensoryStone","player_choice":"Memory 3","floor":37,"damage_taken":0}],"boss_relics":[{"not_picked":["Calling Bell","Tiny House"],"picked":"Ectoplasm"},{"not_picked":["Philosopher\u0027s Stone","Astrolabe"],"picked":"Nuclear Battery"}],"potions_floor_spawned":[2,12,14,16,18,24,38,39,46,48],"seed_played":"4889971725155127062","ascension_level":15,"potions_obtained":[{"floor":2,"key":"SneckoOil"},{"floor":12,"key":"Strength Potion"},{"floor":14,"key":"GamblersBrew"},{"floor":16,"key":"Swift Potion"},{"floor":18,"key":"Weak Potion"},{"floor":24,"key":"Block Potion"},{"floor":38,"key":"Poison Potion"},{"floor":39,"key":"Swift Potion"},{"floor":46,"key":"AttackPotion"},{"floor":48,"key":"Weak Potion"}],"is_trial":false}