{"path_per_floor":["M","?","M","M","M","E","R","E","T","T","?","R","?","M","R"],"character_chosen":"DEFECT","items_purchased":[],"gold_per_floor":[116,116,134,152,167,230,230,261,288,314,389,389,389,404,404,404],"floor_reached":16,"campfire_rested":1,"playtime":1264,"current_hp_per_floor":[66,59,56,56,53,30,30,14,14,14,3,25,25,21,21,0],"items_purged":[],"gold":404,"score":171,"play_id":"3bc1b127-507a-4e29-8707-023b22efc6e9","local_time":"20180428230231","is_prod":false,"is_daily":false,"chose_seed":false,"is_ascension_mode":true,"campfire_upgraded":2,"timestamp":1524981751,"path_taken":["M","?","M","M","M","E","R","E","T","?","?","R","?","M","R","BOSS"],"build_version":"2018-04-27v3","seed_source_timestamp":642437623812475,"purchased_purges":0,"victory":false,"master_deck":["Strike_B","Strike_B","Strike_B","Strike_B","Defend_B","Defend_B","Defend_B","Defend_B","Zap+1","AscendersBane","Cold Snap","FTL","Capacitor+1","Scrape","Ball Lightning","Beam Cell","Streamline","Blaster","Doom and Gloom"],"max_hp_per_floor":[75,75,75,75,75,75,75,75,75,75,75,75,75,75,75,75],"relics":["Cracked Core","Tiny Chest","Pen Nib","Prayer Wheel","Dream Catcher"],"card_choices":[{"not_picked":["Genetic Algorithm","Rebound"],"picked":"Cold Snap","floor":1},{"not_picked":["Conserve Battery","Coolheaded"],"picked":"FTL","floor":3},{"not_picked":["Stack","White Noise"],"picked":"Capacitor","floor":4},{"not_picked":["Rebound","Loop"],"picked":"Scrape","floor":5},{"not_picked":["Turbo","Streamline"],"picked":"Ball Lightning","floor":6},{"not_picked":["Blizzard","Coolheaded"],"picked":"Beam Cell","floor":8},{"not_picked":["Blizzard","Coolheaded"],"picked":"Streamline","floor":10},{"not_picked":["Tempest","Ball Lightning"],"picked":"Blaster","floor":12},{"not_picked":["Undo","Tempest"],"picked":"Doom and Gloom","floor":14}],"player_experience":1293550,"potions_floor_usage":[16,16],"damage_taken":[{"damage":2,"enemies":"Jaw Worm","floor":1,"turns":3},{"damage":3,"enemies":"2 Louse","floor":3,"turns":3},{"damage":0,"enemies":"Cultist","floor":4,"turns":3},{"damage":3,"enemies":"Blue Slaver","floor":5,"turns":4},{"damage":23,"enemies":"Gremlin Nob","floor":6,"turns":4},{"damage":16,"enemies":"Lagavulin","floor":8,"turns":7},{"damage":4,"enemies":"2 Fungi Beasts","floor":14,"turns":2},{"damage":23,"enemies":"Hexaghost","floor":16,"turns":7}],"event_choices":[{"event_name":"Golden Wing","player_choice":"Card Removal","floor":2,"damage_taken":0},{"event_name":"World of Goop","player_choice":"Gather Gold","floor":11,"damage_taken":0},{"event_name":"Scrap Ooze","player_choice":"unsuccessful","floor":13,"damage_taken":0}],"boss_relics":[],"potions_floor_spawned":[3,6,8,14],"seed_played":"-4661257072959406508","killed_by":"Hexaghost","ascension_level":11,"is_trial":false}