{"gold_per_floor":[109,120,100,28,38,38,68,87,113,145,155,171,181,193,193,288,288,228,228,228,228,228,228,228,228,228,228,228,228,228,228,228,228,228,228,228,228,228,228,228,228,228,228,228,228,228,4,4,4,4],"floor_reached":51,"playtime":3457,"items_purged":[],"score":735,"play_id":"d2013f2e-892a-4ce2-bf10-c7b285ebb5c0","local_time":"20190221002511","is_ascension_mode":true,"campfire_choices":[{"data":"Footwork","floor":6,"key":"SMITH"},{"floor":15,"key":"REST"},{"data":"Footwork","floor":23,"key":"SMITH"},{"floor":25,"key":"REST"},{"data":"Noxious Fumes","floor":30,"key":"SMITH"},{"data":"Phantasmal Killer","floor":32,"key":"SMITH"},{"floor":40,"key":"REST"},{"floor":42,"key":"REST"},{"floor":49,"key":"REST"}],"neow_cost":"NONE","seed_source_timestamp":3210779867694600,"circlet_count":0,"master_deck":["Defend_G","Defend_G","Defend_G","Defend_G","Defend_G","Strike_G","Strike_G","Strike_G","Strike_G","Strike_G","Survivor","Neutralize","Blade Dance","Cloak And Dagger","Footwork+1","Noxious Fumes+1","Leg Sweep","Prepared","Blur","Footwork+1","Corpse Explosion","Leg Sweep+1","Caltrops+1","Deadly Poison","Phantasmal Killer+1","Storm of Steel","Bane+1","Dodge and Roll+1","Panache","Deflect","Noxious Fumes"],"relics":["Runic Pyramid","Orichalcum","Happy Flower","Regal Pillow","Ectoplasm","FossilizedHelix","Sozu","Snake Skull","Peace Pipe","Oddly Smooth Stone"],"potions_floor_usage":[7,10,14,16,20,33,33,38],"damage_taken":[{"damage":0,"enemies":"Jaw Worm","floor":1,"turns":4},{"damage":0,"enemies":"Cultist","floor":2,"turns":4},{"damage":0,"enemies":"2 Louse","floor":5,"turns":3},{"damage":36,"enemies":"Gremlin Nob","floor":7,"turns":5},{"damage":3,"enemies":"Exordium Thugs","floor":8,"turns":6},{"damage":1,"enemies":"3 Sentries","floor":10,"turns":7},{"damage":0,"enemies":"Large Slime","floor":11,"turns":6},{"damage":2,"enemies":"Blue Slaver","floor":12,"turns":6},{"damage":5,"enemies":"Exordium Wildlife","floor":13,"turns":5},{"damage":8,"enemies":"Large Slime","floor":14,"turns":6},{"damage":1,"enemies":"The Guardian","floor":16,"turns":16},{"damage":9,"enemies":"2 Thieves","floor":18,"turns":3},{"damage":7,"enemies":"Chosen","floor":19,"turns":8},{"damage":3,"enemies":"Sentry and Sphere","floor":20,"turns":6},{"damage":0,"enemies":"Snecko","floor":21,"turns":8},{"damage":10,"enemies":"Cultist and Chosen","floor":22,"turns":5},{"damage":1,"enemies":"Chosen and Byrds","floor":24,"turns":6},{"damage":0,"enemies":"Sentry and Sphere","floor":27,"turns":6},{"damage":0,"enemies":"Snake Plant","floor":28,"turns":5},{"damage":11,"enemies":"Champ","floor":33,"turns":15},{"damage":0,"enemies":"Orb Walker","floor":35,"turns":6},{"damage":17,"enemies":"3 Shapes","floor":36,"turns":2},{"damage":32,"enemies":"Writhing Mass","floor":38,"turns":7},{"damage":10,"enemies":"3 Darklings","floor":41,"turns":5},{"damage":26,"enemies":"Jaw Worm Horde","floor":45,"turns":3},{"damage":0,"enemies":"Mind Bloom Boss Battle","floor":46,"turns":7},{"damage":11,"enemies":"Time Eater","floor":50,"turns":15}],"seed_played":"1347787036964946463","potions_obtained":[{"floor":3,"key":"Fire Potion"},{"floor":5,"key":"SpeedPotion"},{"floor":8,"key":"AttackPotion"},{"floor":12,"key":"Poison Potion"},{"floor":14,"key":"SteroidPotion"},{"floor":16,"key":"SteroidPotion"},{"floor":20,"key":"SneckoOil"},{"floor":24,"key":"Strength Potion"},{"floor":28,"key":"SkillPotion"},{"floor":33,"key":"Ancient Potion"}],"is_trial":false,"path_per_floor":["M","M","?","$","M","R","E","M","T","E","M","M","M","M","R","B",null,"M","M","M","M","M","R","M","R","T","M","M","?","R","?","R","B",null,"M","M","?","M","?","R","M","R","T","?","M","?","$","?","R","B",null],"character_chosen":"THE_SILENT","items_purchased":["Footwork","Oddly Smooth Stone","Noxious Fumes"],"campfire_rested":5,"item_purchase_floors":[4,47,47],"current_hp_per_floor":[70,70,70,70,70,70,34,31,31,30,30,28,23,15,51,50,70,61,54,51,51,41,41,40,70,70,70,70,70,70,70,70,59,70,70,53,53,21,21,57,47,70,70,70,44,44,44,44,70,59],"gold":4,"neow_bonus":"BOSS_RELIC","is_prod":false,"is_daily":false,"chose_seed":false,"campfire_upgraded":4,"win_rate":0,"timestamp":1550726711,"path_taken":["M","M","?","$","M","R","E","M","T","E","M","M","M","?","R","BOSS","M","?","?","M","M","R","M","R","T","M","M","?","R","?","R","BOSS","M","M","?","M","?","R","M","R","T","?","?","?","$","?","R","BOSS"],"build_version":"2019-02-06","purchased_purges":0,"victory":true,"max_hp_per_floor":[70,70,70,70,70,70,70,70,70,70,70,70,70,70,70,70,70,70,70,70,70,70,70,70,70,70,70,70,70,70,70,70,70,70,70,70,70,70,70,70,70,70,70,70,70,70,70,70,70,70],"card_choices":[{"not_picked":["PiercingWail","Masterful Stab"],"picked":"Blade Dance","floor":1},{"not_picked":["Dagger Throw","Deflect"],"picked":"Cloak And Dagger","floor":2},{"not_picked":["Backflip","Underhanded Strike"],"picked":"Noxious Fumes","floor":5},{"not_picked":["Bane","Infinite Blades"],"picked":"Dagger Spray","floor":7},{"not_picked":["Acrobatics","Cloak And Dagger"],"picked":"Leg Sweep","floor":8},{"not_picked":["Quick Slash","Blade Dance","Distraction"],"picked":"SKIP","floor":10},{"not_picked":["Deflect","Terror"],"picked":"Prepared","floor":11},{"not_picked":["Tools of the Trade","Sucker Punch"],"picked":"Blur","floor":12},{"not_picked":["Well Laid Plans","PiercingWail","Blade Dance"],"picked":"SKIP","floor":13},{"not_picked":["Backstab","Cloak And Dagger"],"picked":"Footwork","floor":14},{"not_picked":["Die Die Die","Malaise"],"picked":"Corpse Explosion","floor":16},{"not_picked":["Sucker Punch","Quick Slash+1"],"picked":"Leg Sweep+1","floor":18},{"not_picked":["PiercingWail+1","Reflex+1"],"picked":"Caltrops+1","floor":19},{"not_picked":["Blur","Slice+1","Bane"],"picked":"SKIP","floor":20},{"not_picked":["Sucker Punch","Dagger Spray+1"],"picked":"Deadly Poison","floor":21},{"not_picked":["Backflip","Terror","Eviscerate"],"picked":"SKIP","floor":22},{"not_picked":["Outmaneuver","Dodge and Roll","Sucker Punch"],"picked":"SKIP","floor":24},{"not_picked":["Underhanded Strike","Dagger Spray+1","Terror"],"picked":"SKIP","floor":27},{"not_picked":["PiercingWail","Well Laid Plans","Quick Slash"],"picked":"SKIP","floor":28},{"not_picked":["Corpse Explosion","Die Die Die"],"picked":"Storm of Steel","floor":33},{"not_picked":["Poisoned Stab","Quick Slash"],"picked":"Bane+1","floor":35},{"not_picked":["Tactician","Bane+1"],"picked":"Dodge and Roll+1","floor":36},{"not_picked":["Good Instincts","Secret Technique"],"picked":"Panache","floor":37},{"not_picked":["Poisoned Stab","Caltrops+1"],"picked":"Deflect","floor":38},{"not_picked":["Bane","Backflip+1","Quick Slash+1"],"picked":"SKIP","floor":41},{"not_picked":["Quick Slash+1","Deadly Poison","Accuracy+1"],"picked":"SKIP","floor":45}],"player_experience":170713,"relics_obtained":[{"floor":7,"key":"Orichalcum"},{"floor":9,"key":"Happy Flower"},{"floor":10,"key":"Regal Pillow"},{"floor":26,"key":"FossilizedHelix"},{"floor":43,"key":"Snake Skull"},{"floor":46,"key":"Peace Pipe"}],"event_choices":[{"damage_healed":0,"gold_gain":0,"player_choice":"Bought 1 Potion","damage_taken":0,"max_hp_gain":0,"max_hp_loss":0,"event_name":"The Woman in Blue","floor":3,"gold_loss":0},{"damage_healed":0,"gold_gain":0,"player_choice":"Ignored","damage_taken":0,"max_hp_gain":0,"max_hp_loss":0,"event_name":"The Mausoleum","floor":29,"gold_loss":0},{"damage_healed":0,"gold_gain":0,"player_choice":"Read","damage_taken":0,"max_hp_gain":0,"max_hp_loss":0,"event_name":"The Library","floor":31,"gold_loss":0,"cards_obtained":["Phantasmal Killer"]},{"damage_healed":0,"gold_gain":0,"player_choice":"Memory 1","damage_taken":0,"max_hp_gain":0,"max_hp_loss":0,"event_name":"SensoryStone","floor":37,"gold_loss":0},{"damage_healed":0,"gold_gain":0,"player_choice":"Ignored","damage_taken":0,"max_hp_gain":0,"max_hp_loss":0,"event_name":"The Moai Head","floor":39,"gold_loss":0},{"cards_removed":["Dagger Spray"],"damage_healed":0,"gold_gain":0,"player_choice":"Removed Attack","damage_taken":0,"max_hp_gain":0,"max_hp_loss":0,"event_name":"Falling","floor":44,"gold_loss":0},{"damage_healed":0,"gold_gain":0,"player_choice":"Fight","damage_taken":0,"max_hp_gain":0,"max_hp_loss":0,"event_name":"MindBloom","floor":46,"gold_loss":0},{"damage_healed":0,"gold_gain":100,"player_choice":"Pray","damage_taken":0,"max_hp_gain":0,"max_hp_loss":0,"event_name":"Golden Shrine","floor":48,"gold_loss":0}],"is_beta":true,"boss_relics":[{"not_picked":["HoveringKite","WristBlade"],"picked":"Ectoplasm"},{"not_picked":["White Beast Statue","Black Star"],"picked":"Sozu"}],"items_purged_floors":[],"is_endless":false,"potions_floor_spawned":[5,8,12,14,16,20,24,28,33,35,38,46],"ascension_level":3}