{"gold_per_floor":[112,125,145,155,49,49,67,67,67,77,110,130,130,130,130,232,232,242,255,275,275,24,53,53,63,63,63,0,0,16,36,36,141,141,151,76,76,25,0,0,0,15,15,31,45,45,45,57,57,57],"floor_reached":50,"playtime":34003,"items_purged":["Strike_R"],"score":565,"play_id":"214df47a-4a6e-4d96-87fc-ac3b99273ae8","local_time":"20190219111422","is_ascension_mode":true,"campfire_choices":[{"data":"Evolve","floor":6,"key":"SMITH"},{"floor":8,"key":"REST"},{"floor":15,"key":"REST"},{"data":"Metallicize","floor":24,"key":"SMITH"},{"floor":27,"key":"REST"},{"floor":32,"key":"REST"},{"data":"Armaments","floor":40,"key":"SMITH"},{"floor":49,"key":"REST"}],"neow_cost":"NONE","seed_source_timestamp":333821115107343,"circlet_count":0,"master_deck":["Strike_R","Strike_R","Strike_R","Strike_R+1","Defend_R","Defend_R","Defend_R","Defend_R","Bash","Pommel Strike","Perfected Strike","Thunderclap","Flame Barrier","Evolve+1","Shockwave","Headbutt+1","Metallicize+1","Barricade+1","Disarm","Demon Form","Perfected Strike+1","True Grit","Whirlwind","Perfected Strike+1","Entrench","Perfected Strike+1","Perfected Strike+1","Reaper","Armaments+1","Whirlwind+1","True Grit+1","Armaments+1"],"relics":["Burning Blood","Question Card","Nunchaku","Sozu","Sundial","Letter Opener","Dodecahedron","Philosopher\u0027s Stone","Mummified Hand","Red Mask","Centennial Puzzle"],"potions_floor_usage":[16,16,23,30],"damage_taken":[{"damage":9,"enemies":"Small Slimes","floor":1,"turns":4},{"damage":2,"enemies":"2 Louse","floor":2,"turns":2},{"damage":0,"enemies":"Cultist","floor":3,"turns":2},{"damage":31,"enemies":"Gremlin Gang","floor":4,"turns":4},{"damage":8,"enemies":"Exordium Wildlife","floor":7,"turns":6},{"damage":3,"enemies":"2 Fungi Beasts","floor":10,"turns":3},{"damage":19,"enemies":"Gremlin Nob","floor":11,"turns":4},{"damage":12,"enemies":"Lots of Slimes","floor":12,"turns":4},{"damage":59,"enemies":"Hexaghost","floor":16,"turns":15},{"damage":13,"enemies":"Shell Parasite","floor":18,"turns":5},{"damage":4,"enemies":"Chosen","floor":19,"turns":4},{"damage":37,"enemies":"3 Cultists","floor":20,"turns":6},{"damage":0,"enemies":"Gremlin Leader","floor":23,"turns":5},{"damage":30,"enemies":"Sentry and Sphere","floor":25,"turns":6},{"damage":0,"enemies":"Snecko","floor":30,"turns":3},{"damage":36,"enemies":"Snake Plant","floor":31,"turns":3},{"damage":34,"enemies":"Champ","floor":33,"turns":8},{"damage":0,"enemies":"Orb Walker","floor":35,"turns":1},{"damage":7,"enemies":"3 Shapes","floor":42,"turns":3},{"damage":4,"enemies":"Jaw Worm Horde","floor":44,"turns":3},{"damage":15,"enemies":"Spire Growth","floor":45,"turns":3},{"damage":21,"enemies":"Transient","floor":48,"turns":5},{"damage":90,"enemies":"Donu and Deca","floor":50,"turns":7}],"seed_played":"-2274181359594834455","potions_obtained":[{"floor":2,"key":"Ancient Potion"},{"floor":7,"key":"Regen Potion"},{"floor":11,"key":"FearPotion"},{"floor":14,"key":"Fire Potion"},{"floor":14,"key":"AttackPotion"},{"floor":14,"key":"SpeedPotion"},{"floor":16,"key":"SkillPotion"}],"is_trial":false,"path_per_floor":["M","M","M","M","$","R","M","R","T","M","E","M","?","?","R","B",null,"M","M","M","?","$","E","R","M","T","R","?","?","M","M","R","B",null,"M","$","T","$","?","R","$","M","T","M","M","$","?","M","R","B"],"character_chosen":"IRONCLAD","items_purchased":["Evolve","Shockwave","Sundial","Armaments"],"campfire_rested":5,"item_purchase_floors":[5,5,22,38],"current_hp_per_floor":[77,80,80,55,55,55,53,77,77,80,67,61,45,45,69,31,80,73,75,44,44,44,50,50,26,26,50,50,50,56,26,50,22,80,80,80,80,80,80,80,80,80,80,80,71,71,71,56,80,0],"gold":57,"neow_bonus":"THREE_CARDS","is_prod":false,"is_daily":false,"chose_seed":false,"campfire_upgraded":3,"win_rate":0,"timestamp":1550571262,"path_taken":["M","M","M","M","$","R","M","R","T","M","E","M","?","?","R","BOSS","M","M","M","?","$","E","R","?","T","R","?","?","M","M","R","BOSS","M","$","?","?","?","R","$","M","T","M","M","$","?","?","R","BOSS"],"build_version":"2019-01-23","purchased_purges":1,"victory":false,"max_hp_per_floor":[80,80,80,80,80,80,80,80,80,80,80,80,80,80,80,80,80,80,80,80,80,80,80,80,80,80,80,80,80,80,80,80,80,80,80,80,80,80,80,80,80,80,80,80,80,80,80,80,80,80],"card_choices":[{"not_picked":["Thunderclap","Seeing Red"],"picked":"Pommel Strike","floor":0},{"not_picked":["Cleave","Havoc"],"picked":"Perfected Strike","floor":1},{"not_picked":["Pummel","Flex"],"picked":"Thunderclap","floor":2},{"not_picked":["Rampage","Heavy Blade","Reckless Charge"],"picked":"SKIP","floor":3},{"not_picked":["Sword Boomerang","Offering"],"picked":"Flame Barrier","floor":4},{"not_picked":["Clash","Corruption"],"picked":"Headbutt","floor":7},{"not_picked":["Evolve","Pummel","Dropkick"],"picked":"Metallicize","floor":10},{"not_picked":["Body Slam","Reaper","Cleave"],"picked":"Barricade","floor":11},{"not_picked":["Anger","Flex","Uppercut"],"picked":"Disarm","floor":12},{"not_picked":["Impervious","Exhume","Brutality"],"picked":"Demon Form","floor":16},{"not_picked":["Metallicize","Warcry","Burning Pact"],"picked":"Perfected Strike+1","floor":18},{"not_picked":["Iron Wave","Cleave","Searing Blow"],"picked":"True Grit","floor":19},{"not_picked":["Inflame","Perfected Strike+1","Cleave"],"picked":"Whirlwind","floor":20},{"not_picked":["Clash+1","Immolate","Disarm","Headbutt"],"picked":"SKIP","floor":23},{"not_picked":["Searing Blow","Spot Weakness+1","Infernal Blade"],"picked":"Entrench","floor":25},{"not_picked":["Blood for Blood","Clash","Thunderclap"],"picked":"Perfected Strike+1","floor":30},{"not_picked":["Rampage","Dropkick","Clothesline"],"picked":"Perfected Strike+1","floor":31},{"not_picked":["Feed","Berserk","Double Tap"],"picked":"Reaper","floor":33},{"not_picked":["Wild Strike+1","Evolve+1","Sword Boomerang+1","Clothesline+1"],"picked":"SKIP","floor":35},{"not_picked":["Perfected Strike","Anger+1","Corruption","Dual Wield"],"picked":"SKIP","floor":42},{"not_picked":["Carnage","Shockwave","Sword Boomerang"],"picked":"Whirlwind+1","floor":44},{"not_picked":["Body Slam","Rage","Wild Strike+1"],"picked":"True Grit+1","floor":45},{"not_picked":["True Grit","Thunderclap","Shrug It Off"],"picked":"Armaments+1","floor":48}],"player_experience":107045,"relics_obtained":[{"floor":9,"key":"Question Card"},{"floor":11,"key":"Nunchaku"},{"floor":23,"key":"Letter Opener"},{"floor":26,"key":"Dodecahedron"},{"floor":37,"key":"Mummified Hand"},{"floor":43,"key":"Centennial Puzzle"}],"event_choices":[{"damage_healed":0,"gold_gain":0,"player_choice":"Entered Light","damage_taken":16,"max_hp_gain":0,"max_hp_loss":0,"event_name":"Shining Light","floor":13,"gold_loss":0,"cards_upgraded":["Headbutt","Strike_R"]},{"damage_healed":0,"gold_gain":0,"player_choice":"Got Potions","damage_taken":0,"max_hp_gain":0,"max_hp_loss":0,"event_name":"Lab","floor":14,"gold_loss":0},{"damage_healed":0,"gold_gain":0,"player_choice":"Copied","damage_taken":0,"max_hp_gain":0,"max_hp_loss":0,"event_name":"Duplicator","floor":21,"gold_loss":0,"cards_obtained":["Perfected Strike"]},{"damage_healed":0,"gold_gain":0,"player_choice":"Paid Fearfully","damage_taken":0,"max_hp_gain":0,"max_hp_loss":0,"event_name":"Masked Bandits","floor":28,"gold_loss":63},{"damage_healed":0,"gold_gain":0,"player_choice":"Forge","damage_taken":0,"max_hp_gain":0,"max_hp_loss":0,"event_name":"Accursed Blacksmith","floor":29,"gold_loss":0,"cards_upgraded":["Barricade"]},{"damage_healed":0,"gold_gain":0,"player_choice":"Paid","damage_taken":0,"relics_obtained":["Red Mask"],"max_hp_gain":0,"max_hp_loss":0,"event_name":"Tomb of Lord Red Mask","floor":39,"gold_loss":25},{"damage_healed":0,"gold_gain":0,"player_choice":"Ignored","damage_taken":0,"max_hp_gain":0,"max_hp_loss":0,"event_name":"WeMeetAgain","floor":47,"gold_loss":0}],"is_beta":false,"boss_relics":[{"not_picked":["Empty Cage","Eternal Feather"],"picked":"Sozu"},{"not_picked":["Orrery","Black Blood"],"picked":"Philosopher\u0027s Stone"}],"items_purged_floors":[36],"is_endless":false,"potions_floor_spawned":[2,7,11,16,18,19,30,33,35,44,48],"killed_by":"Donu and Deca","ascension_level":2}