{"gold_per_floor":[116,35,46,63,75,103,103,119,170,190,217,217,217,58,58,58],"floor_reached":16,"playtime":827,"items_purged":["Strike_R"],"score":193,"play_id":"264782fb-a90d-4748-b620-7d172f8f0f83","local_time":"20190226181538","is_ascension_mode":true,"campfire_choices":[{"data":"True Grit","floor":7,"key":"SMITH"},{"data":"Dark Embrace","floor":12,"key":"SMITH"},{"data":"Feel No Pain","floor":15,"key":"SMITH"}],"neow_cost":"NONE","seed_source_timestamp":997043762161128,"circlet_count":0,"master_deck":["AscendersBane","Strike_R","Strike_R","Strike_R","Strike_R+1","Defend_R","Defend_R","Defend_R","Defend_R","Bash","Feed","Feel No Pain+1","Uppercut+1","True Grit+1","Offering","Burning Pact","Ghostly Armor","Dark Embrace+1","Feel No Pain+1","Cleave"],"relics":["Burning Blood","Whetstone","PreservedInsect","Bottled Tornado"],"potions_floor_usage":[11,16,16],"damage_taken":[{"damage":3,"enemies":"Jaw Worm","floor":1,"turns":6},{"damage":5,"enemies":"Small Slimes","floor":3,"turns":5},{"damage":0,"enemies":"Cultist","floor":4,"turns":3},{"damage":3,"enemies":"2 Fungi Beasts","floor":5,"turns":4},{"damage":36,"enemies":"Gremlin Nob","floor":6,"turns":5},{"damage":4,"enemies":"Large Slime","floor":8,"turns":5},{"damage":15,"enemies":"3 Louse","floor":10,"turns":4},{"damage":11,"enemies":"3 Sentries","floor":11,"turns":7},{"damage":72,"enemies":"Hexaghost","floor":16,"turns":16}],"seed_played":"5669539311897803347","potions_obtained":[{"floor":1,"key":"SpeedPotion"},{"floor":3,"key":"Dexterity Potion"},{"floor":6,"key":"Regen Potion"}],"is_trial":false,"path_per_floor":["M","$","M","M","M","E","R","M","T","M","E","R","?","$","R","B"],"character_chosen":"IRONCLAD","items_purchased":["Feel No Pain","Feel No Pain","Cleave"],"campfire_rested":0,"item_purchase_floors":[2,14,14],"current_hp_per_floor":[78,78,82,89,92,65,65,67,67,58,71,71,71,71,71,0],"gold":58,"neow_bonus":"ONE_RANDOM_RARE_CARD","is_prod":false,"is_daily":false,"chose_seed":false,"campfire_upgraded":3,"win_rate":0,"timestamp":1551201338,"path_taken":["M","$","M","M","M","E","R","M","T","M","E","R","?","$","R","BOSS"],"build_version":"2019-01-23","purchased_purges":1,"victory":false,"max_hp_per_floor":[83,83,86,89,92,95,95,95,95,95,98,98,98,98,98,98],"card_choices":[{"not_picked":["Sever Soul","Sword Boomerang","Wild Strike"],"picked":"SKIP","floor":1},{"not_picked":["Rupture","Dual Wield"],"picked":"Uppercut","floor":3},{"not_picked":["Twin Strike","Warcry"],"picked":"True Grit","floor":4},{"not_picked":["Armaments","Clothesline"],"picked":"Offering","floor":5},{"not_picked":["Evolve","Berserk"],"picked":"Burning Pact","floor":6},{"not_picked":["Sword Boomerang","Perfected Strike","Clash"],"picked":"SKIP","floor":8},{"not_picked":["Evolve","Iron Wave"],"picked":"Ghostly Armor","floor":10},{"not_picked":["Ghostly Armor","Twin Strike"],"picked":"Dark Embrace","floor":11}],"player_experience":560593,"relics_obtained":[{"floor":6,"key":"Whetstone"},{"floor":9,"key":"PreservedInsect"},{"floor":11,"key":"Bottled Tornado"}],"event_choices":[{"damage_healed":0,"gold_gain":0,"player_choice":"Grow","damage_taken":0,"max_hp_gain":0,"max_hp_loss":0,"event_name":"Living Wall","floor":13,"gold_loss":0,"cards_upgraded":["Feel No Pain"]}],"is_beta":false,"boss_relics":[],"items_purged_floors":[14],"is_endless":false,"potions_floor_spawned":[1,3,6],"killed_by":"Hexaghost","ascension_level":10}