{"gold_per_floor":[109,129,142,67,79,79,96,96,170,240,240,261,300,323,323,448,448,464,477,477,497,522,522,560,580,580,267,267,267,288,56,56,184,184,197,218,242,17,17,58,58,77,126,126,147,26,60,76,76,76],"floor_reached":51,"playtime":3026,"items_purged":["Strike_G","Eviscerate","Outmaneuver+1","Parasite"],"score":1150,"play_id":"89fe5808-c6fa-4874-95f2-1f1d9b2004e7","local_time":"20190226143316","is_ascension_mode":true,"campfire_choices":[{"data":"Neutralize","floor":6,"key":"SMITH"},{"data":"Blur","floor":11,"key":"SMITH"},{"floor":15,"key":"REST"},{"data":"Acrobatics","floor":23,"key":"SMITH"},{"data":"Footwork","floor":28,"key":"SMITH"},{"floor":32,"key":"REST"},{"floor":41,"key":"REST"},{"floor":49,"key":"REST"}],"neow_cost":"NONE","seed_source_timestamp":981489286809321,"circlet_count":0,"master_deck":["AscendersBane","Survivor","Neutralize+1","Deadly Poison","Deadly Poison","Dagger Spray+1","Blur+1","Acrobatics+1","Crippling Poison+1","Dodge and Roll+1","Backflip+1","Venomology+1","Slice","Skewer","Envenom","Crippling Poison+1","Deflect+1","Riddle With Holes","Acrobatics+1","Caltrops+1","Backflip+1","Burst+1","PiercingWail+1","Footwork+1","Cloak And Dagger+1","Noxious Fumes","Bouncing Flask+1","Night Terror+1","Crippling Poison+1","Catalyst+1","Blur+1","Calculated Gamble+1","Catalyst+1","Footwork","Bouncing Flask+1"],"relics":["Ring of the Snake","Golden Idol","Toxic Egg 2","Nunchaku","PreservedInsect","Pandora\u0027s Box","Pen Nib","Letter Opener","Oddly Smooth Stone","Fusion Hammer","Bottled Flame","Regal Pillow","Smiling Mask"],"potions_floor_usage":[10,13,17,22,24,25,30,30,33,33,33,36,37,40,40,40,45,50,50,50],"damage_taken":[{"damage":2,"enemies":"Small Slimes","floor":1,"turns":6},{"damage":0,"enemies":"Jaw Worm","floor":2,"turns":4},{"damage":0,"enemies":"Cultist","floor":3,"turns":3},{"damage":3,"enemies":"Exordium Wildlife","floor":5,"turns":6},{"damage":0,"enemies":"2 Fungi Beasts","floor":7,"turns":4},{"damage":19,"enemies":"Lagavulin Event","floor":10,"turns":6},{"damage":26,"enemies":"Exordium Thugs","floor":12,"turns":5},{"damage":14,"enemies":"3 Sentries","floor":13,"turns":9},{"damage":4,"enemies":"Blue Slaver","floor":14,"turns":5},{"damage":11,"enemies":"Hexaghost","floor":16,"turns":10},{"damage":2,"enemies":"3 Byrds","floor":18,"turns":5},{"damage":4,"enemies":"Chosen","floor":19,"turns":4},{"damage":17,"enemies":"Snecko","floor":21,"turns":4},{"damage":4,"enemies":"3 Cultists","floor":22,"turns":4},{"damage":3,"enemies":"Gremlin Leader","floor":24,"turns":5},{"damage":2,"enemies":"Cultist and Chosen","floor":25,"turns":7},{"damage":0,"enemies":"Snake Plant","floor":30,"turns":4},{"damage":36,"enemies":"Collector","floor":33,"turns":9},{"damage":0,"enemies":"3 Darklings","floor":35,"turns":4},{"damage":0,"enemies":"3 Shapes","floor":36,"turns":3},{"damage":0,"enemies":"Writhing Mass","floor":37,"turns":5},{"damage":0,"enemies":"Reptomancer","floor":40,"turns":3},{"damage":0,"enemies":"Maw","floor":42,"turns":5},{"damage":0,"enemies":"Jaw Worm Horde","floor":45,"turns":3},{"damage":6,"enemies":"Nemesis","floor":47,"turns":6},{"damage":9,"enemies":"Writhing Mass","floor":48,"turns":5},{"damage":19,"enemies":"Donu and Deca","floor":50,"turns":9}],"seed_played":"-5623060148286261871","potions_obtained":[{"floor":2,"key":"Dexterity Potion"},{"floor":12,"key":"SpeedPotion"},{"floor":16,"key":"Fruit Juice"},{"floor":19,"key":"FearPotion"},{"floor":24,"key":"Block Potion"},{"floor":30,"key":"Strength Potion"},{"floor":35,"key":"FearPotion"},{"floor":36,"key":"Fire Potion"},{"floor":40,"key":"Energy Potion"}],"is_trial":false,"path_per_floor":["M","M","M","$","M","R","M","?","T","?","R","M","E","M","R","B",null,"M","M","?","M","M","R","E","M","T","$","R","?","M","$","R","B",null,"M","M","M","$","?","E","R","M","T","$","M","$","E","M","R","B",null],"character_chosen":"THE_SILENT","items_purchased":["Oddly Smooth Stone","Footwork","Noxious Fumes","Bouncing Flask+1","Calculated Gamble+1","Footwork","PowerPotion"],"campfire_rested":4,"item_purchase_floors":[27,27,31,31,38,46,46],"current_hp_per_floor":[68,68,68,68,65,65,65,65,65,46,46,20,6,2,23,12,61,59,55,55,38,34,34,31,29,29,29,29,29,29,29,51,15,61,61,61,61,61,61,61,73,73,73,73,73,73,67,58,73,54],"gold":76,"neow_bonus":"TEN_PERCENT_HP_BONUS","is_prod":false,"is_daily":false,"chose_seed":false,"campfire_upgraded":4,"win_rate":0,"timestamp":1551187996,"path_taken":["M","M","M","$","M","R","M","?","T","?","R","M","E","M","R","BOSS","M","M","?","M","M","R","E","?","T","$","R","?","M","$","R","BOSS","M","M","M","$","?","E","R","M","T","$","M","$","E","M","R","BOSS"],"build_version":"2019-01-23","purchased_purges":4,"victory":true,"max_hp_per_floor":[77,77,77,77,77,77,77,71,71,71,71,71,71,71,71,71,76,76,76,76,76,76,76,76,76,76,76,76,76,76,76,76,76,76,76,76,76,73,73,73,73,73,73,73,73,73,73,73,73,73],"card_choices":[{"not_picked":["Poisoned Stab","Dodge and Roll"],"picked":"Deadly Poison","floor":1},{"not_picked":["Blade Dance","Bane"],"picked":"Deadly Poison","floor":2},{"not_picked":["Quick Slash","Acrobatics"],"picked":"Dagger Spray","floor":3},{"not_picked":["Underhanded Strike","Accuracy"],"picked":"Blur","floor":5},{"not_picked":["Flying Knee","Wraith Form v2"],"picked":"Acrobatics","floor":7},{"not_picked":["Quick Slash","Terror+1"],"picked":"Crippling Poison+1","floor":10},{"not_picked":["Flying Knee","Quick Slash"],"picked":"Dodge and Roll+1","floor":12},{"not_picked":["Wraith Form v2","Acrobatics+1","Expertise+1"],"picked":"SKIP","floor":13},{"not_picked":["Prepared+1","Deflect+1"],"picked":"Backflip+1","floor":14},{"not_picked":["After Image","Phantasmal Killer+1"],"picked":"Venomology+1","floor":16},{"not_picked":["Dodge and Roll+1","Prepared+1"],"picked":"Caltrops+1","floor":18},{"not_picked":["Finisher+1","Sucker Punch"],"picked":"Backflip+1","floor":19},{"not_picked":["Flechettes","Setup+1"],"picked":"Burst+1","floor":21},{"not_picked":["Terror+1","Infinite Blades","Flechettes+1"],"picked":"SKIP","floor":22},{"not_picked":["Dagger Spray+1","Bane+1","Poisoned Stab+1"],"picked":"SKIP","floor":24},{"not_picked":["Poisoned Stab","Finisher"],"picked":"PiercingWail+1","floor":25},{"not_picked":["All Out Attack","Backflip+1"],"picked":"Cloak And Dagger+1","floor":30},{"not_picked":["Glass Knife","Venomology+1"],"picked":"Night Terror+1","floor":33},{"not_picked":["All Out Attack+1","Cloak And Dagger+1"],"picked":"Crippling Poison+1","floor":35},{"not_picked":["Finisher+1","Sucker Punch+1"],"picked":"Catalyst+1","floor":36},{"not_picked":["Deadly Poison+1","Dagger Spray"],"picked":"Blur+1","floor":37},{"not_picked":["Quick Slash","Heel Hook+1","Underhanded Strike+1"],"picked":"SKIP","floor":40},{"not_picked":["Sucker Punch","Prepared+1","Dagger Throw+1"],"picked":"SKIP","floor":42},{"not_picked":["Reflex+1","Quick Slash","Sucker Punch+1"],"picked":"SKIP","floor":45},{"not_picked":["After Image","Dagger Throw"],"picked":"Bouncing Flask+1","floor":47},{"not_picked":["Acrobatics+1","Outmaneuver+1","Predator"],"picked":"SKIP","floor":48}],"player_experience":547503,"relics_obtained":[{"floor":9,"key":"Toxic Egg 2"},{"floor":13,"key":"PreservedInsect"},{"floor":24,"key":"Pen Nib"},{"floor":26,"key":"Letter Opener"},{"floor":40,"key":"Bottled Flame"},{"floor":43,"key":"Regal Pillow"},{"floor":47,"key":"Smiling Mask"}],"event_choices":[{"damage_healed":0,"gold_gain":0,"player_choice":"Lose Max HP","damage_taken":0,"relics_obtained":["Golden Idol"],"max_hp_gain":0,"max_hp_loss":6,"event_name":"Golden Idol","floor":8,"gold_loss":0},{"damage_healed":0,"gold_gain":0,"player_choice":"Searched \u00272\u0027 times","damage_taken":0,"relics_obtained":["Nunchaku"],"max_hp_gain":0,"max_hp_loss":0,"event_name":"Dead Adventurer","floor":10,"gold_loss":0},{"damage_healed":0,"gold_gain":0,"player_choice":"Upgraded","damage_taken":0,"max_hp_gain":0,"max_hp_loss":0,"event_name":"Upgrade Shrine","floor":20,"gold_loss":0,"cards_upgraded":["Dagger Spray"]},{"damage_healed":0,"gold_gain":0,"player_choice":"Ignored","damage_taken":0,"max_hp_gain":0,"max_hp_loss":0,"event_name":"Ghosts","floor":29,"gold_loss":0},{"damage_healed":0,"gold_gain":0,"player_choice":"Copied","damage_taken":0,"max_hp_gain":0,"max_hp_loss":0,"event_name":"Duplicator","floor":39,"gold_loss":0,"cards_obtained":["Catalyst"]}],"is_beta":false,"boss_relics":[{"not_picked":["WristBlade","Runic Pyramid"],"picked":"Pandora\u0027s Box"},{"not_picked":["Black Star","Calling Bell"],"picked":"Fusion Hammer"}],"items_purged_floors":[4,27,31,38],"is_endless":false,"potions_floor_spawned":[2,12,16,19,22,24,30,35,36,40,48],"ascension_level":10}