{"path_per_floor":["M","?","M","M","$","R","E","M","T","M","R","E","$","M","R","B",null,"M","$","M","M","M","R","?","R","T","E","R","M","?","$","R","B",null,"M","M","T","$","T","R","E","M","T","E","$","E","R","T","R","B"],"character_chosen":"THE_SILENT","items_purchased":["Tools of the Trade","Regen Potion","Tactician","Reflex"],"gold_per_floor":[218,218,234,247,48,48,79,99,99,112,112,173,18,32,32,129,129,141,41,52,63,77,77,77,77,77,108,108,127,127,57,57,153,153,164,182,182,57,57,57,88,103,154,186,36,61,61,61,61,61],"floor_reached":51,"campfire_rested":0,"playtime":5771,"current_hp_per_floor":[59,64,45,42,42,42,36,35,35,35,35,35,35,33,33,37,66,66,66,55,53,53,53,53,53,53,53,53,48,48,48,48,68,71,71,71,71,71,71,71,71,71,71,71,71,72,72,72,72,44],"items_purged":["Defend_G","Parasite","Strike_G","Strike_G"],"gold":61,"play_id":"09e62851-1903-4e5a-b6f8-ea05d5d7a8d4","is_prod":false,"is_daily":false,"is_ascension_mode":true,"campfire_upgraded":9,"path_taken":["M","?","M","M","$","R","E","M","T","M","R","E","$","M","R","BOSS","M","$","M","M","M","R","?","R","T","E","R","M","?","?","R","BOSS","M","M","?","$","?","R","E","?","T","E","?","E","R","?","R","BOSS"],"build_version":"2018-02-01-PROD3","purchased_purges":4,"victory":true,"master_deck":["Defend_G","Defend_G","Defend_G","Defend_G","Strike_G","Strike_G","Survivor","Neutralize+1","Calculated Gamble+1","Heel Hook","Dash+1","Tools of the Trade","Acrobatics+1","Tactician+1","Prepared+1","Burst+1","Backflip","Acrobatics","Acrobatics","Acrobatics","Reflex+1","Adrenaline+1","Escape Plan","Prepared","Wraith Form","Concentrate"],"max_hp_per_floor":[70,75,75,75,75,75,75,75,75,75,75,75,75,75,75,75,75,75,72,72,72,72,72,72,72,72,72,72,72,72,72,72,72,72,72,72,72,72,72,72,72,72,72,72,72,72,72,72,72,72],"relics":["Ring of the Snake","Tingsha","Pantograph","Tiny Chest","White Beast Statue","Du-Vu Doll","Thread and Needle","Orrery","Sundial","Shovel","Dodecahedron","Omamori","Bronze Scales","Orichalcum","Gambling Chip","Torii"],"card_choices":[{"not_picked":["Deflect","Catalyst"],"picked":"Calculated Gamble"},{"not_picked":["Acrobatics","Deflect"],"picked":"Heel Hook"},{"not_picked":["Masterful Stab","Prepared"],"picked":"Dash"},{"not_picked":["Finisher","Prepared"],"picked":"Acrobatics"},{"not_picked":["Bane","Eviscerate"],"picked":"Prepared"},{"not_picked":["Wraith Form","Tools of the Trade"],"picked":"Burst"},{"not_picked":["Slice","Setup"],"picked":"Backflip"},{"not_picked":["Bane","Calculated Gamble"],"picked":"Acrobatics"},{"not_picked":["Slice","Choke"],"picked":"Acrobatics"},{"not_picked":["Flying Knee","Poisoned Stab"],"picked":"Acrobatics"},{"not_picked":["Venomology","Corpse Explosion"],"picked":"Adrenaline"},{"not_picked":["Deflect","Cloak And Dagger"],"picked":"Escape Plan"},{"not_picked":["Flying Knee","Deadly Poison"],"picked":"Prepared"},{"not_picked":["Cloak And Dagger","Terror"],"picked":"Wraith Form"},{"not_picked":["Infinite Blades","Riddle With Holes"],"picked":"Concentrate"}],"player_experience":620953,"potions_floor_usage":[7,7,12,18,20,21,27,29,46,50,50],"damage_taken":[{"damage":4,"enemies":"2 Louse","floor":1,"turns":3},{"damage":19,"enemies":"Jaw Worm","floor":3,"turns":8},{"damage":3,"enemies":"Blue Slaver","floor":4,"turns":6},{"damage":21,"enemies":"Lagavulin","floor":7,"turns":10},{"damage":1,"enemies":"Looter","floor":8,"turns":4},{"damage":0,"enemies":"Large Slime","floor":10,"turns":6},{"damage":0,"enemies":"Gremlin Nob","floor":12,"turns":3},{"damage":2,"enemies":"Exordium Wildlife","floor":14,"turns":4},{"damage":21,"enemies":"Slime Boss","floor":16,"turns":9},{"damage":0,"enemies":"3 Byrds","floor":18,"turns":2},{"damage":11,"enemies":"2 Thieves","floor":20,"turns":4},{"damage":2,"enemies":"Snake Plant","floor":21,"turns":3},{"damage":0,"enemies":"Centurion and Healer","floor":22,"turns":5},{"damage":0,"enemies":"Book of Stabbing","floor":27,"turns":2},{"damage":5,"enemies":"Slaver and Parasite","floor":29,"turns":3},{"damage":4,"enemies":"Champ","floor":33,"turns":3},{"damage":0,"enemies":"3 Shapes","floor":35,"turns":1},{"damage":0,"enemies":"3 Darklings","floor":36,"turns":3},{"damage":0,"enemies":"Nemesis","floor":41,"turns":1},{"damage":0,"enemies":"Maw","floor":42,"turns":2},{"damage":0,"enemies":"2 Orb Walkers","floor":44,"turns":1},{"damage":0,"enemies":"Giant Head","floor":46,"turns":2},{"damage":28,"enemies":"Time Eater","floor":50,"turns":6}],"event_choices":[{"event_name":"Big Fish","player_choice":"Donut","floor":2,"damage_taken":0},{"event_name":"Back to Basics","player_choice":"Elegance","floor":24,"damage_taken":0},{"event_name":"Vampires","player_choice":"Ignored","floor":30,"damage_taken":0}],"boss_relics":[{"not_picked":["Ectoplasm","The Specimen"],"picked":"White Beast Statue"},{"not_picked":["Velvet Choker","Snecko Eye"],"picked":"Orrery"}],"potions_floor_spawned":[4,10,14,18,20,21,22,27,29,33,35,36,41,42,44,46],"seed_played":"6140097470747421129","ascension_level":10,"is_trial":false}