{"gold_per_floor":[116,126,126,76,76,76,76,109,163,163,197,19,35,35,35,132,132,118,118,129,145,25,25,50,50,104,116,116,43,43,59,59,157,157,171,181,181,193,210,210,236,236,236,236,254,264,264,264,264,264],"floor_reached":51,"playtime":3855,"items_purged":["Defend_G"],"score":1070,"play_id":"96549b0f-2f7b-4e25-9d25-aab79ff064d5","local_time":"20190227130232","is_ascension_mode":true,"campfire_choices":[{"floor":7,"key":"REST"},{"floor":10,"key":"REST"},{"floor":15,"key":"REST"},{"floor":23,"key":"REST"},{"floor":30,"key":"REST"},{"floor":32,"key":"REST"},{"floor":40,"key":"REST"},{"floor":47,"key":"REST"},{"floor":49,"key":"REST"}],"neow_cost":"NONE","seed_source_timestamp":3774227538194717,"circlet_count":0,"master_deck":["AscendersBane","Defend_G+1","Defend_G+1","Defend_G+1","Defend_G+1","Strike_G+1","Strike_G+1","Strike_G+1","Strike_G+1","Survivor+1","Neutralize+1","Crippling Poison+1","Acrobatics+1","Dodge and Roll+1","Dagger Spray+1","Infinite Blades+1","Flying Knee+1","Slice+1","Burst+1","Dodge and Roll+1","Leg Sweep+1","PiercingWail+1","Flash of Steel+1","Caltrops+1","Blade Dance+1","Dash+1","Well Laid Plans+1","PiercingWail+1","Phantasmal Killer+1","Backflip+1","Dodge and Roll+1"],"relics":["Fusion Hammer","Meat on the Bone","Kunai","Whetstone","Bronze Scales","Sozu","Potion Belt","Strawberry","Runic Pyramid","Dream Catcher","Mango","Toxic Egg 2","Mark of the Bloom"],"potions_floor_usage":[11,24],"damage_taken":[{"damage":7,"enemies":"Small Slimes","floor":1,"turns":4},{"damage":8,"enemies":"Jaw Worm","floor":2,"turns":5},{"damage":21,"enemies":"3 Sentries","floor":8,"turns":15},{"damage":46,"enemies":"Gremlin Nob","floor":11,"turns":6},{"damage":0,"enemies":"2 Louse","floor":13,"turns":3},{"damage":4,"enemies":"Hexaghost","floor":16,"turns":13},{"damage":9,"enemies":"2 Thieves","floor":18,"turns":4},{"damage":16,"enemies":"Spheric Guardian","floor":20,"turns":5},{"damage":13,"enemies":"Snecko","floor":21,"turns":6},{"damage":1,"enemies":"Gremlin Leader","floor":24,"turns":9},{"damage":21,"enemies":"Cultist and Chosen","floor":27,"turns":8},{"damage":6,"enemies":"Shelled Parasite and Fungi","floor":31,"turns":6},{"damage":26,"enemies":"Champ","floor":33,"turns":19},{"damage":16,"enemies":"3 Shapes","floor":35,"turns":10},{"damage":0,"enemies":"Orb Walker","floor":36,"turns":4},{"damage":11,"enemies":"Spire Growth","floor":38,"turns":8},{"damage":0,"enemies":"Maw","floor":39,"turns":10},{"damage":26,"enemies":"Giant Head","floor":41,"turns":17},{"damage":11,"enemies":"4 Shapes","floor":45,"turns":8},{"damage":23,"enemies":"Jaw Worm Horde","floor":46,"turns":4},{"damage":13,"enemies":"Donu and Deca","floor":50,"turns":16}],"seed_played":"-1428303113982903584","potions_obtained":[{"floor":1,"key":"FearPotion"},{"floor":13,"key":"Dexterity Potion"},{"floor":16,"key":"Ancient Potion"}],"is_trial":false,"path_per_floor":["M","M","?","?","?","T","R","E","T","R","E","$","M","$","R","B",null,"M","?","M","M","$","R","E","?","T","M","?","$","R","M","R","B",null,"M","M","?","M","M","R","E","T","T","?","M","M","R","?","R","B",null],"character_chosen":"THE_SILENT","items_purchased":["Infinite Blades","Flying Knee","Flash of Steel","Caltrops","Well Laid Plans"],"campfire_rested":9,"item_purchase_floors":[12,12,22,22,29],"current_hp_per_floor":[56,48,48,48,34,34,55,46,46,67,33,33,45,45,66,62,68,59,59,43,42,42,63,62,62,69,48,48,48,71,65,77,51,71,55,55,55,44,44,67,41,55,55,55,56,45,72,72,72,59],"gold":264,"neow_bonus":"BOSS_RELIC","is_prod":false,"is_daily":false,"chose_seed":false,"campfire_upgraded":0,"win_rate":0,"timestamp":1551290552,"path_taken":["M","M","?","?","?","?","R","E","T","R","E","$","M","$","R","BOSS","M","?","M","M","$","R","E","?","T","?","?","$","R","M","R","BOSS","M","M","?","?","M","R","E","?","T","?","M","M","R","?","R","BOSS"],"build_version":"2019-02-06","purchased_purges":1,"victory":true,"max_hp_per_floor":[70,70,70,70,70,70,70,70,70,70,70,70,70,70,70,70,70,70,70,70,70,70,70,70,70,77,77,77,77,77,77,77,77,77,77,77,77,77,77,77,77,91,91,91,91,91,91,91,91,91],"card_choices":[{"not_picked":["Deflect","Outmaneuver"],"picked":"Crippling Poison","floor":1},{"not_picked":["Crippling Poison","Outmaneuver"],"picked":"Acrobatics","floor":2},{"not_picked":["Blur","Tactician"],"picked":"Dodge and Roll","floor":8},{"not_picked":["Riddle With Holes","Prepared"],"picked":"Dagger Spray","floor":11},{"not_picked":["Choke","Eviscerate"],"picked":"Slice","floor":13},{"not_picked":["Bullet Time","Grand Finale"],"picked":"Burst","floor":16},{"not_picked":["Deflect+1","Slice"],"picked":"Dodge and Roll","floor":18},{"not_picked":["Slice","Sucker Punch+1"],"picked":"Leg Sweep","floor":20},{"not_picked":["Prepared","Deflect"],"picked":"PiercingWail","floor":21},{"not_picked":["Reflex","Heel Hook"],"picked":"Blade Dance+1","floor":24},{"not_picked":["Deflect","Unload"],"picked":"Dash","floor":27},{"not_picked":["Dagger Spray","Dash+1"],"picked":"PiercingWail","floor":31},{"not_picked":["Corpse Explosion","Glass Knife"],"picked":"Phantasmal Killer","floor":33},{"not_picked":["Prepared","Masterful Stab+1","All Out Attack"],"picked":"SKIP","floor":35},{"not_picked":["Terror","Backflip","Slice+1"],"picked":"SKIP","floor":36},{"not_picked":["Prepared+1","Flying Knee","Slice"],"picked":"SKIP","floor":38},{"not_picked":["Outmaneuver+1","Acrobatics","Quick Slash"],"picked":"SKIP","floor":39},{"not_picked":["Heel Hook","Choke+1"],"picked":"Backflip+1","floor":41},{"not_picked":["Eviscerate+1","Deflect+1","Distraction+1"],"picked":"SKIP","floor":45},{"not_picked":["Bane+1","Predator","Sucker Punch"],"picked":"SKIP","floor":46},{"not_picked":["Predator+1","Dagger Spray"],"picked":"Dodge and Roll+1","floor":47}],"player_experience":283939,"relics_obtained":[{"floor":6,"key":"Meat on the Bone"},{"floor":8,"key":"Kunai"},{"floor":9,"key":"Whetstone"},{"floor":11,"key":"Bronze Scales"},{"floor":24,"key":"Potion Belt"},{"floor":26,"key":"Strawberry"},{"floor":41,"key":"Dream Catcher"},{"floor":42,"key":"Mango"},{"floor":43,"key":"Toxic Egg 2"}],"event_choices":[{"damage_healed":0,"gold_gain":0,"player_choice":"Ignored","damage_taken":0,"max_hp_gain":0,"max_hp_loss":0,"event_name":"Golden Idol","floor":3,"gold_loss":0},{"cards_removed":["Strike_G"],"damage_healed":0,"gold_gain":0,"player_choice":"Card Removal","damage_taken":0,"max_hp_gain":0,"max_hp_loss":0,"event_name":"The Cleric","floor":4,"gold_loss":50},{"damage_healed":0,"gold_gain":0,"player_choice":"Entered Light","damage_taken":14,"max_hp_gain":0,"max_hp_loss":0,"event_name":"Shining Light","floor":5,"gold_loss":0,"cards_upgraded":["Defend_G","Strike_G"]},{"damage_healed":0,"gold_gain":0,"player_choice":"Ignored","damage_taken":0,"max_hp_gain":0,"max_hp_loss":0,"event_name":"The Mausoleum","floor":19,"gold_loss":0},{"damage_healed":0,"gold_gain":0,"player_choice":"Bought 0 Potions","damage_taken":0,"max_hp_gain":0,"max_hp_loss":0,"event_name":"The Woman in Blue","floor":25,"gold_loss":0},{"damage_healed":0,"gold_gain":0,"player_choice":"Simplicity","damage_taken":0,"max_hp_gain":0,"max_hp_loss":0,"event_name":"Back to Basics","floor":28,"gold_loss":0,"cards_upgraded":["Defend_G","Defend_G","Defend_G","Strike_G","Strike_G"]},{"damage_healed":0,"gold_gain":0,"player_choice":"Ignored","damage_taken":0,"max_hp_gain":0,"max_hp_loss":0,"event_name":"SecretPortal","floor":37,"gold_loss":0},{"damage_healed":0,"gold_gain":0,"player_choice":"Memory 1","damage_taken":0,"max_hp_gain":0,"max_hp_loss":0,"event_name":"SensoryStone","floor":44,"gold_loss":0},{"damage_healed":0,"gold_gain":0,"player_choice":"Upgrade","damage_taken":0,"relics_obtained":["Mark of the Bloom"],"max_hp_gain":0,"max_hp_loss":0,"event_name":"MindBloom","floor":48,"gold_loss":0,"cards_upgraded":["Survivor","Crippling Poison","Acrobatics","Dodge and Roll","Dagger Spray","Infinite Blades","Flying Knee","Slice","Burst","Dodge and Roll","Leg Sweep","PiercingWail","Flash of Steel","Caltrops","Dash","Well Laid Plans","PiercingWail","Phantasmal Killer"]}],"is_beta":true,"boss_relics":[{"not_picked":["Busted Crown","Eternal Feather"],"picked":"Sozu"},{"not_picked":["White Beast Statue","Empty Cage"],"picked":"Runic Pyramid"}],"items_purged_floors":[12],"is_endless":false,"potions_floor_spawned":[1,13,16,24,31,33,38,39,45,46],"ascension_level":12}