{"path_per_floor":["M","T","M","$","$","R","E","$","T","M","M","?","R","E","R","B",null,"M","?","T","?","M","R","$","?","T","R","$","M","M","E","R","B",null,"M","$","M","$","M","R","?","$","T","M","R","M","T","$","R","B"],"character_chosen":"DEFECT","items_purchased":["Coolheaded+1","Leap+1","Barrage","Leap+1","Hologram+1"],"gold_per_floor":[114,114,134,134,59,59,86,86,112,123,135,60,60,88,88,164,164,182,182,182,182,192,192,47,47,93,93,93,108,121,156,156,235,235,246,71,89,10,21,21,0,0,0,19,19,39,39,15,15,15],"floor_reached":51,"campfire_rested":2,"playtime":4145,"item_purchase_floors":[24,36,38,38,48],"current_hp_per_floor":[64,64,64,64,64,64,64,64,64,64,64,64,64,49,49,25,60,51,51,51,51,30,51,51,35,35,35,35,35,35,17,27,27,33,35,35,37,37,39,39,39,39,39,39,39,41,41,41,41,12],"items_purged":["Strike_B","Strike_B","Melter"],"gold":15,"score":1287,"play_id":"404020b7-8d15-48c5-9508-c602d0a4489e","local_time":"20180521170214","is_prod":false,"is_daily":false,"chose_seed":false,"is_ascension_mode":true,"campfire_upgraded":6,"timestamp":1526947334,"campfire_choices":[{"data":"Zap","floor":6,"key":"SMITH"},{"data":"Ball Lightning","floor":13,"key":"SMITH"},{"data":"Defend_B","floor":15,"key":"SMITH"},{"floor":23,"key":"REST"},{"data":"Defragment","floor":27,"key":"SMITH"},{"floor":32,"key":"REST"},{"data":"Barrage","floor":40,"key":"SMITH"},{"data":"Defragment","floor":45,"key":"SMITH"},{"floor":49,"key":"DIG"}],"path_taken":["M","?","M","?","$","R","E","?","T","M","M","?","R","E","R","BOSS","M","?","?","?","M","R","$","?","T","R","?","M","M","E","R","BOSS","M","?","?","$","M","R","?","$","T","M","R","M","?","?","R","BOSS"],"build_version":"2018-05-18","seed_source_timestamp":295432329923873,"purchased_purges":3,"victory":true,"master_deck":["Defend_B+1","Defend_B","Defend_B","Defend_B+1","Zap+1","Dualcast+1","AscendersBane","Auto Shields","Hologram+1","Coolheaded+1","BootSequence+1","Ball Lightning+1","Recycle+1","Seek+1","Defragment+1","Coolheaded+1","Ghostly+1","Ghostly+1","Ghostly+1","Ghostly+1","Ghostly+1","Steam Power+1","Skim+1","Echo Form","All For One","Leap+1","Barrage+1","Leap+1","Defragment+1","Hologram+1"],"max_hp_per_floor":[71,71,71,71,71,71,71,71,71,71,71,71,71,71,71,71,71,71,71,71,71,71,71,71,35,35,35,35,35,35,35,35,35,35,37,37,39,39,41,41,41,41,41,41,41,43,43,43,43,43],"relics":["Cracked Core","NeowsBlessing","Toxic Egg 2","War Paint","Vajra","Omamori","Sozu","Singing Bowl","Orichalcum","Gremlin Horn","Inserter","Red Mask","Thread and Needle","Shovel","Blue Candle"],"card_choices":[{"not_picked":["Reinforced Body","Hologram"],"picked":"Auto Shields","floor":1},{"not_picked":["Capacitor","Barrage"],"picked":"Hologram+1","floor":3},{"not_picked":["Capacitor","Sweeping Beam"],"picked":"Coolheaded+1","floor":7},{"not_picked":["Lockon","Loop"],"picked":"BootSequence+1","floor":10},{"not_picked":["Redo+1","Reinforced Body+1"],"picked":"Ball Lightning","floor":11},{"not_picked":["Sweeping Beam","Double Energy+1"],"picked":"Recycle+1","floor":14},{"not_picked":["Thunder Strike","Nova"],"picked":"Seek+1","floor":16},{"not_picked":["Fusion+1","Cold Snap"],"picked":"Defragment","floor":18},{"not_picked":["Sweeping Beam","Ball Lightning+1"],"picked":"Melter","floor":22},{"not_picked":["Cold Snap","Turbo+1"],"picked":"Steam Power+1","floor":29},{"not_picked":["Hello World","Stack+1"],"picked":"Skim+1","floor":30},{"not_picked":["Barrage","Cold Snap"],"picked":"Echo Form","floor":31},{"not_picked":["Reboot+1","Amplify+1"],"picked":"All For One","floor":33},{"not_picked":["Rebound+1","Sweeping Beam","Hologram+1"],"picked":"Singing Bowl","floor":35},{"not_picked":["Hologram+1","Recycle+1","Barrage"],"picked":"Singing Bowl","floor":37},{"not_picked":["Auto Shields+1","Beam Cell","Hologram+1"],"picked":"Singing Bowl","floor":39},{"not_picked":["Beam Cell+1","Lockon"],"picked":"Defragment","floor":44},{"not_picked":["Barrage","Leap+1","Axe Kick"],"picked":"Singing Bowl","floor":46}],"player_experience":1552556,"potions_floor_usage":[31,31,50],"damage_taken":[{"damage":0,"enemies":"Cultist","floor":1,"turns":1},{"damage":0,"enemies":"Jaw Worm","floor":3,"turns":1},{"damage":0,"enemies":"3 Sentries","floor":7,"turns":1},{"damage":0,"enemies":"2 Louse","floor":10,"turns":3},{"damage":0,"enemies":"2 Fungi Beasts","floor":11,"turns":4},{"damage":15,"enemies":"Lagavulin","floor":14,"turns":5},{"damage":24,"enemies":"Slime Boss","floor":16,"turns":9},{"damage":9,"enemies":"2 Thieves","floor":18,"turns":4},{"damage":21,"enemies":"Chosen","floor":22,"turns":4},{"damage":0,"enemies":"Snake Plant","floor":29,"turns":4},{"damage":0,"enemies":"Centurion and Healer","floor":30,"turns":9},{"damage":18,"enemies":"Slavers","floor":31,"turns":6},{"damage":0,"enemies":"Collector","floor":33,"turns":12},{"damage":0,"enemies":"Flame Bruiser 1 Orb","floor":35,"turns":7},{"damage":0,"enemies":"Orb Walker","floor":37,"turns":4},{"damage":0,"enemies":"Sphere and 2 Shapes","floor":39,"turns":6},{"damage":0,"enemies":"3 Darklings","floor":44,"turns":6},{"damage":0,"enemies":"Maw","floor":46,"turns":7},{"damage":39,"enemies":"Time Eater","floor":50,"turns":34}],"relics_obtained":[{"floor":2,"key":"Toxic Egg 2"},{"floor":7,"key":"War Paint"},{"floor":9,"key":"Vajra"},{"floor":14,"key":"Omamori"},{"floor":20,"key":"Singing Bowl"},{"floor":26,"key":"Orichalcum"},{"floor":31,"key":"Gremlin Horn"},{"floor":43,"key":"Thread and Needle"},{"floor":47,"key":"Shovel"},{"floor":49,"key":"Blue Candle"}],"event_choices":[{"event_name":"The Cleric","player_choice":"Card Removal","floor":12,"damage_taken":0},{"event_name":"Back to Basics","player_choice":"Elegance","floor":19,"damage_taken":0},{"event_name":"Drug Dealer","player_choice":"Ignored","floor":21,"damage_taken":0},{"event_name":"Ghosts","player_choice":"Became a Ghost","floor":25,"damage_taken":0},{"event_name":"Tomb of Lord Red Mask","player_choice":"Paid","floor":41,"damage_taken":0}],"boss_relics":[{"not_picked":["Pandora\u0027s Box","Velvet Choker"],"picked":"Sozu"},{"not_picked":["Eternal Feather","Cursed Key"],"picked":"Inserter"}],"items_purged_floors":[5,24,36],"potions_floor_spawned":[1,3,16,22,30,37],"seed_played":"7650161366835597250","ascension_level":15,"potions_obtained":[{"floor":1,"key":"Regen Potion"},{"floor":3,"key":"Poison Potion"},{"floor":16,"key":"AttackPotion"}],"is_trial":false}