{"path_per_floor":["M","M","?","M","T","R","E","R","T","E","?","$","$","M","R","B",null,"M","M","$","?","M","R","E","M","T","$","E","M","E","M","R","B",null,"M","$","?","?","M","R","E","M","T","?","T","M","R","M","R","B"],"character_chosen":"DEFECT","items_purchased":["Cold Snap","Sunder","DataDisk","Compile Driver"],"gold_per_floor":[118,130,130,149,149,149,175,175,200,231,231,156,33,44,44,121,121,121,139,14,14,27,27,56,73,73,38,67,86,117,127,127,203,203,216,9,9,9,24,24,51,62,62,107,154,170,170,182,182,182],"floor_reached":51,"campfire_rested":4,"playtime":3438,"item_purchase_floors":[13,27,36,36],"current_hp_per_floor":[62,60,60,60,60,60,45,45,45,31,24,24,24,21,21,19,58,58,58,58,37,14,35,23,19,19,19,21,14,4,6,27,24,59,61,61,61,71,71,71,70,50,50,14,14,16,37,40,62,23],"items_purged":["Strike_B","Strike_B","Strike_B"],"gold":182,"score":1329,"play_id":"fb7a7e63-e46b-46f8-be84-23c45b064d9d","local_time":"20180604150024","is_prod":false,"is_daily":false,"chose_seed":false,"is_ascension_mode":true,"campfire_upgraded":4,"win_rate":0,"timestamp":1528149624,"campfire_choices":[{"data":"Defragment","floor":6,"key":"SMITH"},{"data":"Defend_B","floor":8,"key":"SMITH"},{"data":"Go for the Eyes","floor":15,"key":"SMITH"},{"floor":23,"key":"REST"},{"floor":32,"key":"REST"},{"data":"Loop","floor":40,"key":"SMITH"},{"floor":47,"key":"REST"},{"floor":49,"key":"REST"}],"path_taken":["M","M","?","M","?","R","E","R","T","E","?","?","$","M","R","BOSS","M","M","$","?","?","R","E","M","T","$","E","?","E","M","R","BOSS","M","$","?","?","?","R","E","?","T","?","?","M","R","M","R","BOSS"],"build_version":"2018-05-30v2","seed_source_timestamp":605462829931421,"purchased_purges":3,"victory":true,"master_deck":["Defend_B+1","Defend_B","Defend_B","Defend_B","Dualcast","AscendersBane","Streamline+1","Defragment+1","Ball Lightning","Echo Form","Go for the Eyes+1","Cold Snap","Leap","Core Surge+1","Ball Lightning","Necronomicurse","Hyperbeam","Compile Driver","Sunder","Coolheaded","Hologram","Ball Lightning","Undo","Echo Form","Hologram+1","Compile Driver","Writhe","Loop+1","Consume+1","Stack"],"max_hp_per_floor":[71,71,71,71,71,71,71,71,71,71,71,71,71,71,71,71,71,71,71,71,71,71,71,71,71,71,71,71,71,71,71,71,71,71,71,71,71,71,71,71,71,71,71,71,71,73,73,75,75,75],"relics":["Cracked Core","Ice Cream","Mummified Hand","Vajra","Happy Flower","Runic Dome","Necronomicon","Blood Vial","Blue Candle","Whetstone","Boot","Snecko Eye","DataDisk","Bottled Tornado","Pantograph","Unceasing Top","Singing Bowl"],"card_choices":[{"not_picked":["Hologram","Rebound"],"picked":"Streamline","floor":1},{"not_picked":["Cold Snap","Coolheaded"],"picked":"Defragment","floor":2},{"not_picked":["Turbo","Rebound"],"picked":"Ball Lightning","floor":4},{"not_picked":["Darkness","Go for the Eyes"],"picked":"Echo Form","floor":7},{"not_picked":["Consume","White Noise"],"picked":"Go for the Eyes","floor":10},{"not_picked":["Beam Cell","Turbo"],"picked":"Leap","floor":14},{"not_picked":["Hyperbeam","Thunder Strike"],"picked":"Core Surge","floor":16},{"not_picked":["Go for the Eyes","Redo"],"picked":"Ball Lightning","floor":19},{"not_picked":["Beam Cell","Redo","Heatsinks"],"picked":"SKIP","floor":22},{"not_picked":["Reinforced Body","Barrage"],"picked":"Hyperbeam","floor":24},{"not_picked":["Steam","Tempest"],"picked":"Compile Driver","floor":25},{"not_picked":["Turbo","Genetic Algorithm"],"picked":"Coolheaded","floor":28},{"not_picked":["Turbo","Steam"],"picked":"Hologram","floor":29},{"not_picked":["Rebound","Lockon"],"picked":"Ball Lightning","floor":30},{"not_picked":["Ball Lightning","Fusion"],"picked":"Undo","floor":31},{"not_picked":["Reboot","Seek"],"picked":"Echo Form","floor":33},{"not_picked":["Barrage","Gash+1"],"picked":"Hologram+1","floor":35},{"not_picked":["Doom and Gloom","Steam Power"],"picked":"Loop","floor":39},{"not_picked":["Streamline+1","Chill","Cold Snap"],"picked":"SKIP","floor":41},{"not_picked":["Recycle+1","Barrage"],"picked":"Consume+1","floor":42},{"not_picked":["Barrage","Auto Shields+1"],"picked":"Stack","floor":44},{"not_picked":["Scrape","Sweeping Beam+1","Turbo"],"picked":"Singing Bowl","floor":46},{"not_picked":["Genetic Algorithm+1","Compile Driver","White Noise+1"],"picked":"Singing Bowl","floor":48}],"player_experience":1791677,"potions_floor_usage":[16,18,24,24,30,33,33,44,46,46],"damage_taken":[{"damage":2,"enemies":"2 Louse","floor":1,"turns":3},{"damage":2,"enemies":"Jaw Worm","floor":2,"turns":3},{"damage":0,"enemies":"Small Slimes","floor":4,"turns":3},{"damage":15,"enemies":"Lagavulin","floor":7,"turns":6},{"damage":14,"enemies":"3 Sentries","floor":10,"turns":5},{"damage":3,"enemies":"Blue Slaver","floor":14,"turns":3},{"damage":2,"enemies":"Hexaghost","floor":16,"turns":8},{"damage":0,"enemies":"3 Byrds","floor":18,"turns":1},{"damage":0,"enemies":"Chosen","floor":19,"turns":3},{"damage":23,"enemies":"3 Cultists","floor":22,"turns":5},{"damage":12,"enemies":"Gremlin Leader","floor":24,"turns":5},{"damage":6,"enemies":"Sentry and Sphere","floor":25,"turns":3},{"damage":0,"enemies":"Slavers","floor":28,"turns":1},{"damage":9,"enemies":"Cultist and Chosen","floor":29,"turns":5},{"damage":12,"enemies":"Book of Stabbing","floor":30,"turns":3},{"damage":0,"enemies":"3 Cultists","floor":31,"turns":3},{"damage":5,"enemies":"Champ","floor":33,"turns":9},{"damage":0,"enemies":"3 Shapes","floor":35,"turns":6},{"damage":0,"enemies":"Flame Bruiser 1 Orb","floor":39,"turns":3},{"damage":1,"enemies":"Giant Head","floor":41,"turns":6},{"damage":21,"enemies":"Maw","floor":42,"turns":5},{"damage":38,"enemies":"Mysterious Sphere","floor":44,"turns":2},{"damage":2,"enemies":"Sphere and 2 Shapes","floor":46,"turns":4},{"damage":1,"enemies":"Flame Bruiser 2 Orb","floor":48,"turns":3},{"damage":52,"enemies":"Awakened One","floor":50,"turns":11}],"relics_obtained":[{"floor":5,"key":"Ice Cream"},{"floor":7,"key":"Mummified Hand"},{"floor":9,"key":"Vajra"},{"floor":10,"key":"Happy Flower"},{"floor":21,"key":"Necronomicon"},{"floor":24,"key":"Blood Vial"},{"floor":26,"key":"Blue Candle"},{"floor":28,"key":"Whetstone"},{"floor":30,"key":"Boot"},{"floor":41,"key":"Bottled Tornado"},{"floor":43,"key":"Pantograph"},{"floor":44,"key":"Unceasing Top"},{"floor":45,"key":"Singing Bowl"}],"event_choices":[{"event_name":"Liars Game","player_choice":"disagreed","floor":3,"damage_taken":0},{"event_name":"Golden Wing","player_choice":"Card Removal","floor":11,"damage_taken":0},{"event_name":"Cursed Tome","player_choice":"Obtained Book","floor":21,"damage_taken":0},{"event_name":"Winding Halls","player_choice":"Writhe","floor":38,"damage_taken":0},{"event_name":"Mysterious Sphere","player_choice":"Fight","floor":44,"damage_taken":0}],"boss_relics":[{"not_picked":["Tiny House","Inserter"],"picked":"Runic Dome"},{"not_picked":["Cursed Key","Velvet Choker"],"picked":"Snecko Eye"}],"items_purged_floors":[12,13,20],"potions_floor_spawned":[7,10,14,19,25,29,31,33,39,41,46],"seed_played":"3813474111683030276","ascension_level":15,"potions_obtained":[{"floor":7,"key":"SmokeBomb"},{"floor":10,"key":"SpeedPotion"},{"floor":14,"key":"AttackPotion"},{"floor":19,"key":"FocusPotion"},{"floor":25,"key":"EssenceOfSteel"},{"floor":29,"key":"Swift Potion"},{"floor":31,"key":"Poison Potion"},{"floor":33,"key":"FearPotion"},{"floor":39,"key":"Ancient Potion"},{"floor":41,"key":"EssenceOfSteel"},{"floor":46,"key":"FairyPotion"}],"is_trial":false}