{"gold_per_floor":[209,223,19,29,29,29,29,29,103,103,103,122,122,147,147,272,272,292,306,330,350,373,373,392,592,638,168,193,218,249,92,92,216,216,231,231,251,251,0,0,14,14,14,54,75,75,99,113,113,113],"floor_reached":51,"playtime":1293,"items_purged":["Strike_R","Strike_R"],"score":793,"play_id":"ceac913e-12c9-409c-80df-76500d489d12","local_time":"20190225134313","is_ascension_mode":false,"campfire_choices":[{"data":"Infernal Blade","floor":6.0,"key":"SMITH"},{"data":"Metallicize","floor":11.0,"key":"SMITH"},{"data":"Bash","floor":13.0,"key":"SMITH"},{"data":"Flex","floor":15.0,"key":"SMITH"},{"data":"Offering","floor":23.0,"key":"SMITH"},{"floor":32,"key":"REST"},{"data":"Limit Break","floor":40,"key":"SMITH"},{"floor":42,"key":"REST"},{"floor":46,"key":"REST"},{"floor":49,"key":"REST"}],"neow_cost":"NONE","seed_source_timestamp":1674169550171,"circlet_count":0,"master_deck":["Strike_R","Strike_R+1","Strike_R","Defend_R","Defend_R","Defend_R+1","Bash+1","Infernal Blade+1","Metallicize+1","Cleave","Flex+1","Feed","Offering+1","Feed","Burning Pact+1","Offering","Offering","Metallicize+1","Burning Pact+1","Good Instincts","The Bomb","Limit Break+1"],"special_seed":0,"relics":["Burning Blood","Brimstone","Golden Idol","Singing Bowl","Philosopher\u0027s Stone","Strawberry","Pear","Omamori","Cursed Key","Meat on the Bone","Anchor"],"potions_floor_usage":[33,33,33,44,50],"damage_taken":[{"damage":3.0,"enemies":"Cultist","floor":1.0,"turns":6.0},{"damage":6.0,"enemies":"Jaw Worm","floor":2.0,"turns":3.0},{"damage":5.0,"enemies":"2 Louse","floor":4.0,"turns":2.0},{"damage":0.0,"enemies":"Large Slime","floor":12.0,"turns":3.0},{"damage":9.0,"enemies":"Blue Slaver","floor":14.0,"turns":2.0},{"damage":24.0,"enemies":"The Guardian","floor":16.0,"turns":6.0},{"damage":16.0,"enemies":"2 Thieves","floor":18.0,"turns":3.0},{"damage":1.0,"enemies":"Chosen","floor":19.0,"turns":3.0},{"damage":1.0,"enemies":"Centurion and Healer","floor":20.0,"turns":3.0},{"damage":7.0,"enemies":"3 Cultists","floor":21.0,"turns":4.0},{"damage":32.0,"enemies":"Snake Plant","floor":22.0,"turns":3.0},{"damage":6.0,"enemies":"Centurion and Healer","floor":24.0,"turns":3.0},{"damage":11.0,"enemies":"3 Cultists","floor":28.0,"turns":3.0},{"damage":12.0,"enemies":"Snecko","floor":29.0,"turns":3.0},{"damage":30.0,"enemies":"Slavers","floor":30.0,"turns":5.0},{"damage":76,"enemies":"Collector","floor":33,"turns":7},{"damage":28,"enemies":"3 Darklings","floor":35,"turns":3},{"damage":16,"enemies":"3 Shapes","floor":37,"turns":2},{"damage":18,"enemies":"Spire Growth","floor":41,"turns":2},{"damage":65,"enemies":"Nemesis","floor":44,"turns":3},{"damage":21,"enemies":"4 Shapes","floor":45,"turns":4},{"damage":18,"enemies":"Writhing Mass","floor":47,"turns":4},{"damage":23,"enemies":"Sphere and 2 Shapes","floor":48,"turns":4},{"damage":49,"enemies":"Awakened One","floor":50,"turns":7}],"seed_played":"-2300121895508849306","potions_obtained":[{"floor":1.0,"key":"BloodPotion"},{"floor":12.0,"key":"Explosive Potion"},{"floor":16.0,"key":"FearPotion"},{"floor":22.0,"key":"Energy Potion"},{"floor":24.0,"key":"Ancient Potion"},{"floor":29.0,"key":"SpeedPotion"},{"floor":30.0,"key":"SpeedPotion"},{"floor":37,"key":"AttackPotion"},{"floor":45,"key":"Fire Potion"},{"floor":47,"key":"EssenceOfSteel"}],"is_trial":false,"path_per_floor":["M","M","$","M","?","R","?","?","T","?","R","M","R","M","R","B",null,"M","M","M","M","M","R","M","?","T","$","M","M","E","$","R","B",null,"M","?","M","?","$","R","M","R","T","E","M","R","M","M","R","B",null],"character_chosen":"IRONCLAD","items_purchased":["Brimstone","Feed","Pear","Offering","Limit Break"],"campfire_rested":4,"item_purchase_floors":[3,27,27,31,39],"current_hp_per_floor":[80,80,80,80,85,85,78,78,78,62,62,68,68,65,65,47,79,74,86,89,93,69,69,74,74,81,91,91,90,72,72,112,45,137,117,117,110,102,102,102,95,139,139,94,87,134,124,115,165,128],"gold":113,"neow_bonus":"HUNDRED_GOLD","is_prod":false,"is_daily":false,"chose_seed":false,"campfire_upgraded":6,"win_rate":0,"timestamp":1551123793,"path_taken":["M","?","$","M","?","R","?","?","T","?","R","M","R","?","R","BOSS","M","M","M","M","M","R","?","?","T","$","?","M","E","$","R","BOSS","M","?","?","?","$","R","M","R","T","E","M","R","M","M","R","BOSS"],"build_version":"2019-01-23","purchased_purges":2,"victory":true,"max_hp_per_floor":[80,80,80,80,85,85,85,79,79,79,79,79,79,79,79,79,79,84,86,89,94,96,96,101,101,108,118,123,128,134,134,134,137,137,139,139,142,144,144,144,149,149,149,151,159,159,161,169,169,175],"card_choices":[{"not_picked":["True Grit","Anger"],"picked":"Infernal Blade","floor":1.0},{"not_picked":["Iron Wave","Evolve"],"picked":"Metallicize","floor":2.0},{"not_picked":["Bloodletting","Blood for Blood","Perfected Strike"],"picked":"SKIP","floor":4.0},{"not_picked":["Evolve","Burning Pact"],"picked":"Cleave","floor":12.0},{"not_picked":["True Grit","Dropkick"],"picked":"Flex","floor":14.0},{"not_picked":["Barricade","Reaper"],"picked":"Feed","floor":16.0},{"not_picked":["Warcry+1","Seeing Red+1","Wild Strike"],"picked":"Singing Bowl","floor":18.0},{"not_picked":["Ghostly Armor","Thunderclap","Hemokinesis+1"],"picked":"Singing Bowl","floor":19.0},{"not_picked":["Evolve","Flex"],"picked":"Offering","floor":20.0},{"not_picked":["Perfected Strike+1","Wild Strike","Entrench"],"picked":"Singing Bowl","floor":21.0},{"not_picked":["Pommel Strike","Intimidate","Flex"],"picked":"Singing Bowl","floor":22.0},{"not_picked":["Sword Boomerang","Power Through","Clash+1"],"picked":"Singing Bowl","floor":24.0},{"not_picked":["Shrug It Off","Ghostly Armor","Barricade"],"picked":"Singing Bowl","floor":28.0},{"not_picked":["Heavy Blade","Fire Breathing","Flex"],"picked":"Singing Bowl","floor":29.0},{"not_picked":["Searing Blow","Feel No Pain+1"],"picked":"Burning Pact+1","floor":30.0},{"not_picked":["Barricade","Double Tap"],"picked":"Offering","floor":33},{"not_picked":["Twin Strike","Flex","Warcry+1"],"picked":"Singing Bowl","floor":35},{"not_picked":["Disarm","Pommel Strike"],"picked":"Burning Pact+1","floor":37},{"not_picked":["Forethought","Enlightenment"],"picked":"Good Instincts","floor":38},{"not_picked":["Flash of Steel","Secret Technique","Impatience"],"picked":"Singing Bowl","floor":38},{"not_picked":["Dark Shackles","Dramatic Entrance"],"picked":"The Bomb","floor":38},{"not_picked":["Clothesline","Body Slam+1","Pommel Strike+1"],"picked":"Singing Bowl","floor":41},{"not_picked":["Rage+1","Clash+1","Entrench+1"],"picked":"Singing Bowl","floor":44},{"not_picked":["Clothesline+1","Armaments+1","Thunderclap"],"picked":"Singing Bowl","floor":45},{"not_picked":["Body Slam","Warcry","Spot Weakness"],"picked":"Singing Bowl","floor":47},{"not_picked":["Pommel Strike+1","Dual Wield+1","Sever Soul"],"picked":"Singing Bowl","floor":48}],"player_experience":920635,"relics_obtained":[{"floor":9.0,"key":"Singing Bowl"},{"floor":26.0,"key":"Strawberry"},{"floor":30.0,"key":"Omamori"},{"floor":43,"key":"Meat on the Bone"},{"floor":44,"key":"Anchor"}],"event_choices":[{"damage_healed":0.0,"max_hp_gain":5.0,"max_hp_loss":0.0,"gold_gain":0.0,"event_name":"Big Fish","player_choice":"Donut","floor":5.0,"gold_loss":0.0,"damage_taken":0.0},{"cards_removed":["Defend_R"],"damage_healed":0.0,"max_hp_gain":0.0,"max_hp_loss":0.0,"gold_gain":0.0,"event_name":"Golden Wing","player_choice":"Card Removal","floor":7.0,"gold_loss":0.0,"damage_taken":7.0},{"damage_healed":0.0,"max_hp_gain":0.0,"max_hp_loss":6.0,"gold_gain":0.0,"event_name":"Golden Idol","player_choice":"Lose Max HP","floor":8.0,"gold_loss":0.0,"damage_taken":0.0,"relics_obtained":["Golden Idol"]},{"damage_healed":0.0,"max_hp_gain":0.0,"max_hp_loss":0.0,"gold_gain":0.0,"event_name":"Shining Light","player_choice":"Entered Light","floor":10.0,"gold_loss":0.0,"damage_taken":16.0,"cards_upgraded":["Defend_R","Strike_R"]},{"damage_healed":0.0,"max_hp_gain":0.0,"max_hp_loss":0.0,"gold_gain":250.0,"event_name":"The Joust","player_choice":"Bet on Owner","floor":25.0,"gold_loss":50.0,"damage_taken":0.0},{"damage_healed":0,"gold_gain":0,"player_choice":"Copied","damage_taken":0,"max_hp_gain":0,"max_hp_loss":0,"event_name":"Duplicator","floor":36,"gold_loss":0,"cards_obtained":["Metallicize"]},{"damage_healed":0,"gold_gain":0,"player_choice":"Memory 3","damage_taken":10,"max_hp_gain":0,"max_hp_loss":0,"event_name":"SensoryStone","floor":38,"gold_loss":0}],"is_beta":false,"boss_relics":[{"not_picked":["Runic Pyramid","Fusion Hammer"],"picked":"Philosopher\u0027s Stone"},{"not_picked":["Sozu","Calling Bell"],"picked":"Cursed Key"}],"items_purged_floors":[27,39],"is_endless":false,"potions_floor_spawned":[1,12,16,22,24,29,30,37,45,47],"ascension_level":0}