{"gold_per_floor":[109,129,149,167,242,242,272,287,313,313,327,344,344,379,391,498,510,539,565,676,19,34,34,49,49,74,94,113,113,28,28,28,132,182,197,216,228,24,0,0,33,49,49,49],"floor_reached":44,"playtime":2082,"items_purged":["Hello World"],"score":706,"play_id":"bcf640a6-7311-40c6-96b7-7ce6321f8caa","local_time":"20190226234543","is_ascension_mode":true,"campfire_choices":[{"floor":6,"key":"REST"},{"data":"Go for the Eyes","floor":10,"key":"SMITH"},{"data":"Zap","floor":13,"key":"SMITH"},{"floor":15,"key":"REST"},{"data":"1","floor":23,"key":"LIFT"},{"data":"2","floor":29,"key":"LIFT"},{"floor":32,"key":"REST"},{"data":"3","floor":40,"key":"LIFT"}],"neow_cost":"NONE","seed_source_timestamp":1015590797286077,"circlet_count":0,"master_deck":["AscendersBane","Zap+1","Dualcast","FTL","Rebound","Go for the Eyes+1","BootSequence","Gash","All For One","Gash","Echo Form","Chill","Cold Snap","Rip and Tear","Stack","Coolheaded+1","Chaos","BootSequence","Go for the Eyes","Conserve Battery","Streamline","Conserve Battery","Hologram","Madness","Steam","Gash","Buffer","Steam+1","Gash+1","Beam Cell+1","Beam Cell","Go for the Eyes+1","Hologram+1"],"relics":["Cracked Core","Dream Catcher","Vajra","Bag of Preparation","MawBank","Pandora\u0027s Box","Girya","Gremlin Horn","Boot","Orichalcum","Tiny House","Oddly Smooth Stone","Red Mask","Toxic Egg 2","Blue Candle"],"potions_floor_usage":[4,7,11,14,14,33,33,41,41,42],"damage_taken":[{"damage":1,"enemies":"2 Louse","floor":1,"turns":2},{"damage":4,"enemies":"Jaw Worm","floor":2,"turns":3},{"damage":8,"enemies":"Small Slimes","floor":3,"turns":2},{"damage":20,"enemies":"Gremlin Gang","floor":4,"turns":5},{"damage":18,"enemies":"Gremlin Nob","floor":7,"turns":4},{"damage":8,"enemies":"Exordium Wildlife","floor":8,"turns":5},{"damage":0,"enemies":"Large Slime","floor":11,"turns":4},{"damage":3,"enemies":"Blue Slaver","floor":12,"turns":3},{"damage":5,"enemies":"3 Sentries","floor":14,"turns":4},{"damage":42,"enemies":"The Guardian","floor":16,"turns":11},{"damage":0,"enemies":"Chosen","floor":18,"turns":3},{"damage":8,"enemies":"Shell Parasite","floor":19,"turns":4},{"damage":5,"enemies":"Sentry and Sphere","floor":22,"turns":4},{"damage":7,"enemies":"3 Cultists","floor":24,"turns":5},{"damage":11,"enemies":"Shelled Parasite and Fungi","floor":27,"turns":5},{"damage":0,"enemies":"Chosen and Byrds","floor":28,"turns":3},{"damage":9,"enemies":"Automaton","floor":33,"turns":8},{"damage":2,"enemies":"Orb Walker","floor":35,"turns":4},{"damage":8,"enemies":"3 Shapes","floor":36,"turns":5},{"damage":19,"enemies":"Spire Growth","floor":37,"turns":5},{"damage":39,"enemies":"Giant Head","floor":41,"turns":8},{"damage":0,"enemies":"4 Shapes","floor":42,"turns":3},{"damage":19,"enemies":"Writhing Mass","floor":44,"turns":2}],"seed_played":"3117773455555043781","potions_obtained":[{"floor":1,"key":"FocusPotion"},{"floor":2,"key":"FearPotion"},{"floor":7,"key":"LiquidBronze"},{"floor":8,"key":"Regen Potion"},{"floor":12,"key":"Energy Potion"},{"floor":18,"key":"Strength Potion"},{"floor":24,"key":"FocusPotion"},{"floor":33,"key":"FocusPotion"},{"floor":34,"key":"Energy Potion"},{"floor":35,"key":"Regen Potion"},{"floor":36,"key":"GamblersBrew"},{"floor":41,"key":"SkillPotion"}],"is_trial":false,"path_per_floor":["M","M","M","M","?","R","E","M","T","R","M","M","R","E","R","B",null,"M","M","?","$","M","R","M","?","T","M","M","R","?","?","R","B",null,"M","M","M","$","?","R","E","M","T","M"],"character_chosen":"DEFECT","items_purchased":["Girya","Conserve Battery","Gremlin Horn","Oddly Smooth Stone","Beam Cell"],"campfire_rested":3,"item_purchase_floors":[21,21,21,38,38],"current_hp_per_floor":[67,63,55,35,24,46,28,20,20,20,32,29,29,24,46,4,57,57,49,49,49,44,44,37,37,37,26,26,26,26,26,48,39,71,69,61,42,42,42,42,18,18,18,0],"gold":49,"neow_bonus":"RANDOM_COMMON_RELIC","is_prod":false,"is_daily":false,"chose_seed":false,"campfire_upgraded":2,"win_rate":0,"timestamp":1551221143,"path_taken":["M","M","M","M","?","R","E","M","T","R","M","M","R","E","R","BOSS","M","M","?","$","M","R","M","?","T","M","?","R","?","?","R","BOSS","M","M","M","$","?","R","E","M","T","M"],"build_version":"2019-01-23","purchased_purges":1,"victory":false,"max_hp_per_floor":[75,75,75,75,75,75,75,75,75,75,75,75,75,75,75,75,75,75,75,75,75,75,75,75,75,75,75,75,75,75,75,75,75,80,80,80,80,80,80,80,80,80,80,80],"card_choices":[{"not_picked":["Steam Power","Skim"],"picked":"FTL","floor":1},{"not_picked":["Barrage","Rip and Tear","Steam Power"],"picked":"SKIP","floor":2},{"not_picked":["Force Field","Auto Shields"],"picked":"Rebound","floor":3},{"not_picked":["Melter","Redo"],"picked":"Go for the Eyes","floor":4},{"not_picked":["Turbo","Sweeping Beam"],"picked":"BootSequence","floor":7},{"not_picked":["Rebound","Redo","Steam Power"],"picked":"SKIP","floor":8},{"not_picked":["Fusion","Hologram"],"picked":"Gash","floor":11},{"not_picked":["Reprogram","Go for the Eyes"],"picked":"All For One","floor":12},{"not_picked":["Force Field","Glacier"],"picked":"Gash","floor":14},{"not_picked":["Amplify","Meteor Strike"],"picked":"Echo Form","floor":16},{"not_picked":["Compile Driver","Leap"],"picked":"Go for the Eyes","floor":18},{"not_picked":["Compile Driver+1","Stack+1","Hello World+1"],"picked":"SKIP","floor":19},{"not_picked":["Doom and Gloom","Barrage"],"picked":"Streamline","floor":22},{"not_picked":["Meteor Strike","Barrage"],"picked":"Conserve Battery","floor":24},{"not_picked":["White Noise","Coolheaded","Stack+1"],"picked":"SKIP","floor":27},{"not_picked":["Leap","Storm","Stack"],"picked":"SKIP","floor":28},{"not_picked":["Force Field","Sweeping Beam"],"picked":"Gash","floor":32},{"not_picked":["Thunder Strike","Multi-Cast"],"picked":"Buffer","floor":33},{"not_picked":["Skim","Rebound"],"picked":"Steam+1","floor":34},{"not_picked":["Barrage","Melter+1","Coolheaded"],"picked":"SKIP","floor":35},{"not_picked":["Multi-Cast","Chaos"],"picked":"Gash+1","floor":36},{"not_picked":["Steam","Go for the Eyes"],"picked":"Beam Cell+1","floor":37},{"not_picked":["BootSequence+1","Conserve Battery"],"picked":"Go for the Eyes+1","floor":41},{"not_picked":["Ball Lightning+1","Stack+1"],"picked":"Hologram+1","floor":42}],"player_experience":579037,"relics_obtained":[{"floor":7,"key":"Vajra"},{"floor":9,"key":"Bag of Preparation"},{"floor":14,"key":"MawBank"},{"floor":26,"key":"Boot"},{"floor":41,"key":"Toxic Egg 2"},{"floor":43,"key":"Blue Candle"}],"event_choices":[{"damage_healed":0,"gold_gain":75,"player_choice":"Gather Gold","damage_taken":11,"max_hp_gain":0,"max_hp_loss":0,"event_name":"World of Goop","floor":5,"gold_loss":0},{"damage_healed":0,"gold_gain":99,"player_choice":"Stole From Cult","damage_taken":0,"max_hp_gain":0,"max_hp_loss":0,"event_name":"Nest","floor":20,"gold_loss":0},{"damage_healed":0,"gold_gain":0,"player_choice":"2 cards matched","damage_taken":0,"max_hp_gain":0,"max_hp_loss":0,"event_name":"Match and Keep!","floor":25,"gold_loss":0,"cards_obtained":["Hologram","Madness"]},{"damage_healed":0,"gold_gain":0,"player_choice":"Obtained Relic","damage_taken":0,"relics_obtained":["Orichalcum"],"max_hp_gain":0,"max_hp_loss":0,"event_name":"Addict","floor":30,"gold_loss":85},{"damage_healed":0,"gold_gain":0,"player_choice":"Read","damage_taken":0,"max_hp_gain":0,"max_hp_loss":0,"event_name":"The Library","floor":31,"gold_loss":0,"cards_obtained":["Steam"]},{"damage_healed":0,"gold_gain":0,"player_choice":"Paid","damage_taken":0,"relics_obtained":["Red Mask"],"max_hp_gain":0,"max_hp_loss":0,"event_name":"Tomb of Lord Red Mask","floor":39,"gold_loss":24}],"is_beta":false,"boss_relics":[{"not_picked":["Snecko Eye","Nuclear Battery"],"picked":"Pandora\u0027s Box"},{"not_picked":["White Beast Statue","Black Star"],"picked":"Tiny House"}],"items_purged_floors":[21],"is_endless":false,"potions_floor_spawned":[1,2,7,8,12,18,24,33,35,36,41],"killed_by":"Writhing Mass","ascension_level":10}