{"gold_per_floor":[112,124,124,74,90,125,44,60,111,140,140,140,140,155,155,252,252,262,273,292,308,308,308,320,334,334,181,195,207,107,107,107,207,207,227,227,244,4,16,16,41,41,41,51,151,178,178,178,178,178],"floor_reached":50,"playtime":2736,"items_purged":["Strike_R","Strike_R","Strike_R"],"score":862,"play_id":"bb2c3455-fb50-4914-b6ec-21144c621046","local_time":"20190227235331","is_ascension_mode":true,"campfire_choices":[{"data":"Armaments","floor":11.0,"key":"SMITH"},{"data":"Disarm","floor":13.0,"key":"SMITH"},{"data":"Demon Form","floor":15.0,"key":"SMITH"},{"data":"Shockwave","floor":23.0,"key":"SMITH"},{"floor":32.0,"key":"REST"},{"floor":40.0,"key":"REST"},{"data":"Heavy Blade","floor":47,"key":"SMITH"},{"floor":49,"key":"REST"}],"neow_cost":"NONE","seed_source_timestamp":1101725409939284,"circlet_count":0,"master_deck":["AscendersBane","Defend_R","Defend_R","Defend_R","Defend_R","Bash","Armaments+1","Headbutt","Pommel Strike","Offering","Shrug It Off","Disarm+1","Demon Form+1","Double Tap","Seeing Red+1","Heavy Blade+1","Shockwave+1","Metallicize","Whirlwind","Shrug It Off","True Grit+1","True Grit+1","Madness","Madness"],"special_seed":0,"relics":["Burning Blood","Sundial","Ancient Tea Set","Boot","FossilizedHelix","Velvet Choker","Magic Flower","Lizard Tail","Calipers","Frozen Egg 2","Turnip","Smiling Mask"],"potions_floor_usage":[46],"damage_taken":[{"damage":4.0,"enemies":"Jaw Worm","floor":1.0,"turns":4.0},{"damage":0.0,"enemies":"Small Slimes","floor":2.0,"turns":3.0},{"damage":0.0,"enemies":"2 Louse","floor":5.0,"turns":3.0},{"damage":32.0,"enemies":"Gremlin Nob","floor":6.0,"turns":4.0},{"damage":9.0,"enemies":"Blue Slaver","floor":8.0,"turns":3.0},{"damage":25.0,"enemies":"Lagavulin","floor":10.0,"turns":5.0},{"damage":1.0,"enemies":"Lots of Slimes","floor":14.0,"turns":5.0},{"damage":20.0,"enemies":"Slime Boss","floor":16.0,"turns":10.0},{"damage":0.0,"enemies":"Chosen","floor":18.0,"turns":4.0},{"damage":0.0,"enemies":"Spheric Guardian","floor":19.0,"turns":3.0},{"damage":10.0,"enemies":"Cultist and Chosen","floor":20.0,"turns":6.0},{"damage":28.0,"enemies":"Sentry and Sphere","floor":21.0,"turns":4.0},{"damage":8.0,"enemies":"Chosen and Byrds","floor":24.0,"turns":4.0},{"damage":7.0,"enemies":"Shelled Parasite and Fungi","floor":25.0,"turns":5.0},{"damage":15.0,"enemies":"Centurion and Healer","floor":28.0,"turns":4.0},{"damage":9.0,"enemies":"Chosen and Byrds","floor":29.0,"turns":7.0},{"damage":65.0,"enemies":"Collector","floor":33.0,"turns":8.0},{"damage":21.0,"enemies":"3 Darklings","floor":35.0,"turns":7.0},{"damage":13.0,"enemies":"Orb Walker","floor":37.0,"turns":4.0},{"damage":24.0,"enemies":"Spire Growth","floor":39.0,"turns":4.0},{"damage":42.0,"enemies":"Giant Head","floor":41.0,"turns":8.0},{"damage":37,"enemies":"Jaw Worm Horde","floor":44,"turns":4},{"damage":3,"enemies":"Mind Bloom Boss Battle","floor":45,"turns":7},{"damage":27,"enemies":"Reptomancer","floor":46,"turns":9},{"damage":79,"enemies":"Donu and Deca","floor":50,"turns":5}],"seed_played":"-7886510351111905994","potions_obtained":[{"floor":8.0,"key":"Swift Potion"},{"floor":10.0,"key":"FearPotion"},{"floor":16.0,"key":"Poison Potion"},{"floor":20.0,"key":"AttackPotion"},{"floor":24.0,"key":"Regen Potion"},{"floor":29.0,"key":"Strength Potion"},{"floor":35.0,"key":"GamblersBrew"},{"floor":37.0,"key":"SteroidPotion"},{"floor":45,"key":"SpeedPotion"}],"is_trial":false,"path_per_floor":["M","M","?","?","M","E","$","M","T","E","R","?","R","M","R","B",null,"M","M","M","M","?","R","M","M","T","$","M","M","$","?","R","B",null,"M","?","M","$","M","R","E","?","T","M","?","E","R","?","R","B"],"character_chosen":"IRONCLAD","items_purchased":["Offering","Metallicize","Whirlwind","Shrug It Off"],"campfire_rested":3,"item_purchase_floors":[7,27,38,38],"current_hp_per_floor":[74,80,80,80,80,54,54,51,51,32,32,29,29,34,34,20,65,71,77,73,51,51,51,49,62,62,62,56,56,56,56,80,24,66,54,54,50,50,35,59,26,26,26,69,75,57,57,47,71,0],"gold":178,"neow_bonus":"TRANSFORM_CARD","is_prod":false,"is_daily":false,"chose_seed":false,"campfire_upgraded":5,"win_rate":0,"timestamp":1551308011,"path_taken":["M","M","?","?","M","E","$","M","T","E","R","?","R","M","R","BOSS","M","M","M","M","?","R","M","M","T","$","M","M","$","?","R","BOSS","M","?","M","$","M","R","E","?","T","M","?","E","R","?","R","BOSS"],"build_version":"2019-01-23","purchased_purges":3,"victory":false,"max_hp_per_floor":[80,80,80,80,80,80,80,80,80,80,80,80,80,80,80,80,80,80,80,80,80,80,80,80,80,80,80,80,80,80,80,80,80,80,80,80,80,80,80,80,80,80,80,80,80,80,80,80,80,80],"card_choices":[{"not_picked":["Body Slam","True Grit"],"picked":"Armaments","floor":1.0},{"not_picked":["Thunderclap","Ghostly Armor"],"picked":"Headbutt","floor":2.0},{"not_picked":["Havoc","Sentinel"],"picked":"Pommel Strike","floor":5.0},{"not_picked":["Rage","Armaments","Anger"],"picked":"SKIP","floor":6.0},{"not_picked":["Pommel Strike","Hemokinesis"],"picked":"Shrug It Off","floor":8.0},{"not_picked":["Sever Soul","Infernal Blade"],"picked":"Disarm","floor":10.0},{"not_picked":["Cleave","Evolve"],"picked":"Demon Form","floor":14.0},{"not_picked":["Exhume","Juggernaut"],"picked":"Double Tap","floor":16.0},{"not_picked":["Headbutt","Warcry","Entrench"],"picked":"SKIP","floor":18.0},{"not_picked":["Clothesline","Rage","Clash"],"picked":"SKIP","floor":19.0},{"not_picked":["Flex","Wild Strike"],"picked":"Seeing Red+1","floor":20.0},{"not_picked":["Infernal Blade","Entrench"],"picked":"Heavy Blade","floor":21.0},{"not_picked":["Twin Strike+1","Thunderclap","Carnage+1"],"picked":"SKIP","floor":24.0},{"not_picked":["Bludgeon","Body Slam","Intimidate"],"picked":"SKIP","floor":25.0},{"not_picked":["Anger","Rampage","Combust"],"picked":"SKIP","floor":28.0},{"not_picked":["Clothesline","Disarm","Evolve"],"picked":"SKIP","floor":29.0},{"not_picked":["Headbutt","Uppercut","Searing Blow"],"picked":"SKIP","floor":35.0},{"not_picked":["Headbutt","Warcry","Twin Strike"],"picked":"SKIP","floor":37.0},{"not_picked":["Clothesline","Rupture","Perfected Strike+1"],"picked":"SKIP","floor":39.0},{"not_picked":["Dual Wield+1","Cleave"],"picked":"True Grit+1","floor":41.0},{"not_picked":["Flex","Heavy Blade","Warcry"],"picked":"SKIP","floor":44},{"not_picked":["Clothesline","Intimidate"],"picked":"True Grit+1","floor":46}],"player_experience":621486,"relics_obtained":[{"floor":6.0,"key":"Sundial"},{"floor":9.0,"key":"Ancient Tea Set"},{"floor":10.0,"key":"Boot"},{"floor":26.0,"key":"Magic Flower"},{"floor":41.0,"key":"Calipers"},{"floor":43.0,"key":"Frozen Egg 2"},{"floor":45,"key":"Turnip"},{"floor":46,"key":"Smiling Mask"}],"event_choices":[{"damage_healed":0.0,"max_hp_gain":0.0,"max_hp_loss":0.0,"gold_gain":0.0,"event_name":"Liars Game","player_choice":"Ignored","floor":3.0,"gold_loss":0.0,"damage_taken":0.0},{"cards_removed":["Strike_R"],"damage_healed":0.0,"max_hp_gain":0.0,"max_hp_loss":0.0,"gold_gain":0.0,"event_name":"The Cleric","player_choice":"Card Removal","floor":4.0,"gold_loss":50.0,"damage_taken":0.0},{"damage_healed":0.0,"max_hp_gain":0.0,"max_hp_loss":0.0,"gold_gain":0.0,"event_name":"Scrap Ooze","player_choice":"Success","floor":12.0,"gold_loss":0.0,"damage_taken":3.0,"relics_obtained":["FossilizedHelix"]},{"damage_healed":0.0,"max_hp_gain":0.0,"max_hp_loss":0.0,"gold_gain":0.0,"event_name":"The Library","player_choice":"Read","floor":22.0,"gold_loss":0.0,"damage_taken":0.0,"cards_obtained":["Shockwave"]},{"damage_healed":0.0,"max_hp_gain":0.0,"max_hp_loss":0.0,"gold_gain":0.0,"event_name":"Ghosts","player_choice":"Ignored","floor":31.0,"gold_loss":0.0,"damage_taken":0.0},{"damage_healed":0.0,"max_hp_gain":0.0,"max_hp_loss":0.0,"gold_gain":0.0,"event_name":"Mysterious Sphere","player_choice":"Ignored","floor":36.0,"gold_loss":0.0,"damage_taken":0.0},{"cards_removed":["Reckless Charge"],"damage_healed":0.0,"max_hp_gain":0.0,"max_hp_loss":0.0,"gold_gain":0.0,"event_name":"Falling","player_choice":"Removed Attack","floor":42.0,"gold_loss":0.0,"damage_taken":0.0},{"damage_healed":0,"gold_gain":0,"player_choice":"Fight","damage_taken":0,"max_hp_gain":0,"max_hp_loss":0,"event_name":"MindBloom","floor":45,"gold_loss":0},{"damage_healed":0,"gold_gain":0,"player_choice":"Embrace Madness","damage_taken":10,"max_hp_gain":0,"max_hp_loss":0,"event_name":"Winding Halls","floor":48,"gold_loss":0,"cards_obtained":["Madness","Madness"]}],"is_beta":false,"boss_relics":[{"not_picked":["Tiny House","Philosopher\u0027s Stone"],"picked":"Velvet Choker"},{"not_picked":["Runic Pyramid","Cursed Key"],"picked":"Lizard Tail"}],"items_purged_floors":[27,30,38],"is_endless":false,"potions_floor_spawned":[8,10,16,20,24,29,35,37,45],"killed_by":"Donu and Deca","ascension_level":12}