{"path_per_floor":["M","M","$","?","T","R","E","R","T","E","M","E","M","?","R","B",null,"M","?","?","M","M","R","E","M","T","R","E","M","M","M","R","B",null,"M","M","?","$","M","R","M","$","T","$","M","?","M","M","R","B"],"character_chosen":"DEFECT","items_purchased":["Leap","Mind Blast","Cables","Coolheaded"],"gold_per_floor":[118,133,11,11,34,34,63,63,133,165,185,214,225,225,225,302,302,316,231,231,244,254,254,288,298,298,298,332,350,370,380,380,451,451,466,477,477,62,77,77,95,45,70,20,34,34,46,64,64,64],"floor_reached":51,"campfire_rested":3,"playtime":4952,"item_purchase_floors":[3,38,38,38],"current_hp_per_floor":[64,64,64,64,64,64,53,53,53,40,46,43,45,45,45,44,64,53,53,31,26,22,61,39,51,51,51,35,31,33,44,81,79,81,81,68,81,81,72,72,72,72,72,72,72,72,72,72,81,67],"items_purged":["Strike_B","Thunder Strike+1","Defend_B","Defend_B"],"gold":64,"score":1226,"play_id":"ea5cf00a-fc83-4363-b36d-8c9bf54e7130","local_time":"20180624151539","is_prod":false,"is_daily":false,"chose_seed":false,"is_ascension_mode":true,"campfire_upgraded":5,"win_rate":0,"timestamp":1529878539,"campfire_choices":[{"data":"Zap","floor":6,"key":"SMITH"},{"data":"Loop","floor":8,"key":"SMITH"},{"data":"Leap","floor":15,"key":"SMITH"},{"floor":23,"key":"REST"},{"data":"Seek","floor":27,"key":"SMITH"},{"floor":32,"key":"REST"},{"data":"Mind Blast","floor":40,"key":"SMITH"},{"floor":49,"key":"REST"}],"path_taken":["M","M","$","?","?","R","E","R","T","E","?","E","M","?","R","BOSS","M","?","?","M","M","R","E","M","T","R","E","?","M","M","R","BOSS","M","?","?","$","M","R","M","$","T","?","M","?","?","M","R","BOSS"],"build_version":"2018-06-21","seed_source_timestamp":259938691743011,"purchased_purges":4,"circlet_count":0,"victory":true,"master_deck":["Defend_B","Defend_B","Zap+1","Dualcast","AscendersBane","Loop+1","Go for the Eyes+1","Leap+1","Capacitor","Compile Driver","Consume+1","Doom and Gloom","Hologram","Seek+1","Glacier","Cold Snap","Cold Snap","Hologram+1","Conserve Battery","Steam Power","Aggregate","Steam+1","BootSequence","Undo","Conserve Battery","Consume+1","Conserve Battery","Compile Driver+1","Core Surge","All For One+1","Heatsinks+1","Go for the Eyes","Compile Driver","Coolheaded","Defragment+1","Writhe","Mind Blast+1","Coolheaded","Leap","Machine Learning","Coolheaded","Hologram+1","Chaos+1","Steam+1"],"max_hp_per_floor":[71,71,71,71,71,71,71,71,71,71,71,71,71,71,71,71,71,76,76,81,81,81,81,81,81,81,81,81,81,81,81,81,81,81,81,81,81,81,81,81,81,81,81,81,81,81,81,81,81,81],"relics":["Cracked Core","Regal Pillow","Gambling Chip","Meat on the Bone","Unceasing Top","DataDisk","Inserter","Prayer Wheel","Question Card","Torii","Smiling Mask","Astrolabe","Cables","Potion Belt"],"card_choices":[{"not_picked":["Lockon","Hello World"],"picked":"Loop","floor":1},{"not_picked":["Gash","Ball Lightning"],"picked":"Go for the Eyes","floor":2},{"not_picked":["Steam","Reprogram"],"picked":"Capacitor","floor":7},{"not_picked":["Go for the Eyes","Barrage"],"picked":"Compile Driver","floor":10},{"not_picked":["Stack","Barrage"],"picked":"Consume","floor":11},{"not_picked":["Hyperbeam","Steam Power"],"picked":"Doom and Gloom","floor":12},{"not_picked":["Self Repair","Steam"],"picked":"Hologram","floor":13},{"not_picked":["Meteor Strike","Echo Form"],"picked":"Seek","floor":16},{"not_picked":["Go for the Eyes","Turbo"],"picked":"Glacier","floor":18},{"not_picked":["Coolheaded","Go for the Eyes"],"picked":"Cold Snap","floor":21},{"not_picked":["Gash","Streamline+1","Force Field"],"picked":"SKIP","floor":21},{"not_picked":["Scrape","Hologram"],"picked":"Cold Snap","floor":22},{"not_picked":["Melter+1","Doom and Gloom"],"picked":"Hologram+1","floor":22},{"not_picked":["Multi-Cast","Compile Driver"],"picked":"Conserve Battery","floor":24},{"not_picked":["Streamline","Barrage","Leap"],"picked":"Steam Power","floor":25},{"not_picked":["Compile Driver","Ball Lightning+1","Sweeping Beam+1"],"picked":"Aggregate","floor":25},{"not_picked":["Ball Lightning","Fusion+1","Biased Cognition"],"picked":"Steam+1","floor":28},{"not_picked":["Go for the Eyes+1","White Noise+1","Cold Snap"],"picked":"BootSequence","floor":29},{"not_picked":["Static Discharge","Double Energy","Loop"],"picked":"Undo","floor":29},{"not_picked":["Redo","Fusion","Gash"],"picked":"Conserve Battery","floor":30},{"not_picked":["Fusion","Lockon","Beam Cell"],"picked":"Consume","floor":30},{"not_picked":["Defragment","Beam Cell","Lockon"],"picked":"Conserve Battery","floor":31},{"not_picked":["Capacitor","Beam Cell","White Noise"],"picked":"Compile Driver+1","floor":31},{"not_picked":["Amplify","Thunder Strike","Meteor Strike"],"picked":"Core Surge","floor":33},{"not_picked":["Fusion","Storm","Gash+1"],"picked":"Go for the Eyes","floor":35},{"not_picked":["Steam","Rebound","Double Energy"],"picked":"Compile Driver","floor":35},{"not_picked":["Barrage+1","Steam","Hologram"],"picked":"Coolheaded","floor":36},{"not_picked":["Thunder Strike","Sweeping Beam","Cold Snap+1"],"picked":"Defragment+1","floor":36},{"not_picked":["White Noise","Turbo","Streamline"],"picked":"Leap","floor":39},{"not_picked":["Compile Driver","Ball Lightning","Streamline+1"],"picked":"Machine Learning","floor":39},{"not_picked":["Streamline","Beam Cell","Leap","Go for the Eyes+1"],"picked":"SKIP","floor":41},{"not_picked":["Streamline","Hello World","Gash","Fission"],"picked":"SKIP","floor":41},{"not_picked":["Redo","BootSequence","Auto Shields"],"picked":"Coolheaded","floor":45},{"not_picked":["Gash","Ball Lightning","Streamline"],"picked":"Hologram+1","floor":45},{"not_picked":["Conserve Battery","Stack","Cold Snap"],"picked":"Chaos+1","floor":47},{"not_picked":["Redo+1","Sunder+1","Cold Snap+1","Ball Lightning"],"picked":"SKIP","floor":47},{"not_picked":["Sweeping Beam","Rebound","Redo+1"],"picked":"Steam+1","floor":48},{"not_picked":["Barrage","Aggregate+1","Hyperbeam","Turbo"],"picked":"SKIP","floor":48}],"player_experience":1986932,"potions_floor_usage":[1,1,2,7,18,21,22,25,29,36,50],"damage_taken":[{"damage":0,"enemies":"Jaw Worm","floor":1,"turns":4},{"damage":0,"enemies":"2 Louse","floor":2,"turns":1},{"damage":11,"enemies":"Lagavulin","floor":7,"turns":8},{"damage":25,"enemies":"Gremlin Nob","floor":10,"turns":4},{"damage":6,"enemies":"Cultist","floor":11,"turns":4},{"damage":15,"enemies":"Lagavulin","floor":12,"turns":6},{"damage":10,"enemies":"Exordium Wildlife","floor":13,"turns":4},{"damage":13,"enemies":"Hexaghost","floor":16,"turns":7},{"damage":16,"enemies":"Spheric Guardian","floor":18,"turns":4},{"damage":17,"enemies":"3 Byrds","floor":21,"turns":3},{"damage":16,"enemies":"3 Cultists","floor":22,"turns":4},{"damage":34,"enemies":"Gremlin Leader","floor":24,"turns":10},{"damage":0,"enemies":"Cultist and Chosen","floor":25,"turns":7},{"damage":28,"enemies":"Slavers","floor":28,"turns":10},{"damage":16,"enemies":"Snake Plant","floor":29,"turns":5},{"damage":10,"enemies":"3 Cultists","floor":30,"turns":6},{"damage":1,"enemies":"Cultist and Chosen","floor":31,"turns":8},{"damage":2,"enemies":"Automaton","floor":33,"turns":12},{"damage":0,"enemies":"Orb Walker","floor":35,"turns":4},{"damage":13,"enemies":"3 Shapes","floor":36,"turns":6},{"damage":9,"enemies":"Transient","floor":39,"turns":5},{"damage":0,"enemies":"4 Shapes","floor":41,"turns":4},{"damage":0,"enemies":"Sphere and 2 Shapes","floor":45,"turns":8},{"damage":0,"enemies":"Maw","floor":47,"turns":7},{"damage":0,"enemies":"3 Darklings","floor":48,"turns":8},{"damage":14,"enemies":"Donu and Deca","floor":50,"turns":16}],"relics_obtained":[{"floor":5,"key":"Regal Pillow"},{"floor":7,"key":"Gambling Chip"},{"floor":9,"key":"Meat on the Bone"},{"floor":10,"key":"Unceasing Top"},{"floor":12,"key":"DataDisk"},{"floor":24,"key":"Question Card"},{"floor":26,"key":"Torii"},{"floor":28,"key":"Smiling Mask"},{"floor":43,"key":"Potion Belt"}],"event_choices":[{"event_name":"Living Wall","player_choice":"Grow","floor":4,"damage_taken":0},{"event_name":"Upgrade Shrine","player_choice":"Upgraded","floor":14,"damage_taken":0},{"event_name":"Addict","player_choice":"Obtained Relic","floor":19,"damage_taken":0},{"event_name":"Forgotten Altar","player_choice":"Shed Blood","floor":20,"damage_taken":0},{"event_name":"Winding Halls","player_choice":"Writhe","floor":37,"damage_taken":0},{"event_name":"Upgrade Shrine","player_choice":"Upgraded","floor":46,"damage_taken":0}],"boss_relics":[{"not_picked":["Philosopher\u0027s Stone","Pandora\u0027s Box"],"picked":"Inserter"},{"not_picked":["Black Star","White Beast Statue"],"picked":"Astrolabe"}],"items_purged_floors":[3,38,42,44],"is_endless":false,"potions_floor_spawned":[1,7,12,16,18,24,28,30,33,35,41,48],"seed_played":"-1638821611425256441","ascension_level":15,"potions_obtained":[{"floor":1,"key":"EssenceOfSteel"},{"floor":7,"key":"SteroidPotion"},{"floor":12,"key":"Energy Potion"},{"floor":16,"key":"Fruit Juice"},{"floor":18,"key":"LiquidBronze"},{"floor":24,"key":"Ancient Potion"},{"floor":28,"key":"LiquidBronze"},{"floor":30,"key":"Poison Potion"},{"floor":33,"key":"Fire Potion"},{"floor":35,"key":"Block Potion"},{"floor":41,"key":"Fire Potion"},{"floor":48,"key":"SpeedPotion"}],"is_trial":false}