{"path_per_floor":["M","M","M","M","?","R","?","?","T","R","M","E","?","M","R","B",null,"M","M","?","M","$","R","E","R","T","E","R","M","M","E","R","B",null,"M","M","M","M","M","E","R","M","T","M","?","M","R","?","R","B"],"character_chosen":"IRONCLAD","items_purchased":["Paper Frog"],"gold_per_floor":[110,121,141,153,153,153,153,214,214,214,224,282,282,294,294,394,394,394,349,349,349,13,13,13,13,13,13,13,13,13,13,13,13,13,13,13,13,13,13,13,13,13,13,13,13,13,13,13,13,13],"floor_reached":51,"campfire_rested":0,"playtime":4120,"current_hp_per_floor":[67,73,69,72,60,60,44,39,39,39,47,53,53,54,54,45,74,84,84,42,42,42,42,44,44,44,46,46,48,46,50,50,50,50,50,52,54,54,58,58,58,58,58,60,60,60,60,60,60,36],"items_purged":["Strike_R"],"gold":13,"score":1198,"play_id":"170500bf-5d95-4a68-b707-23bc704a9a1a","local_time":"20180402133737","is_prod":false,"is_daily":false,"is_ascension_mode":true,"campfire_upgraded":10,"timestamp":1522701457,"path_taken":["M","M","M","M","?","R","?","?","T","R","M","E","?","M","R","BOSS","M","M","?","M","$","R","E","R","T","E","R","M","M","E","R","BOSS","M","M","M","M","M","E","R","M","T","M","?","M","R","?","R","BOSS"],"build_version":"2018-03-29v2","purchased_purges":1,"victory":true,"master_deck":["Strike_R","Strike_R","Strike_R","Defend_R","Defend_R","Defend_R+1","Bash+1","Sword Boomerang+1","Headbutt+1","Rage+1","Shrug It Off+1","Spot Weakness+1","Burning Pact+1","Reaper","Whirlwind+1","Heavy Blade+1","Ghostly+1","Ghostly+1","Ghostly+1","Ghostly+1","Ghostly+1","Rage+1","Pommel Strike+1","Offering+1","Feel No Pain+1","Pommel Strike+1","Thunderclap+1","Metallicize+1"],"max_hp_per_floor":[80,80,80,80,80,80,80,80,80,80,82,82,82,84,84,84,84,84,84,42,42,42,42,44,44,44,46,46,48,48,50,50,50,50,50,52,54,56,58,58,58,58,58,60,60,60,60,60,60,60],"relics":["Burning Blood","Thread and Needle","Toxic Egg 2","Singing Bowl","Tiny Chest","Ectoplasm","Paper Frog","Juzu Bracelet","Art of War","Pen Nib","Dream Catcher","Lizard Tail","Lantern","Sundial"],"card_choices":[{"not_picked":["Warcry","Heavy Blade"],"picked":"Sword Boomerang","floor":0},{"not_picked":["Searing Blow","Dropkick"],"picked":"Headbutt","floor":2},{"not_picked":["Wild Strike","Rupture"],"picked":"Rage","floor":3},{"not_picked":["Uppercut","Thunderclap"],"picked":"Shrug It Off","floor":4},{"not_picked":["Anger","Infernal Blade"],"picked":"Spot Weakness","floor":8},{"not_picked":["Evolve","Cleave"],"picked":"Burning Pact","floor":12},{"not_picked":["Barricade","Fiend Fire"],"picked":"Reaper","floor":16},{"not_picked":["Intimidate","Hemokinesis"],"picked":"Whirlwind","floor":18},{"not_picked":["Sentinel","Dropkick"],"picked":"Heavy Blade","floor":19},{"not_picked":["Reckless Charge","Whirlwind"],"picked":"Rage","floor":21},{"not_picked":["Wild Strike","Iron Wave"],"picked":"Pommel Strike","floor":30},{"not_picked":["Demon Form","Reaper"],"picked":"Offering","floor":33},{"not_picked":["Twin Strike","Uppercut"],"picked":"Feel No Pain","floor":35},{"not_picked":["Perfected Strike","Dual Wield"],"picked":"Pommel Strike","floor":40},{"not_picked":["Warcry","Twin Strike"],"picked":"Thunderclap","floor":42},{"not_picked":["Headbutt","Warcry"],"picked":"Metallicize","floor":46}],"player_experience":328692,"potions_floor_usage":[16,19,24,29,33,33,33,44,50,50,50],"damage_taken":[{"damage":11,"enemies":"Jaw Worm","floor":1,"turns":4},{"damage":0,"enemies":"2 Louse","floor":2,"turns":3},{"damage":10,"enemies":"Small Slimes","floor":3,"turns":3},{"damage":3,"enemies":"Blue Slaver","floor":4,"turns":6},{"damage":11,"enemies":"Gremlin Nob","floor":8,"turns":4},{"damage":0,"enemies":"Large Slime","floor":11,"turns":6},{"damage":0,"enemies":"3 Sentries","floor":12,"turns":5},{"damage":7,"enemies":"Exordium Wildlife","floor":14,"turns":4},{"damage":15,"enemies":"Hexaghost","floor":16,"turns":8},{"damage":0,"enemies":"3 Byrds","floor":18,"turns":6},{"damage":12,"enemies":"2 Thieves","floor":19,"turns":3},{"damage":9,"enemies":"Centurion and Healer","floor":21,"turns":8},{"damage":9,"enemies":"Slavers","floor":24,"turns":6},{"damage":0,"enemies":"Gremlin Leader","floor":27,"turns":6},{"damage":0,"enemies":"Snecko","floor":29,"turns":5},{"damage":8,"enemies":"Snake Plant","floor":30,"turns":5},{"damage":0,"enemies":"Slavers","floor":31,"turns":8},{"damage":0,"enemies":"Automaton","floor":33,"turns":10},{"damage":5,"enemies":"Orb Walker","floor":35,"turns":4},{"damage":4,"enemies":"3 Darklings","floor":36,"turns":4},{"damage":5,"enemies":"Sphere and 2 Shapes","floor":37,"turns":6},{"damage":8,"enemies":"Maw","floor":38,"turns":8},{"damage":2,"enemies":"4 Shapes","floor":39,"turns":4},{"damage":4,"enemies":"Giant Head","floor":40,"turns":9},{"damage":1,"enemies":"Sphere and 2 Shapes","floor":42,"turns":4},{"damage":4,"enemies":"Maw","floor":44,"turns":9},{"damage":4,"enemies":"3 Darklings","floor":46,"turns":3},{"damage":79,"enemies":"Awakened One","floor":50,"turns":10}],"event_choices":[{"event_name":"Scrap Ooze","player_choice":"success","floor":5,"damage_taken":12},{"event_name":"Shining Light","player_choice":"Entered Light","floor":7,"damage_taken":0},{"event_name":"Dead Adventurer","player_choice":"Searched \u00272\u0027 times","floor":8,"damage_taken":0},{"event_name":"Living Wall","player_choice":"Forget","floor":13,"damage_taken":0},{"event_name":"Ghosts","player_choice":"Became a Ghost","floor":20,"damage_taken":0},{"event_name":"Mysterious Sphere","player_choice":"Ignore","floor":48,"damage_taken":0}],"boss_relics":[{"not_picked":["Black Star","Runic Pyramid"],"picked":"Ectoplasm"},{"not_picked":["Black Blood","Snecko Eye"],"picked":"Lizard Tail"}],"potions_floor_spawned":[4,11,12,14,16,19,27,30,31,38,39,42,44,46],"seed_played":"8706182048958397017","ascension_level":7,"is_trial":false}