{"gold_per_floor":[110,110,126,142,158,187,199,241,277,289,301,339,361,373,385,494,506,535,547,2,2,21,21,50,50,101,130,130,144,155,173,173,274,274,294,294,294,49,49,49,80,32,32,32,32,51,0,35,35,35,35,35,35,70,70],"floor_reached":55,"playtime":4374,"items_purged":["Strike_B","Strike_B+1"],"score":1372,"play_id":"8a859c81-39a4-479a-bb52-8e968adeadb7","local_time":"20190203174745","is_ascension_mode":true,"campfire_choices":[{"data":"Go for the Eyes","floor":7,"key":"SMITH"},{"floor":10,"key":"REST"},{"data":"Dualcast","floor":15,"key":"SMITH"},{"data":"Thunder Strike","floor":23,"key":"SMITH"},{"data":"Glacier","floor":25,"key":"SMITH"},{"data":"Tempest","floor":28,"key":"SMITH"},{"floor":32,"key":"REST"},{"data":"Consume","floor":40,"key":"SMITH"},{"floor":45,"key":"RECALL"},{"data":"Recycle","floor":49,"key":"SMITH"},{"data":"Double Energy","floor":52,"key":"SMITH"}],"neow_cost":"NONE","seed_source_timestamp":1103408929355533,"circlet_count":0,"master_deck":["AscendersBane","Strike_B+1","Defend_B+1","Defend_B+1","Defend_B+1","Defend_B+1","Zap","Dualcast+1","Go for the Eyes+1","Chill","Ball Lightning","Genetic Algorithm","BootSequence","FTL","Thunder Strike+1","Tempest+1","Glacier+1","Conserve Battery","Static Discharge+1","Auto Shields+1","Consume+1","Machine Learning","Double Energy+1","Meteor Strike","Regret","Recycle+1"],"relics":["Cracked Core","MawBank","Boot","Art of War","Juzu Bracelet","Cursed Key","Omamori","FossilizedHelix","Anchor","Dodecahedron","Centennial Puzzle","Dream Catcher","Runic Pyramid","Potion Belt","Bronze Scales","Strawberry","Red Mask","Emotion Chip","Bag of Marbles"],"potions_floor_usage":[6,8,8,24,27,33,54,54,55],"damage_taken":[{"damage":0,"enemies":"Small Slimes","floor":1,"turns":3},{"damage":6,"enemies":"2 Louse","floor":3,"turns":3},{"damage":5,"enemies":"Jaw Worm","floor":4,"turns":3},{"damage":0,"enemies":"Large Slime","floor":5,"turns":4},{"damage":18,"enemies":"3 Sentries","floor":6,"turns":7},{"damage":0,"enemies":"Gremlin Nob","floor":8,"turns":2},{"damage":0,"enemies":"2 Fungi Beasts","floor":13,"turns":3},{"damage":24,"enemies":"Slime Boss","floor":16,"turns":10},{"damage":17,"enemies":"Shell Parasite","floor":18,"turns":5},{"damage":0,"enemies":"3 Byrds","floor":22,"turns":4},{"damage":25,"enemies":"Gremlin Leader","floor":24,"turns":8},{"damage":0,"enemies":"Book of Stabbing","floor":27,"turns":5},{"damage":18,"enemies":"3 Cultists","floor":29,"turns":6},{"damage":0,"enemies":"Cultist and Chosen","floor":30,"turns":4},{"damage":8,"enemies":"Snake Plant","floor":31,"turns":3},{"damage":47,"enemies":"Champ","floor":33,"turns":9},{"damage":0,"enemies":"3 Darklings","floor":35,"turns":5},{"damage":0,"enemies":"Giant Head","floor":41,"turns":8},{"damage":0,"enemies":"3 Shapes","floor":46,"turns":4},{"damage":0,"enemies":"Nemesis","floor":48,"turns":7},{"damage":2,"enemies":"Time Eater","floor":50,"turns":12},{"damage":69,"enemies":"Shield and Spear","floor":54,"turns":6},{"damage":55,"enemies":"The Heart","floor":55,"turns":2}],"seed_played":"3707252108297328498","potions_obtained":[{"floor":3,"key":"FearPotion"},{"floor":5,"key":"PowerPotion"},{"floor":6,"key":"Fire Potion"},{"floor":13,"key":"LiquidBronze"},{"floor":18,"key":"Regen Potion"},{"floor":29,"key":"GamblersBrew"},{"floor":31,"key":"FearPotion"},{"floor":37,"key":"Weak Potion"},{"floor":37,"key":"Regen Potion"},{"floor":46,"key":"Poison Potion"}],"is_trial":false,"path_per_floor":["M","?","M","M","M","E","R","E","T","R","?","T","M","?","R","B",null,"M","?","$","?","M","R","E","R","T","E","R","M","M","M","R","B",null,"M","?","?","$","?","R","E","$","T","?","R","M","?","E","R","B",null,"R","$","E","B"],"character_chosen":"DEFECT","items_purchased":["FossilizedHelix","Glacier","Anchor","Potion Belt","Dexterity Potion"],"campfire_rested":2,"item_purchase_floors":[20,20,20,38,42],"current_hp_per_floor":[75,75,69,64,64,46,46,46,46,70,70,70,70,75,75,51,78,61,61,61,61,61,61,51,51,51,51,51,33,33,25,51,4,66,66,87,87,87,87,87,94,94,94,94,94,94,94,94,94,92,94,94,94,25,0],"gold":70,"neow_bonus":"TEN_PERCENT_HP_BONUS","is_prod":false,"is_daily":false,"chose_seed":false,"campfire_upgraded":8,"win_rate":0,"timestamp":1549244865,"path_taken":["M","?","M","M","M","E","R","E","T","R","?","?","M","?","R","BOSS","M","?","$","?","M","R","E","R","T","E","R","M","M","M","R","BOSS","M","?","?","$","?","R","E","?","T","?","R","M","?","E","R","BOSS","R","$","E","BOSS"],"build_version":"2019-01-23","purchased_purges":2,"victory":false,"max_hp_per_floor":[82,82,82,82,82,82,82,82,82,82,82,82,82,87,87,87,87,87,87,87,87,87,87,87,87,87,87,87,87,87,87,87,87,87,87,87,87,87,87,87,94,94,94,94,94,94,94,94,94,94,94,94,94,94,94],"card_choices":[{"not_picked":["Cold Snap","Coolheaded"],"picked":"Go for the Eyes","floor":1},{"not_picked":["Melter","Heatsinks"],"picked":"Chill","floor":3},{"not_picked":["Compile Driver","Rebound"],"picked":"Ball Lightning","floor":4},{"not_picked":["Lockon","Scrape"],"picked":"Ball Lightning","floor":5},{"not_picked":["Reboot","Hello World"],"picked":"Genetic Algorithm","floor":6},{"not_picked":["Steam Power","Force Field"],"picked":"BootSequence","floor":8},{"not_picked":["Undo","Hologram"],"picked":"FTL","floor":13},{"not_picked":["Reboot","All For One"],"picked":"Thunder Strike","floor":16},{"not_picked":["Melter","Barrage"],"picked":"Tempest","floor":18},{"not_picked":["Sweeping Beam","Gash"],"picked":"Conserve Battery","floor":22},{"not_picked":["Sweeping Beam","White Noise","Barrage"],"picked":"SKIP","floor":24},{"not_picked":["Hologram","Melter"],"picked":"Static Discharge+1","floor":27},{"not_picked":["Blizzard+1","Cold Snap"],"picked":"Auto Shields+1","floor":29},{"not_picked":["Redo+1","Sweeping Beam"],"picked":"Consume","floor":30},{"not_picked":["Conserve Battery","Compile Driver","Melter"],"picked":"SKIP","floor":31},{"not_picked":["Biased Cognition","Amplify"],"picked":"Machine Learning","floor":33},{"not_picked":["Rip and Tear+1","Cold Snap+1"],"picked":"Double Energy","floor":35},{"not_picked":["Ball Lightning","Hologram"],"picked":"Meteor Strike","floor":41},{"not_picked":["Storm+1","Sunder"],"picked":"Recycle","floor":46},{"not_picked":["Amplify","Barrage","Skim+1"],"picked":"SKIP","floor":48},{"not_picked":["Force Field","Conserve Battery","Gash"],"picked":"SKIP","floor":54}],"player_experience":738409,"relics_obtained":[{"floor":6,"key":"MawBank"},{"floor":8,"key":"Boot"},{"floor":9,"key":"Art of War"},{"floor":12,"key":"Juzu Bracelet"},{"floor":24,"key":"Dodecahedron"},{"floor":26,"key":"Centennial Puzzle"},{"floor":27,"key":"Dream Catcher"},{"floor":41,"key":"Strawberry"},{"floor":48,"key":"Emotion Chip"},{"floor":54,"key":"Bag of Marbles"}],"event_choices":[{"damage_healed":0,"gold_gain":0,"player_choice":"Ignored","damage_taken":0,"max_hp_gain":0,"max_hp_loss":0,"event_name":"Liars Game","floor":2,"gold_loss":0},{"cards_removed":["Strike_B"],"damage_healed":0,"gold_gain":0,"player_choice":"Forget","damage_taken":0,"max_hp_gain":0,"max_hp_loss":0,"event_name":"Living Wall","floor":11,"gold_loss":0},{"damage_healed":0,"gold_gain":0,"player_choice":"Donut","damage_taken":0,"max_hp_gain":5,"max_hp_loss":0,"event_name":"Big Fish","floor":14,"gold_loss":0},{"damage_healed":0,"gold_gain":0,"player_choice":"Opened","damage_taken":0,"relics_obtained":["Omamori"],"max_hp_gain":0,"max_hp_loss":0,"event_name":"The Mausoleum","floor":19,"gold_loss":0},{"damage_healed":0,"gold_gain":0,"player_choice":"Simplicity","damage_taken":0,"max_hp_gain":0,"max_hp_loss":0,"event_name":"Back to Basics","floor":21,"gold_loss":0,"cards_upgraded":["Strike_B","Strike_B","Defend_B","Defend_B","Defend_B","Defend_B"]},{"damage_healed":22,"gold_gain":0,"player_choice":"Writhe","damage_taken":0,"max_hp_gain":0,"max_hp_loss":0,"event_name":"Winding Halls","floor":36,"gold_loss":0,"cards_obtained":["Writhe"]},{"damage_healed":0,"gold_gain":0,"player_choice":"Got Potions","damage_taken":0,"max_hp_gain":0,"max_hp_loss":0,"event_name":"Lab","floor":37,"gold_loss":0},{"damage_healed":0,"gold_gain":0,"player_choice":"Gave Potion","damage_taken":0,"relics_obtained":["Bronze Scales"],"max_hp_gain":0,"max_hp_loss":0,"event_name":"WeMeetAgain","floor":39,"gold_loss":0},{"cards_removed":["Ball Lightning"],"damage_healed":0,"gold_gain":0,"player_choice":"Removed Attack","damage_taken":0,"max_hp_gain":0,"max_hp_loss":0,"event_name":"Falling","floor":44,"gold_loss":0},{"damage_healed":0,"gold_gain":0,"player_choice":"Paid","damage_taken":0,"relics_obtained":["Red Mask"],"max_hp_gain":0,"max_hp_loss":0,"event_name":"Tomb of Lord Red Mask","floor":47,"gold_loss":51}],"is_beta":true,"boss_relics":[{"not_picked":["Astrolabe","FrozenCore"],"picked":"Cursed Key"},{"not_picked":["Black Star","Tiny House"],"picked":"Runic Pyramid"}],"items_purged_floors":[20,38],"is_endless":false,"potions_floor_spawned":[3,5,6,13,18,22,29,31,46],"killed_by":"The Heart","ascension_level":11}