{"gold_per_floor":[115,133,152,171,184,211,211,241,241,241,241,16,16,41,41,142,142,157,185,30,30,35,35,45,45,45,45,61,61,10,10,10,10],"floor_reached":33,"playtime":1280,"items_purged":["Strike_B"],"score":381,"play_id":"eaa873e5-bea9-43b0-a99e-ee13297bceeb","local_time":"20190225193058","is_ascension_mode":true,"campfire_choices":[{"data":"Loop","floor":7,"key":"SMITH"},{"data":"Zap","floor":10,"key":"SMITH"},{"data":"Coolheaded","floor":13,"key":"SMITH"},{"floor":15,"key":"REST"},{"data":"Defragment","floor":23,"key":"SMITH"},{"data":"Darkness","floor":25,"key":"SMITH"},{"data":"Loop","floor":27,"key":"SMITH"},{"floor":32,"key":"REST"}],"neow_cost":"NONE","seed_source_timestamp":914710060873493,"circlet_count":0,"master_deck":["Strike_B","Strike_B","Defend_B","Defend_B","Defend_B","Defend_B","Zap+1","Dualcast","Purity","Ball Lightning","Cold Snap","Glacier","Coolheaded+1","Loop+1","Auto Shields","Conserve Battery","Core Surge","Defragment+1","Ball Lightning","Cold Snap","Loop+1","Darkness+1","Sweeping Beam+1","Ball Lightning+1"],"relics":["Cracked Core","Pantograph","Anchor","Bottled Tornado","Symbiotic Virus","Art of War","Darkstone Periapt","Orrery","Red Mask","Bag of Preparation","Molten Egg 2"],"potions_floor_usage":[6,8,8,16,19,19,28,33,33],"damage_taken":[{"damage":9,"enemies":"2 Louse","floor":1,"turns":2},{"damage":4,"enemies":"Jaw Worm","floor":2,"turns":3},{"damage":1,"enemies":"Cultist","floor":3,"turns":3},{"damage":2,"enemies":"2 Fungi Beasts","floor":4,"turns":4},{"damage":23,"enemies":"Exordium Thugs","floor":5,"turns":5},{"damage":6,"enemies":"Lagavulin","floor":6,"turns":6},{"damage":6,"enemies":"Gremlin Nob","floor":8,"turns":3},{"damage":1,"enemies":"Lagavulin","floor":14,"turns":8},{"damage":22,"enemies":"Hexaghost","floor":16,"turns":11},{"damage":0,"enemies":"Spheric Guardian","floor":18,"turns":3},{"damage":34,"enemies":"Masked Bandits","floor":19,"turns":6},{"damage":10,"enemies":"2 Thieves","floor":22,"turns":5},{"damage":8,"enemies":"Centurion and Healer","floor":24,"turns":6},{"damage":1,"enemies":"Snecko","floor":28,"turns":5},{"damage":61,"enemies":"Collector","floor":33,"turns":7}],"seed_played":"4352681613055302600","potions_obtained":[{"floor":2,"key":"Poison Potion"},{"floor":3,"key":"PowerPotion"},{"floor":6,"key":"Poison Potion"},{"floor":8,"key":"Block Potion"},{"floor":16,"key":"Block Potion"},{"floor":18,"key":"Weak Potion"},{"floor":19,"key":"Dexterity Potion"},{"floor":22,"key":"PowerPotion"}],"is_trial":false,"path_per_floor":["M","M","M","M","M","E","R","E","T","R","?","$","R","E","R","B",null,"M","?","$","?","M","R","M","R","T","R","M","?","$","?","R","B"],"character_chosen":"DEFECT","items_purchased":["Art of War","Bag of Preparation","PowerPotion"],"campfire_rested":2,"item_purchase_floors":[12,20,30],"current_hp_per_floor":[59,55,54,52,29,23,23,17,17,17,14,14,14,13,35,38,66,66,32,32,32,22,22,14,14,14,14,13,13,13,13,35,0],"gold":10,"neow_bonus":"RANDOM_COLORLESS","is_prod":false,"is_daily":false,"chose_seed":false,"campfire_upgraded":6,"win_rate":0,"timestamp":1551119458,"path_taken":["M","M","M","M","M","E","R","E","T","R","?","$","R","E","R","BOSS","M","?","$","?","M","R","?","R","T","R","M","?","$","?","R","BOSS"],"build_version":"2019-01-23","purchased_purges":1,"victory":false,"max_hp_per_floor":[75,75,75,75,75,75,75,75,75,75,75,75,75,75,75,75,75,75,75,75,75,75,75,75,75,75,75,75,75,75,75,75,75],"card_choices":[{"not_picked":["Recycle","Leap"],"picked":"Ball Lightning","floor":1},{"not_picked":["Coolheaded","Steam"],"picked":"Cold Snap","floor":2},{"not_picked":["BootSequence","Chill"],"picked":"Glacier","floor":3},{"not_picked":["Leap","Sweeping Beam"],"picked":"Coolheaded","floor":4},{"not_picked":["Coolheaded","Go for the Eyes","Streamline"],"picked":"SKIP","floor":5},{"not_picked":["Steam Power","Undo"],"picked":"Loop","floor":6},{"not_picked":["Barrage","Multi-Cast"],"picked":"Auto Shields","floor":8},{"not_picked":["Auto Shields","Fusion"],"picked":"Conserve Battery","floor":14},{"not_picked":["Rainbow","Fission"],"picked":"Core Surge","floor":16},{"not_picked":["Static Discharge","Coolheaded"],"picked":"Defragment","floor":17},{"not_picked":["Skim","Cold Snap"],"picked":"Ball Lightning","floor":17},{"not_picked":["Melter","Compile Driver"],"picked":"Cold Snap","floor":17},{"not_picked":["Rebound","Melter"],"picked":"Loop","floor":18},{"not_picked":["BootSequence","Static Discharge"],"picked":"Sweeping Beam+1","floor":22},{"not_picked":["Tempest","Steam","Stack"],"picked":"SKIP","floor":24},{"not_picked":["Redo","Rebound+1"],"picked":"Ball Lightning+1","floor":28}],"player_experience":514068,"relics_obtained":[{"floor":6,"key":"Pantograph"},{"floor":8,"key":"Anchor"},{"floor":9,"key":"Bottled Tornado"},{"floor":14,"key":"Darkstone Periapt"},{"floor":19,"key":"Red Mask"},{"floor":26,"key":"Molten Egg 2"}],"event_choices":[{"damage_healed":0,"gold_gain":0,"player_choice":"Success","damage_taken":3,"relics_obtained":["Symbiotic Virus"],"max_hp_gain":0,"max_hp_loss":0,"event_name":"Scrap Ooze","floor":11,"gold_loss":0},{"damage_healed":0,"gold_gain":0,"player_choice":"Fought Bandits","damage_taken":0,"max_hp_gain":0,"max_hp_loss":0,"event_name":"Masked Bandits","floor":19,"gold_loss":0},{"damage_healed":0,"gold_gain":0,"cards_transformed":["Strike_B"],"player_choice":"Transformed","damage_taken":0,"max_hp_gain":0,"max_hp_loss":0,"event_name":"Transmorgrifier","floor":21,"gold_loss":0,"cards_obtained":["Darkness"]},{"damage_healed":0,"gold_gain":0,"player_choice":"Ignored","damage_taken":0,"max_hp_gain":0,"max_hp_loss":0,"event_name":"Ghosts","floor":29,"gold_loss":0},{"damage_healed":0,"gold_gain":0,"player_choice":"Ignored","damage_taken":0,"max_hp_gain":0,"max_hp_loss":0,"event_name":"Vampires","floor":31,"gold_loss":0}],"is_beta":false,"boss_relics":[{"not_picked":["White Beast Statue","Nuclear Battery"],"picked":"Orrery"}],"items_purged_floors":[12],"is_endless":false,"potions_floor_spawned":[2,3,6,8,16,18,19,22],"killed_by":"Collector","ascension_level":9}