{"gold_per_floor":[119,119,194,210,228,228,247,247,315,328,328,328,338,348,348,450,450,461,243,254,254,273,273,283,302,302,302,320,335,352,364,364,364],"floor_reached":33,"playtime":2594,"items_purged":["Strike_B"],"score":297,"play_id":"62174795-7edd-4f13-8a1b-16473d569248","local_time":"20190227174840","is_ascension_mode":false,"campfire_choices":[{"data":"Barrage","floor":6,"key":"SMITH"},{"data":"Ball Lightning","floor":8,"key":"SMITH"},{"data":"Undo","floor":12,"key":"SMITH"},{"floor":15,"key":"REST"},{"data":"Sunder","floor":23,"key":"SMITH"},{"data":"Fission","floor":27,"key":"SMITH"},{"floor":32,"key":"REST"}],"neow_cost":"NONE","seed_source_timestamp":3792667083491987,"circlet_count":0,"master_deck":["Strike_B","Strike_B","Defend_B","Defend_B","Defend_B","Defend_B","Zap+1","Dualcast","Cold Snap+1","Barrage+1","Ball Lightning+1","Coolheaded","Undo+1","BootSequence","Sunder+1","Fission+1","Hologram","Self Repair","Ball Lightning","Leap","Turbo+1","Conserve Battery","Genetic Algorithm+1","Consume","Defragment","Hologram+1"],"relics":["Cracked Core"],"potions_floor_usage":[20,22,24,30,30,31],"damage_taken":[{"damage":2,"enemies":"2 Louse","floor":1,"turns":3},{"damage":1,"enemies":"Jaw Worm","floor":4,"turns":3},{"damage":0,"enemies":"Cultist","floor":5,"turns":3},{"damage":6,"enemies":"Red Slaver","floor":7,"turns":3},{"damage":7,"enemies":"Lots of Slimes","floor":10,"turns":3},{"damage":11,"enemies":"Gremlin Gang","floor":13,"turns":3},{"damage":3,"enemies":"Red Slaver","floor":14,"turns":3},{"damage":0,"enemies":"Slime Boss","floor":16,"turns":9},{"damage":0,"enemies":"Chosen","floor":18,"turns":4},{"damage":11,"enemies":"3 Byrds","floor":20,"turns":5},{"damage":6,"enemies":"Centurion and Healer","floor":22,"turns":10},{"damage":14,"enemies":"Snake Plant","floor":24,"turns":4},{"damage":28,"enemies":"Shelled Parasite and Fungi","floor":25,"turns":13},{"damage":23,"enemies":"Snecko","floor":28,"turns":7},{"damage":3,"enemies":"Sentry and Sphere","floor":29,"turns":8},{"damage":16,"enemies":"Snake Plant","floor":30,"turns":5},{"damage":3,"enemies":"Shelled Parasite and Fungi","floor":31,"turns":8},{"damage":50,"enemies":"Collector","floor":33,"turns":17}],"seed_played":"-6361224423559553455","potions_obtained":[{"floor":4,"key":"EssenceOfSteel"},{"floor":7,"key":"SteroidPotion"},{"floor":14,"key":"EssenceOfSteel"},{"floor":16,"key":"Fire Potion"},{"floor":20,"key":"SteroidPotion"},{"floor":22,"key":"Strength Potion"},{"floor":25,"key":"Ancient Potion"},{"floor":30,"key":"AttackPotion"}],"is_trial":false,"path_per_floor":["M","?","?","M","M","R","M","R","T","M","?","R","M","M","R","B",null,"M","$","M","?","M","R","M","M","T","R","M","M","M","M","R","B"],"character_chosen":"DEFECT","items_purchased":["Self Repair","Ball Lightning","Fire Potion"],"campfire_rested":2,"item_purchase_floors":[19,19,19],"current_hp_per_floor":[73,73,62,61,61,61,55,55,55,48,48,48,37,34,56,56,75,75,75,71,71,72,72,65,44,44,44,28,32,23,27,49,0],"gold":364,"neow_bonus":"UPGRADE_CARD","is_prod":false,"is_daily":false,"chose_seed":false,"campfire_upgraded":5,"win_rate":0,"timestamp":1551307720,"path_taken":["M","?","?","M","M","R","M","R","T","M","?","R","M","?","R","BOSS","M","$","M","?","M","R","M","M","T","R","M","?","?","M","R","BOSS"],"build_version":"2019-02-06","purchased_purges":1,"victory":false,"max_hp_per_floor":[75,75,75,75,75,75,75,75,75,75,75,75,75,75,75,75,75,75,75,75,75,75,75,75,75,75,75,75,75,75,75,75,75],"card_choices":[{"not_picked":["Turbo","Steam"],"picked":"Cold Snap","floor":1},{"not_picked":["Recycle","Gash"],"picked":"Barrage","floor":4},{"not_picked":["Leap","Rebound"],"picked":"Ball Lightning","floor":5},{"not_picked":["Gash","Heatsinks"],"picked":"Coolheaded","floor":7},{"not_picked":["Compile Driver","Blizzard"],"picked":"Undo","floor":10},{"not_picked":["Creative AI","Hologram"],"picked":"BootSequence","floor":13},{"not_picked":["Coolheaded","Storm"],"picked":"Sunder","floor":14},{"not_picked":["Buffer","Echo Form"],"picked":"Fission","floor":16},{"not_picked":["Ball Lightning","Melter+1"],"picked":"Hologram","floor":18},{"not_picked":["Barrage","Streamline"],"picked":"Leap","floor":20},{"not_picked":["Reboot","Static Discharge"],"picked":"Turbo+1","floor":22},{"not_picked":["Go for the Eyes+1","Compile Driver"],"picked":"Conserve Battery","floor":24},{"not_picked":["Hologram","Aggregate+1"],"picked":"Genetic Algorithm+1","floor":25},{"not_picked":["Tempest","Sweeping Beam"],"picked":"Consume","floor":28},{"not_picked":["Coolheaded","Genetic Algorithm"],"picked":"Defragment","floor":29},{"not_picked":["Coolheaded","Ball Lightning"],"picked":"Hologram+1","floor":30},{"not_picked":["Sweeping Beam","Barrage+1","Conserve Battery"],"picked":"SKIP","floor":31}],"player_experience":297267,"relics_obtained":[],"event_choices":[{"damage_healed":0,"gold_gain":0,"player_choice":"Grow","damage_taken":0,"max_hp_gain":0,"max_hp_loss":0,"event_name":"Living Wall","floor":2,"gold_loss":0,"cards_upgraded":["Cold Snap"]},{"damage_healed":0,"gold_gain":75,"player_choice":"Gather Gold","damage_taken":11,"max_hp_gain":0,"max_hp_loss":0,"event_name":"World of Goop","floor":3,"gold_loss":0},{"damage_healed":0,"gold_gain":0,"player_choice":"Leave","damage_taken":0,"max_hp_gain":0,"max_hp_loss":0,"event_name":"FaceTrader","floor":11,"gold_loss":0},{"cards_removed":["Strike_B"],"damage_healed":0,"gold_gain":0,"player_choice":"Offered Basic","damage_taken":0,"max_hp_gain":0,"max_hp_loss":0,"event_name":"Bonfire Elementals","floor":21,"gold_loss":0}],"is_beta":true,"boss_relics":[{"not_picked":[]}],"items_purged_floors":[19],"is_endless":false,"potions_floor_spawned":[4,7,14,16,20,22,25,30],"killed_by":"Collector","ascension_level":0}