{"path_per_floor":["M","M","M","?","M","R","E","M","T","M","M","$","R","M","R","B",null,"M","?","M","M","M","R","$","E","T","R","M","E","R","M","R","B",null,"M","M","M","?","?","R","E","M","T"],"character_chosen":"THE_SILENT","items_purchased":["Strength Potion","Slice","Tiny Chest"],"gold_per_floor":[116,134,153,153,167,167,198,218,244,257,273,92,92,110,110,214,214,230,145,128,139,149,149,32,57,57,57,69,94,94,106,106,201,201,211,226,238,238,238,238,266,280,280],"floor_reached":44,"campfire_rested":3,"playtime":5291,"current_hp_per_floor":[63,63,63,51,47,47,23,16,16,14,9,9,9,9,9,19,55,63,63,51,63,39,59,59,30,30,50,42,38,38,38,38,32,58,45,40,13,13,5,25,31,4,4],"items_purged":["Parasite"],"gold":280,"score":679,"play_id":"5dac9589-6e64-4a1e-831b-bea46a03ceb9","is_prod":false,"is_daily":false,"is_ascension_mode":true,"campfire_upgraded":5,"path_taken":["M","M","M","?","M","R","E","?","T","M","?","$","R","M","R","BOSS","M","?","?","M","?","R","$","E","T","R","M","E","R","M","R","BOSS","M","M","M","?","?","R","E","M","T","M"],"build_version":"2018-02-12-BETA1","purchased_purges":1,"victory":false,"master_deck":["Defend_G","Defend_G","Defend_G","Defend_G","Defend_G","Strike_G","Strike_G","Strike_G","Strike_G","Strike_G","Survivor","Neutralize+1","Cloak And Dagger","Sucker Punch","Flying Knee","Terror+1","Accuracy","Bouncing Flask+1","Outmaneuver","Masterful Stab","Slice","Night Terror","Backflip","Cloak And Dagger","Outmaneuver+1","PiercingWail","Acrobatics+1","Bouncing Flask+1","PiercingWail+1","Bouncing Flask+1","Prepared+1","Envenom","PiercingWail+1","Calculated Gamble+1","Madness","Madness","Blade Dance+1","After Image","Catalyst+1"],"max_hp_per_floor":[70,70,70,70,70,70,70,70,70,70,70,67,67,67,67,67,67,67,67,67,67,67,67,67,67,67,67,67,67,67,67,67,67,67,67,67,67,67,67,67,67,67,67],"relics":["Ring of the Snake","Dream Catcher","Pantograph","Gambling Chip","Omamori","Runic Dome","Bag of Marbles","Tiny Chest","Pen Nib","Thread and Needle","Darkstone Periapt","Lizard Tail","Dead Branch","Bird Faced Urn"],"card_choices":[{"not_picked":["Accuracy","Backflip"],"picked":"Cloak And Dagger"},{"not_picked":["Bane","Prepared"],"picked":"Sucker Punch"},{"not_picked":["Sucker Punch","Backflip"],"picked":"Flying Knee"},{"not_picked":["Slice","Footwork"],"picked":"Terror"},{"not_picked":["Expertise","Acrobatics"],"picked":"Accuracy"},{"not_picked":["Slice","Predator"],"picked":"Bouncing Flask"},{"not_picked":["Sucker Punch","Dodge and Roll"],"picked":"Outmaneuver"},{"not_picked":["Bane","Sucker Punch"],"picked":"Masterful Stab"},{"not_picked":["Dodge and Roll","Expertise"],"picked":"Venomology"},{"not_picked":["Doppelganger","A Thousand Cuts"],"picked":"Night Terror"},{"not_picked":["Flying Knee","Sucker Punch"],"picked":"Backflip"},{"not_picked":["Poisoned Stab","Unload"],"picked":"Cloak And Dagger"},{"not_picked":["All Out Attack","Quick Slash"],"picked":"Outmaneuver"},{"not_picked":["Eviscerate","Dodge and Roll"],"picked":"PiercingWail"},{"not_picked":["Underhanded Strike","Crippling Poison"],"picked":"Acrobatics"},{"not_picked":["Prepared","Acrobatics"],"picked":"Bouncing Flask"},{"not_picked":["Riddle With Holes","Bane"],"picked":"PiercingWail"},{"not_picked":["Endless Agony","Deadly Poison"],"picked":"Bouncing Flask"},{"not_picked":["PiercingWail","Dagger Throw"],"picked":"Prepared"},{"not_picked":["Tools of the Trade","Wraith Form"],"picked":"Envenom"},{"not_picked":["Quick Slash","Bane"],"picked":"PiercingWail"},{"not_picked":["PiercingWail","Slice"],"picked":"Calculated Gamble"},{"not_picked":["Underhanded Strike","Backflip"],"picked":"Blade Dance"},{"not_picked":["Deflect","Sucker Punch"],"picked":"After Image"},{"not_picked":["Poisoned Stab","Deflect"],"picked":"Catalyst"}],"player_experience":150655,"potions_floor_usage":[5,14,14,16,16,18,21,21,22,25,25,25,29,29,31,31,33,33,33,33,35,41,41,44],"damage_taken":[{"damage":0,"enemies":"Small Slimes","floor":1,"turns":4},{"damage":0,"enemies":"2 Louse","floor":2,"turns":3},{"damage":0,"enemies":"Cultist","floor":3,"turns":4},{"damage":4,"enemies":"Gremlin Gang","floor":5,"turns":5},{"damage":24,"enemies":"Lagavulin","floor":7,"turns":9},{"damage":7,"enemies":"Exordium Thugs","floor":8,"turns":5},{"damage":2,"enemies":"3 Louse","floor":10,"turns":6},{"damage":5,"enemies":"Blue Slaver","floor":11,"turns":3},{"damage":0,"enemies":"Lots of Slimes","floor":14,"turns":5},{"damage":15,"enemies":"Hexaghost","floor":16,"turns":6},{"damage":1,"enemies":"Spheric Guardian","floor":18,"turns":3},{"damage":12,"enemies":"2 Thieves","floor":20,"turns":4},{"damage":0,"enemies":"Snecko","floor":21,"turns":4},{"damage":24,"enemies":"Cultist and Chosen","floor":22,"turns":4},{"damage":29,"enemies":"Book of Stabbing","floor":25,"turns":6},{"damage":8,"enemies":"Slaver and Parasite","floor":28,"turns":5},{"damage":4,"enemies":"Slavers","floor":29,"turns":6},{"damage":0,"enemies":"3 Cultists","floor":31,"turns":4},{"damage":31,"enemies":"Collector","floor":33,"turns":8},{"damage":13,"enemies":"Flame Bruiser 1 Orb","floor":35,"turns":8},{"damage":5,"enemies":"3 Darklings","floor":36,"turns":6},{"damage":27,"enemies":"Spire Growth","floor":37,"turns":5},{"damage":42,"enemies":"Nemesis","floor":41,"turns":9},{"damage":27,"enemies":"Flame Bruiser 2 Orb","floor":42,"turns":5},{"damage":7,"enemies":"Sphere and 2 Shapes","floor":44,"turns":3}],"event_choices":[{"event_name":"Scrap Ooze","player_choice":"success","floor":4,"damage_taken":12},{"event_name":"Addict","player_choice":"Obtained Relic","floor":19,"damage_taken":0},{"event_name":"Winding Halls","player_choice":"Embrace Madness","floor":39,"damage_taken":0}],"boss_relics":[{"not_picked":["Velvet Choker","Tiny House"],"picked":"Runic Dome"},{"not_picked":["Runic Pyramid","Orrery"],"picked":"Lizard Tail"}],"potions_floor_spawned":[1,10,11,14,16,21,22,28,29,31,37,41,42],"seed_played":"4704325623674122771","killed_by":"Sphere and 2 Shapes","ascension_level":10,"is_trial":false}