{"path_per_floor":["M","M","M","M","$","R","E","M","T","R","?","M","R","E","R","B",null,"M","M","$","?","M","R","$","M","T","?","R","M","?","$","R"],"character_chosen":"DEFECT","items_purchased":["Regen Potion","Capacitor"],"gold_per_floor":[111,124,143,161,11,11,36,51,51,51,51,65,65,94,94,169,169,169,169,0,0,0,0,0,0,0,0,0,0,0,0,0,0],"floor_reached":33,"campfire_rested":3,"playtime":2175,"item_purchase_floors":[5,20],"current_hp_per_floor":[63,63,61,61,65,65,58,57,57,57,52,50,50,29,29,8,58,33,33,33,33,24,46,46,28,28,28,50,30,30,30,52,0],"items_purged":["Strike_B","Strike_B"],"gold":0,"score":450,"play_id":"8901676c-dff0-4e8c-ac4d-a0d143ffcdf2","local_time":"20180531145106","is_prod":false,"is_daily":false,"chose_seed":false,"is_ascension_mode":true,"campfire_upgraded":2,"win_rate":0,"timestamp":1527803466,"campfire_choices":[{"data":"Sunder","floor":6,"key":"SMITH"},{"floor":10,"key":"DIG"},{"data":"Loop","floor":13,"key":"SMITH"},{"floor":15,"key":"DIG"},{"floor":23,"key":"REST"},{"floor":28,"key":"REST"},{"floor":32,"key":"REST"}],"path_taken":["M","M","M","M","$","R","E","M","T","R","?","M","R","E","R","BOSS","M","M","?","?","M","R","?","M","T","?","R","M","?","$","R","BOSS"],"build_version":"2018-05-30v2","seed_source_timestamp":260594963980398,"purchased_purges":2,"victory":false,"master_deck":["Strike_B+1","Strike_B+1","Defend_B+1","Defend_B+1","Defend_B+1","Defend_B+1","Zap+1","Dualcast","AscendersBane","Hologram","Rebound","Leap","Sunder+1","Ball Lightning","Genetic Algorithm","Loop+1","Electrodynamics","Hologram","Conserve Battery","Capacitor","Cold Snap","Barrage","Consume"],"max_hp_per_floor":[71,71,71,71,75,75,75,75,75,75,75,75,75,75,75,75,75,75,75,75,75,75,75,75,75,75,75,75,75,75,75,75,75],"relics":["Cracked Core","Torii","Shovel","Bottled Lightning","Ginger","Juzu Bracelet","Sundial","Ectoplasm","Matryoshka"],"card_choices":[{"not_picked":["Stack","Scrape"],"picked":"Hologram","floor":1},{"not_picked":["Amplify","Chill"],"picked":"Rebound","floor":2},{"not_picked":["Coolheaded","Lockon"],"picked":"Leap","floor":3},{"not_picked":["Lockon","Stack"],"picked":"Sunder","floor":4},{"not_picked":["Force Field","Heatsinks"],"picked":"Ball Lightning","floor":7},{"not_picked":["Chill","Reprogram"],"picked":"Genetic Algorithm","floor":8},{"not_picked":["Hologram","Rebound"],"picked":"Loop","floor":12},{"not_picked":["Lockon","Beam Cell","Doom and Gloom"],"picked":"SKIP","floor":14},{"not_picked":["Amplify","Core Surge"],"picked":"Electrodynamics","floor":16},{"not_picked":["Turbo","Scrape"],"picked":"Hologram","floor":18},{"not_picked":["Go for the Eyes","Aggregate"],"picked":"Conserve Battery","floor":19},{"not_picked":["Gash","Fusion+1"],"picked":"Cold Snap","floor":22},{"not_picked":["Gash","Conserve Battery"],"picked":"Barrage","floor":25},{"not_picked":["Steam","Leap"],"picked":"Consume","floor":29}],"player_experience":1709754,"potions_floor_usage":[5,7,14,16,25,29,33],"damage_taken":[{"damage":1,"enemies":"Cultist","floor":1,"turns":3},{"damage":0,"enemies":"Small Slimes","floor":2,"turns":3},{"damage":2,"enemies":"2 Louse","floor":3,"turns":3},{"damage":0,"enemies":"2 Fungi Beasts","floor":4,"turns":4},{"damage":17,"enemies":"Lagavulin","floor":7,"turns":7},{"damage":1,"enemies":"Gremlin Gang","floor":8,"turns":4},{"damage":2,"enemies":"Exordium Wildlife","floor":12,"turns":3},{"damage":21,"enemies":"Gremlin Nob","floor":14,"turns":4},{"damage":21,"enemies":"The Guardian","floor":16,"turns":11},{"damage":25,"enemies":"Shell Parasite","floor":18,"turns":5},{"damage":0,"enemies":"Chosen","floor":19,"turns":4},{"damage":9,"enemies":"Centurion and Healer","floor":22,"turns":5},{"damage":18,"enemies":"Snake Plant","floor":25,"turns":6},{"damage":20,"enemies":"3 Cultists","floor":29,"turns":5},{"damage":62,"enemies":"Collector","floor":33,"turns":5}],"relics_obtained":[{"floor":7,"key":"Torii"},{"floor":9,"key":"Shovel"},{"floor":10,"key":"Bottled Lightning"},{"floor":14,"key":"Juzu Bracelet"},{"floor":15,"key":"Sundial"},{"floor":26,"key":"Matryoshka"}],"event_choices":[{"event_name":"Scrap Ooze","player_choice":"success","floor":11,"damage_taken":5},{"event_name":"Masked Bandits","player_choice":"Paid Bandits 0 gold","floor":21,"damage_taken":0},{"event_name":"Vampires","player_choice":"Ignored","floor":27,"damage_taken":0},{"event_name":"Back to Basics","player_choice":"Simplicity","floor":30,"damage_taken":0}],"boss_relics":[{"not_picked":["Black Star","Inserter"],"picked":"Ectoplasm"}],"items_purged_floors":[5,20],"potions_floor_spawned":[2,3,4,12,18,22],"seed_played":"6161088205971827897","killed_by":"Collector","ascension_level":15,"potions_obtained":[{"floor":2,"key":"EssenceOfSteel"},{"floor":3,"key":"SkillPotion"},{"floor":4,"key":"Fruit Juice"},{"floor":12,"key":"SpeedPotion"},{"floor":18,"key":"LiquidBronze"},{"floor":22,"key":"Ancient Potion"}],"is_trial":false}