{"path_per_floor":["M","$","?","?","$","R","?","M","T","E","M","E","R","M","R","B",null,"M","T","M","$","M","E","?","M","T","R","E","R","M","M","R","B",null,"M","M","T","M","?","E","R","$","T","M","$","M","R","M","R","B"],"character_chosen":"DEFECT","items_purchased":["Happy Flower","Defragment","Whetstone","Conserve Battery","Capacitor","FocusPotion","Bag of Preparation","FocusPotion","Loop","Consume"],"gold_per_floor":[363,73,148,198,51,51,51,75,75,106,130,171,171,187,187,278,278,293,293,316,72,92,131,131,147,217,217,253,253,267,280,280,378,378,398,423,423,439,439,470,470,50,50,71,21,41,41,56,56,56],"floor_reached":51,"campfire_rested":5,"playtime":4546,"item_purchase_floors":[2,2,5,21,21,21,42,42,42,42],"current_hp_per_floor":[64,64,53,53,53,53,53,41,41,27,27,11,11,11,30,28,55,27,27,29,29,27,17,17,10,10,37,17,44,38,14,41,22,54,60,53,53,64,64,64,64,64,64,64,64,63,64,38,64,52],"items_purged":["Writhe","Strike_B","Strike_B","Zap"],"gold":56,"score":1735,"play_id":"18b2eebd-cb9e-41df-b5c0-2db4d125f9a9","local_time":"20180607122310","is_prod":false,"is_daily":false,"chose_seed":false,"is_ascension_mode":true,"campfire_upgraded":4,"win_rate":0,"timestamp":1528399390,"campfire_choices":[{"data":"Defend_B","floor":6,"key":"SMITH"},{"data":"Defragment","floor":13,"key":"SMITH"},{"floor":15,"key":"REST"},{"floor":27,"key":"REST"},{"floor":29,"key":"REST"},{"floor":32,"key":"REST"},{"data":"Capacitor","floor":41,"key":"SMITH"},{"data":"Consume","floor":47,"key":"SMITH"},{"floor":49,"key":"REST"}],"path_taken":["M","$","?","?","?","R","?","M","T","E","?","E","R","M","R","BOSS","M","?","M","?","M","E","?","M","T","R","E","R","?","M","R","BOSS","M","M","?","?","?","E","R","$","T","M","?","M","R","M","R","BOSS"],"build_version":"2018-06-06","seed_source_timestamp":86438173053673,"purchased_purges":4,"victory":true,"master_deck":["Strike_B+1","Strike_B+1","Defend_B+1","Defend_B","Defend_B","Defend_B","Dualcast","AscendersBane","Ball Lightning","Defragment+1","Loop","Cold Snap","Compile Driver","Biased Cognition","Go for the Eyes+1","Conserve Battery","Capacitor+1","Conserve Battery","Self Repair","Hologram","Conserve Battery","Hologram","Echo Form","Recycle","Hologram+1","Sunder","Loop","Consume+1","Capacitor+1"],"max_hp_per_floor":[71,71,71,71,71,71,64,64,64,64,64,64,64,64,64,64,64,64,64,64,64,64,64,64,64,64,64,64,64,64,64,64,64,64,64,64,64,64,64,64,64,64,64,64,64,64,64,64,64,64],"relics":["Cracked Core","Happy Flower","Whetstone","Golden Idol","Anchor","Smiling Mask","Ornamental Fan","Eternal Feather","Ice Cream","Shuriken","Symbiotic Virus","Dead Branch","Snecko Eye","Gambling Chip","Du-Vu Doll","Emotion Chip","Bag of Preparation","Toolbox"],"card_choices":[{"not_picked":["Consume","Skim"],"picked":"Ball Lightning","floor":1},{"not_picked":["Skim","Steam"],"picked":"Loop","floor":8},{"not_picked":["Beam Cell","Rebound"],"picked":"Cold Snap","floor":10},{"not_picked":["Redo","Hologram"],"picked":"Compile Driver","floor":11},{"not_picked":["Multi-Cast","Barrage","Force Field"],"picked":"SKIP","floor":12},{"not_picked":["Scrape","Heatsinks","Beam Cell"],"picked":"SKIP","floor":14},{"not_picked":["Amplify","Multi-Cast"],"picked":"Biased Cognition","floor":16},{"not_picked":["Redo","Hello World","Beam Cell"],"picked":"SKIP","floor":18},{"not_picked":["Sweeping Beam+1","Streamline+1"],"picked":"Go for the Eyes+1","floor":20},{"not_picked":["Go for the Eyes+1","Turbo"],"picked":"Conserve Battery","floor":22},{"not_picked":["Compile Driver","Sweeping Beam+1"],"picked":"Self Repair","floor":23},{"not_picked":["Chill","Stack"],"picked":"Hologram","floor":25},{"not_picked":["Rebound","Tempest","Beam Cell"],"picked":"SKIP","floor":28},{"not_picked":["Reboot","Ball Lightning+1"],"picked":"Conserve Battery","floor":30},{"not_picked":["Fusion","Streamline"],"picked":"Hologram","floor":31},{"not_picked":["Core Surge","Meteor Strike"],"picked":"Echo Form","floor":33},{"not_picked":["Go for the Eyes","Leap","White Noise+1"],"picked":"SKIP","floor":35},{"not_picked":["Barrage","Aggregate"],"picked":"Recycle","floor":36},{"not_picked":["Redo","Chaos"],"picked":"Hologram+1","floor":38},{"not_picked":["Rebound+1","Doom and Gloom"],"picked":"Sunder","floor":39},{"not_picked":["Biased Cognition","Barrage","Conserve Battery"],"picked":"SKIP","floor":40},{"not_picked":["Gash","Blizzard"],"picked":"Capacitor+1","floor":44},{"not_picked":["Sunder","Streamline","Sweeping Beam"],"picked":"SKIP","floor":46},{"not_picked":["Rebound+1","Streamline+1","Compile Driver"],"picked":"SKIP","floor":48}],"player_experience":1819277,"potions_floor_usage":[10,14,20,23,23,28,50,50],"damage_taken":[{"damage":0,"enemies":"Small Slimes","floor":1,"turns":3},{"damage":12,"enemies":"Jaw Worm","floor":8,"turns":3},{"damage":14,"enemies":"Gremlin Nob","floor":10,"turns":4},{"damage":0,"enemies":"Cultist","floor":11,"turns":3},{"damage":16,"enemies":"Lagavulin","floor":12,"turns":6},{"damage":0,"enemies":"Large Slime","floor":14,"turns":4},{"damage":2,"enemies":"The Guardian","floor":16,"turns":11},{"damage":28,"enemies":"Chosen","floor":18,"turns":4},{"damage":10,"enemies":"2 Thieves","floor":20,"turns":4},{"damage":2,"enemies":"Snecko","floor":22,"turns":5},{"damage":10,"enemies":"Book of Stabbing","floor":23,"turns":5},{"damage":14,"enemies":"Centurion and Healer","floor":25,"turns":6},{"damage":27,"enemies":"Gremlin Leader","floor":28,"turns":7},{"damage":13,"enemies":"3 Cultists","floor":30,"turns":6},{"damage":31,"enemies":"Snake Plant","floor":31,"turns":4},{"damage":26,"enemies":"Champ","floor":33,"turns":13},{"damage":1,"enemies":"Orb Walker","floor":35,"turns":3},{"damage":14,"enemies":"3 Darklings","floor":36,"turns":5},{"damage":0,"enemies":"Maw","floor":38,"turns":7},{"damage":0,"floor":39,"turns":6},{"damage":0,"enemies":"Giant Head","floor":40,"turns":7},{"damage":0,"enemies":"Sphere and 2 Shapes","floor":44,"turns":4},{"damage":8,"enemies":"Spire Growth","floor":46,"turns":4},{"damage":26,"enemies":"Flame Bruiser 2 Orb","floor":48,"turns":5},{"damage":12,"enemies":"Donu and Deca","floor":50,"turns":8}],"relics_obtained":[{"floor":9,"key":"Anchor"},{"floor":10,"key":"Smiling Mask"},{"floor":12,"key":"Ornamental Fan"},{"floor":19,"key":"Ice Cream"},{"floor":23,"key":"Shuriken"},{"floor":26,"key":"Symbiotic Virus"},{"floor":28,"key":"Dead Branch"},{"floor":37,"key":"Gambling Chip"},{"floor":39,"key":"Du-Vu Doll"},{"floor":40,"key":"Emotion Chip"},{"floor":43,"key":"Toolbox"}],"event_choices":[{"event_name":"World of Goop","player_choice":"Gather Gold","floor":3,"damage_taken":0},{"event_name":"Golden Shrine","player_choice":"Pray","floor":4,"damage_taken":0},{"event_name":"Golden Idol","player_choice":"Lose Max HP","floor":7,"damage_taken":0},{"event_name":"Vampires","player_choice":"Ignored","floor":24,"damage_taken":0},{"event_name":"MindBloom","player_choice":"Fight","floor":39,"damage_taken":0}],"boss_relics":[{"not_picked":["White Beast Statue","Calling Bell"],"picked":"Eternal Feather"},{"not_picked":["Pandora\u0027s Box","Lizard Tail"],"picked":"Snecko Eye"}],"items_purged_floors":[2,21,42,45],"potions_floor_spawned":[1,11,12,16,18,23,28,33,40,44,46,48],"seed_played":"-1870123728008931737","ascension_level":15,"potions_obtained":[{"floor":1,"key":"Weak Potion"},{"floor":11,"key":"SpeedPotion"},{"floor":12,"key":"FearPotion"},{"floor":16,"key":"Regen Potion"},{"floor":23,"key":"Weak Potion"},{"floor":28,"key":"SteroidPotion"},{"floor":33,"key":"FearPotion"},{"floor":40,"key":"Dexterity Potion"}],"is_trial":false}