{"path_per_floor":["M","M","$","T","$","R","E","R","T","E","$","?","M","?","R","B",null,"M","M","?","$","M"],"character_chosen":"DEFECT","items_purchased":["Anchor","Coolheaded","Dexterity Potion","EssenceOfSteel","Mind Blast","Capacitor"],"gold_per_floor":[219,238,18,41,41,41,68,68,68,100,2,152,170,170,170,249,249,249,249,249,20,20,20],"floor_reached":23,"campfire_rested":0,"playtime":1254,"current_hp_per_floor":[63,60,60,60,60,60,35,35,35,15,15,15,15,15,15,4,54,33,21,21,21,2,0],"items_purged":["Strike_B"],"gold":20,"score":344,"play_id":"95cbeff1-8e25-4c5a-83b4-af09b7e8af79","local_time":"20180510135632","is_prod":false,"is_daily":false,"chose_seed":false,"is_ascension_mode":true,"campfire_upgraded":3,"timestamp":1525985792,"path_taken":["M","M","$","?","$","R","E","R","T","E","?","?","?","?","R","BOSS","M","M","?","$","M","E"],"build_version":"2018-05-09","seed_source_timestamp":1646487148565224,"purchased_purges":1,"victory":false,"master_deck":["Strike_B","Strike_B+1","Strike_B+1","Defend_B","Defend_B","Defend_B","Defend_B","Zap+1","Dualcast","AscendersBane","Capacitor+1","Lockon","Consume+1","Creative AI","Coolheaded","Ball Lightning+1","Creative AI","Cold Snap+1","Stack","Writhe","Mind Blast+1","Capacitor","Cold Snap+1"],"max_hp_per_floor":[71,71,71,71,71,71,71,71,71,71,71,71,71,71,71,71,71,71,71,71,71,71,71],"relics":["Cracked Core","Anchor","Whetstone","Bottled Flame","Molten Egg 2","Vajra","Spirit Poop","Ectoplasm","Du-Vu Doll"],"card_choices":[{"not_picked":["Barrage","Sweeping Beam"],"picked":"Capacitor","floor":1},{"not_picked":["Rebound","Double Energy"],"picked":"Lockon","floor":2},{"not_picked":["Beam Cell","Rebound"],"picked":"Consume","floor":7},{"not_picked":["Barrage","Double Energy"],"picked":"Creative AI","floor":10},{"not_picked":["Gash","Rebound"],"picked":"Ball Lightning","floor":13},{"not_picked":["Machine Learning","Rainbow"],"picked":"Creative AI","floor":16},{"not_picked":["Recycle","Hologram"],"picked":"Cold Snap","floor":18},{"not_picked":["Consume","Beam Cell"],"picked":"Stack","floor":19},{"not_picked":["Aggregate","Sweeping Beam"],"picked":"Cold Snap","floor":22}],"player_experience":1402720,"potions_floor_usage":[16,16,19,23],"damage_taken":[{"damage":1,"enemies":"Cultist","floor":1,"turns":4},{"damage":3,"enemies":"2 Louse","floor":2,"turns":3},{"damage":25,"enemies":"3 Sentries","floor":7,"turns":7},{"damage":20,"enemies":"Lagavulin","floor":10,"turns":6},{"damage":0,"enemies":"Small Slimes","floor":13,"turns":4},{"damage":11,"enemies":"Hexaghost","floor":16,"turns":8},{"damage":21,"enemies":"Chosen","floor":18,"turns":6},{"damage":12,"enemies":"3 Byrds","floor":19,"turns":4},{"damage":19,"enemies":"Snake Plant","floor":22,"turns":4},{"damage":8,"enemies":"Book of Stabbing","floor":23,"turns":2}],"event_choices":[{"event_name":"Liars Game","player_choice":"agreed","floor":12,"damage_taken":0},{"event_name":"Bonfire Elementals","player_choice":"CURSE","floor":14,"damage_taken":0},{"event_name":"The Mausoleum","player_choice":"Yes","floor":20,"damage_taken":0}],"boss_relics":[{"not_picked":["Black Star","Astrolabe"],"picked":"Ectoplasm"}],"potions_floor_spawned":[1,10,19],"seed_played":"-1703798556448897599","killed_by":"Book of Stabbing","ascension_level":15,"is_trial":false}