{"path_per_floor":["M","$","?","M","M","E","R","E","T","?","R","?","E","$","R","B",null,"M","?","?","M","T","R","M","M","T","M","M","M","R","M","R","B",null,"M","?","?","M","M","R","E","R","T","$","R","$","T","$","R","B"],"character_chosen":"DEFECT","items_purchased":["Capacitor","Fire Potion","Capacitor","Barrage","DataDisk","FocusPotion"],"gold_per_floor":[109,34,34,44,59,88,88,116,116,116,116,116,151,9,9,103,103,123,123,123,136,160,160,175,187,187,200,215,229,229,248,248,324,324,342,342,342,360,370,370,402,402,402,128,128,78,78,28,28,28],"floor_reached":51,"campfire_rested":1,"playtime":3766,"item_purchase_floors":[2,2,14,14,44,44],"current_hp_per_floor":[64,64,64,63,64,48,48,20,20,20,41,41,41,41,41,43,59,45,24,24,40,45,53,49,54,64,54,54,45,55,46,56,22,61,69,69,69,72,55,67,66,74,74,74,74,74,74,74,74,42],"items_purged":["Regret","Strike_B","Strike_B","Strike_B"],"gold":28,"score":1150,"play_id":"8e014923-d65f-4d88-a8f8-ffbe8cfed336","local_time":"20180524155633","is_prod":false,"is_daily":false,"chose_seed":false,"is_ascension_mode":true,"campfire_upgraded":9,"win_rate":0,"timestamp":1527202593,"campfire_choices":[{"data":"Defragment","floor":7,"key":"SMITH"},{"floor":11,"key":"REST"},{"data":"Barrage","floor":15,"key":"SMITH"},{"data":"Zap","floor":23,"key":"SMITH"},{"data":"Seek","floor":30,"key":"SMITH"},{"data":"Barrage","floor":32,"key":"SMITH"},{"data":"Chaos","floor":40,"key":"SMITH"},{"data":"Coolheaded","floor":42,"key":"SMITH"},{"data":"Hologram","floor":45,"key":"SMITH"},{"data":"Ball Lightning","floor":49,"key":"SMITH"}],"path_taken":["M","$","?","M","?","E","R","E","T","?","R","?","E","$","R","BOSS","M","?","?","M","?","R","M","?","T","M","?","?","R","M","R","BOSS","M","?","?","?","M","R","E","R","T","$","R","?","?","$","R","BOSS"],"build_version":"2018-05-23v2","seed_source_timestamp":551068774644739,"purchased_purges":4,"victory":true,"master_deck":["Strike_B","Defend_B","Defend_B","Defend_B","Defend_B","Zap+1","Dualcast","AscendersBane","Ball Lightning+1","Capacitor+1","Steam","Defragment+1","Glacier","Chill","Reprogram","Capacitor","Barrage+1","Echo Form","Steam Power","Capacitor","Hologram+1","Barrage+1","Seek+1","Go for the Eyes+1","Seek+1","Coolheaded+1","Chaos+1","Skim+1"],"max_hp_per_floor":[71,71,71,71,71,71,71,71,71,71,71,64,64,64,64,64,64,64,64,64,64,64,64,64,64,74,74,74,74,74,74,74,74,74,74,74,74,74,74,74,74,74,74,74,74,74,74,74,74,74],"relics":["Cracked Core","Blood Vial","Centennial Puzzle","Dead Branch","Meat on the Bone","Bloody Idol","Smiling Mask","Eternal Feather","Enchiridion","Pen Nib","Pear","Nuclear Battery","Omamori","Bottled Tornado","DataDisk","Letter Opener"],"card_choices":[{"not_picked":["Steam","Compile Driver"],"picked":"Ball Lightning","floor":1},{"not_picked":["Barrage","Coolheaded"],"picked":"Defragment","floor":4},{"not_picked":["Beam Cell","Capacitor"],"picked":"Glacier","floor":5},{"not_picked":["Go for the Eyes","Redo"],"picked":"Chill","floor":6},{"not_picked":["Static Discharge","Thunder Strike","Stack"],"picked":"SKIP","floor":8},{"not_picked":["Sweeping Beam","Creative AI"],"picked":"Reprogram","floor":13},{"not_picked":["Reboot","Buffer"],"picked":"Echo Form","floor":16},{"not_picked":["Redo","Barrage"],"picked":"Steam Power","floor":18},{"not_picked":["Go for the Eyes","Hello World","Rebound"],"picked":"SKIP","floor":21},{"not_picked":["Steam","Beam Cell"],"picked":"Capacitor","floor":24},{"not_picked":["Stack","Compile Driver"],"picked":"Hologram","floor":25},{"not_picked":["Stack","Conserve Battery"],"picked":"Barrage","floor":27},{"not_picked":["Cold Snap","Coolheaded"],"picked":"Seek","floor":28},{"not_picked":["Capacitor","Cold Snap"],"picked":"Go for the Eyes+1","floor":29},{"not_picked":["Streamline","Scrape","Self Repair+1"],"picked":"SKIP","floor":31},{"not_picked":["Reboot","Electrodynamics"],"picked":"Seek","floor":33},{"not_picked":["Conserve Battery","Blizzard"],"picked":"Coolheaded","floor":35},{"not_picked":["Streamline","White Noise","Hello World"],"picked":"SKIP","floor":38},{"not_picked":["Heatsinks","Redo"],"picked":"Chaos","floor":39},{"not_picked":["Beam Cell","Double Energy"],"picked":"Skim+1","floor":41}],"player_experience":1595140,"potions_floor_usage":[8,8,21,31,35,39,50,50],"damage_taken":[{"damage":2,"enemies":"2 Louse","floor":1,"turns":3},{"damage":3,"enemies":"Cultist","floor":4,"turns":3},{"damage":1,"enemies":"Small Slimes","floor":5,"turns":2},{"damage":18,"enemies":"Lagavulin","floor":6,"turns":10},{"damage":37,"enemies":"Gremlin Nob","floor":8,"turns":4},{"damage":14,"enemies":"Lagavulin","floor":13,"turns":8},{"damage":12,"enemies":"Hexaghost","floor":16,"turns":9},{"damage":16,"enemies":"Spheric Guardian","floor":18,"turns":6},{"damage":1,"enemies":"Chosen","floor":21,"turns":7},{"damage":23,"enemies":"Snecko","floor":24,"turns":6},{"damage":2,"enemies":"3 Cultists","floor":25,"turns":5},{"damage":29,"enemies":"Chosen and Byrds","floor":27,"turns":6},{"damage":7,"enemies":"Snecko","floor":28,"turns":6},{"damage":16,"enemies":"Snake Plant","floor":29,"turns":4},{"damage":16,"enemies":"Slaver and Parasite","floor":31,"turns":5},{"damage":53,"enemies":"Automaton","floor":33,"turns":9},{"damage":6,"enemies":"Orb Walker","floor":35,"turns":3},{"damage":4,"enemies":"3 Darklings","floor":38,"turns":5},{"damage":24,"enemies":"4 Shapes","floor":39,"turns":9},{"damage":8,"enemies":"Giant Head","floor":41,"turns":7},{"damage":44,"enemies":"Awakened One","floor":50,"turns":11}],"relics_obtained":[{"floor":6,"key":"Centennial Puzzle"},{"floor":8,"key":"Dead Branch"},{"floor":9,"key":"Meat on the Bone"},{"floor":13,"key":"Smiling Mask"},{"floor":19,"key":"Enchiridion"},{"floor":22,"key":"Pen Nib"},{"floor":26,"key":"Pear"},{"floor":41,"key":"Omamori"},{"floor":43,"key":"Bottled Tornado"},{"floor":47,"key":"Letter Opener"}],"event_choices":[{"event_name":"Match and Keep!","player_choice":"2 cards matched","floor":3,"damage_taken":0},{"event_name":"Upgrade Shrine","player_choice":"Upgraded","floor":10,"damage_taken":0},{"event_name":"Golden Idol","player_choice":"Lose Max HP","floor":12,"damage_taken":0},{"event_name":"Cursed Tome","player_choice":"Obtained Book","floor":19,"damage_taken":0},{"event_name":"Forgotten Altar","player_choice":"Gave Idol","floor":20,"damage_taken":0},{"event_name":"Match and Keep!","player_choice":"0 cards matched","floor":36,"damage_taken":0},{"event_name":"Upgrade Shrine","player_choice":"Upgraded","floor":37,"damage_taken":0}],"boss_relics":[{"not_picked":["Lizard Tail","Black Star"],"picked":"Eternal Feather"},{"not_picked":["Runic Pyramid","Astrolabe"],"picked":"Nuclear Battery"}],"items_purged_floors":[14,44,46,48],"potions_floor_spawned":[5,6,8,16,18,21,31,33,35,41],"seed_played":"5211401622613405930","ascension_level":15,"potions_obtained":[{"floor":5,"key":"FearPotion"},{"floor":6,"key":"PowerPotion"},{"floor":8,"key":"Explosive Potion"},{"floor":16,"key":"Weak Potion"},{"floor":18,"key":"Regen Potion"},{"floor":21,"key":"Fire Potion"},{"floor":31,"key":"Ancient Potion"},{"floor":33,"key":"Regen Potion"},{"floor":35,"key":"Strength Potion"},{"floor":41,"key":"FairyPotion"}],"is_trial":false}