{"gold_per_floor":[209,16,35,35,46,79,79,91,160,171,189,264,46,62,62,163,163,173,189,114,133,133,152,152,162,162,179,179,191,10,10,10,10],"floor_reached":33,"playtime":2519,"items_purged":["Strike_B","Injury"],"score":278,"play_id":"2f7daa84-4ef7-4299-a53d-bc6b988eb632","local_time":"20190228224242","is_ascension_mode":false,"campfire_choices":[{"floor":7.0,"key":"REST"},{"floor":15.0,"key":"REST"},{"data":"Defragment","floor":32,"key":"SMITH"}],"neow_cost":"NONE","seed_source_timestamp":0,"circlet_count":0,"master_deck":["Strike_B","Strike_B","Strike_B","Defend_B","Defend_B","Defend_B","Zap","Dualcast","Sunder","Beam Cell","Turbo","FTL","BootSequence","Beam Cell","Sweeping Beam","Beam Cell","Conserve Battery","Multi-Cast","Genetic Algorithm","Ball Lightning","Go for the Eyes","Tempest","BootSequence","Beam Cell","Leap+1","Defragment+1","Shame"],"special_seed":0,"relics":["Cracked Core","Chemical X","Nunchaku","Meat on the Bone","MealTicket","Cursed Key","MutagenicStrength","Matryoshka","Happy Flower"],"potions_floor_usage":[21,25,25,29],"damage_taken":[{"damage":1.0,"enemies":"Cultist","floor":1.0,"turns":4.0},{"damage":0.0,"enemies":"2 Louse","floor":3.0,"turns":1.0},{"damage":6.0,"enemies":"Jaw Worm","floor":5.0,"turns":2.0},{"damage":39.0,"enemies":"Lagavulin","floor":6.0,"turns":6.0},{"damage":10.0,"enemies":"Looter","floor":8.0,"turns":2.0},{"damage":5.0,"enemies":"Red Slaver","floor":10.0,"turns":4.0},{"damage":0.0,"enemies":"Lots of Slimes","floor":11.0,"turns":3.0},{"damage":1.0,"enemies":"Exordium Wildlife","floor":14.0,"turns":2.0},{"damage":13.0,"enemies":"Hexaghost","floor":16.0,"turns":9.0},{"damage":0,"enemies":"Chosen","floor":18,"turns":2},{"damage":27,"enemies":"3 Byrds","floor":19,"turns":4},{"damage":10,"enemies":"Sentry and Sphere","floor":21,"turns":3},{"damage":3,"enemies":"Snecko","floor":23,"turns":3},{"damage":6,"enemies":"Centurion and Healer","floor":25,"turns":4},{"damage":10,"enemies":"Snake Plant","floor":27,"turns":4},{"damage":0,"enemies":"Chosen and Byrds","floor":29,"turns":4},{"damage":61,"enemies":"Collector","floor":33,"turns":5}],"seed_played":"5546164338833168573","potions_obtained":[{"floor":1.0,"key":"Poison Potion"},{"floor":8.0,"key":"Energy Potion"},{"floor":10.0,"key":"Weak Potion"},{"floor":16.0,"key":"FearPotion"},{"floor":18,"key":"Ancient Potion"},{"floor":27,"key":"AttackPotion"}],"is_trial":false,"path_per_floor":["M","$","M","?","M","E","R","M","T","M","M","?","$","M","R","B",null,"M","M","$","M","?","M","?","M","T","M","?","M","$","?","R","B"],"character_chosen":"DEFECT","items_purchased":["Chemical X","MealTicket","Beam Cell","Defragment"],"campfire_rested":2,"item_purchase_floors":[2,13,13,30],"current_hp_per_floor":[74,74,74,74,68,29,51,41,41,48,48,37,37,48,70,57,75,75,48,63,53,53,50,50,44,44,46,32,44,59,59,59,0],"gold":10,"neow_bonus":"HUNDRED_GOLD","is_prod":false,"is_daily":false,"chose_seed":false,"campfire_upgraded":1,"win_rate":0,"timestamp":1551390162,"path_taken":["M","?","?","?","M","E","R","M","T","M","M","?","$","M","R","BOSS","M","M","$","M","?","M","?","?","T","?","?","M","$","?","R","BOSS"],"build_version":"2019-01-23","purchased_purges":2,"victory":false,"max_hp_per_floor":[75,75,75,75,75,75,75,75,75,75,75,75,75,75,75,75,75,75,75,75,75,75,75,75,75,75,75,80,80,80,80,80,80],"card_choices":[{"not_picked":["Undo","Cold Snap"],"picked":"Sunder","floor":1.0},{"not_picked":["Steam","Melter"],"picked":"Beam Cell","floor":3.0},{"not_picked":["Rebound","Consume"],"picked":"Turbo","floor":5.0},{"not_picked":["White Noise","Thunder Strike"],"picked":"FTL","floor":6.0},{"not_picked":["Cold Snap","Rebound"],"picked":"BootSequence","floor":8.0},{"not_picked":["Redo","Rip and Tear"],"picked":"Beam Cell","floor":10.0},{"not_picked":["Thunder Strike","Conserve Battery"],"picked":"Sweeping Beam","floor":11.0},{"not_picked":["Leap","Melter"],"picked":"Conserve Battery","floor":14.0},{"not_picked":["Fission","Thunder Strike"],"picked":"Multi-Cast","floor":16.0},{"not_picked":["Sweeping Beam","Rip and Tear"],"picked":"Genetic Algorithm","floor":18},{"not_picked":["Skim","Recycle"],"picked":"Ball Lightning","floor":19},{"not_picked":["Streamline","Barrage+1","Capacitor"],"picked":"SKIP","floor":21},{"not_picked":["Ball Lightning","Leap"],"picked":"Go for the Eyes","floor":23},{"not_picked":["Streamline","Storm"],"picked":"BootSequence","floor":25},{"not_picked":["Darkness+1","Skim"],"picked":"Beam Cell","floor":27},{"not_picked":["Double Energy","Sweeping Beam"],"picked":"Leap+1","floor":29}],"player_experience":71220,"relics_obtained":[{"floor":6.0,"key":"Nunchaku"},{"floor":9.0,"key":"Meat on the Bone"},{"floor":26,"key":"Matryoshka"}],"event_choices":[{"damage_healed":0.0,"max_hp_gain":0.0,"max_hp_loss":0.0,"gold_gain":0.0,"event_name":"The Cleric","player_choice":"Leave","floor":4.0,"gold_loss":0.0,"damage_taken":0.0},{"damage_healed":0.0,"max_hp_gain":0.0,"max_hp_loss":0.0,"gold_gain":75.0,"event_name":"World of Goop","player_choice":"Gather Gold","floor":12.0,"gold_loss":0.0,"damage_taken":11.0},{"damage_healed":0,"gold_gain":0,"player_choice":"Inject Mutagens","damage_taken":0,"relics_obtained":["MutagenicStrength"],"max_hp_gain":0,"max_hp_loss":0,"event_name":"Drug Dealer","floor":22,"gold_loss":0},{"damage_healed":0,"gold_gain":0,"cards_transformed":["Defend_B"],"player_choice":"Transformed","damage_taken":0,"max_hp_gain":0,"max_hp_loss":0,"event_name":"Transmorgrifier","floor":24,"gold_loss":0,"cards_obtained":["Tempest"]},{"damage_healed":0,"gold_gain":0,"player_choice":"Shed Blood","damage_taken":19,"max_hp_gain":5,"max_hp_loss":0,"event_name":"Forgotten Altar","floor":28,"gold_loss":0},{"damage_healed":0,"gold_gain":0,"player_choice":"Stole Relic","damage_taken":0,"relics_obtained":["Happy Flower"],"max_hp_gain":0,"max_hp_loss":0,"event_name":"Addict","floor":31,"gold_loss":0,"cards_obtained":["Shame"]}],"is_beta":false,"boss_relics":[{"not_picked":["Sozu","Inserter"],"picked":"Cursed Key"}],"items_purged_floors":[20,30],"is_endless":false,"potions_floor_spawned":[1,8,10,14,16,18,27],"killed_by":"Collector","ascension_level":0}