{"path_per_floor":["M","M","M","M","M","E","R","M","T","M","M","M","E","?","R","B",null,"M","?","?","?","M","E","?","E","T","M","E","M","$","?","R","B",null,"M","?","M","?","?","E","?","E","T","M","?","R","E","?","R","B"],"character_chosen":"IRONCLAD","items_purchased":["Reaper","Intimidate"],"gold_per_floor":[117,127,143,154,165,196,196,214,238,254,265,285,320,320,320,441,441,441,441,441,366,321,321,321,321,321,321,321,321,18,18,18,18,18,18,18,18,18,0,0,0,0,0,0,0,0,0,0,0,0],"floor_reached":51,"campfire_rested":0,"playtime":4883,"current_hp_per_floor":[42,47,51,55,57,59,59,42,42,48,54,60,46,46,46,40,74,65,49,49,49,50,33,33,40,40,50,40,45,45,45,45,51,51,51,51,51,51,51,51,46,48,48,51,51,51,51,45,45,37],"items_purged":["Defend_R"],"gold":0,"score":683,"play_id":"eae7f0fd-2279-4df6-9b28-52ce8e60aed6","is_prod":false,"is_daily":false,"is_ascension_mode":false,"campfire_upgraded":5,"path_taken":["M","M","M","?","M","E","R","M","T","M","M","M","E","?","R","BOSS","M","?","?","?","M","E","?","E","T","M","E","M","$","?","R","BOSS","M","?","M","?","?","E","?","E","T","M","?","R","E","?","R","BOSS"],"build_version":"2018-02-22-PROD1","purchased_purges":1,"victory":true,"master_deck":["Defend_R","Defend_R","Bash","Inflame+1","Ghostly Armor","Armaments+1","Inflame","Thunderclap","Cleave","Flex","Warcry","Heavy Blade+1","Battle Trance","Whirlwind","Limit Break+1","Power Through","Disarm+1","Bite","Bite","Bite","Bite","Warcry","Inflame","Feel No Pain","Reaper","Intimidate","Headbutt","Shrug It Off+1","Headbutt+1","Headbutt+1","Dual Wield+1","Madness","Madness"],"max_hp_per_floor":[80,80,80,80,80,80,80,80,80,80,80,80,80,74,74,74,74,74,74,74,74,74,74,51,51,51,51,51,51,51,51,51,51,51,51,51,51,51,51,51,51,51,51,51,51,51,51,51,51,51],"relics":["Burning Blood","Juzu Bracelet","Bag of Preparation","Pen Nib","Ectoplasm","Nilry\u0027s Codex","Bag of Marbles","Vajra","Happy Flower","Ornamental Fan","Prayer Wheel","Runic Cube","Mummified Hand","Red Mask","Orichalcum","Charon\u0027s Ashes","Toolbox","Ancient Tea Set","Meat on the Bone"],"card_choices":[{"not_picked":["Thunderclap","Twin Strike"],"picked":"Armaments"},{"not_picked":["Headbutt","Cleave"],"picked":"Inflame"},{"not_picked":["Rage","True Grit"],"picked":"Thunderclap"},{"not_picked":["Heavy Blade","Demon Form"],"picked":"Cleave"},{"not_picked":["Clothesline","Sword Boomerang"],"picked":"Flex"},{"not_picked":["Fire Breathing","Perfected Strike"],"picked":"Warcry"},{"not_picked":["Perfected Strike","Rage"],"picked":"Heavy Blade"},{"not_picked":["Uppercut","Warcry"],"picked":"Battle Trance"},{"not_picked":["Fiend Fire","Armaments"],"picked":"Whirlwind"},{"not_picked":["Barricade","Feed"],"picked":"Limit Break"},{"not_picked":["Carnage","Wild Strike"],"picked":"Power Through"},{"not_picked":["Body Slam","Thunderclap"],"picked":"Disarm"},{"not_picked":["Iron Wave","Anger"],"picked":"Warcry"},{"not_picked":["Hemokinesis","True Grit"],"picked":"Inflame"},{"not_picked":["Clash","Body Slam"],"picked":"Feel No Pain"},{"not_picked":["Body Slam","Wild Strike"],"picked":"Shrug It Off"},{"not_picked":["Flex","Bloodletting"],"picked":"Headbutt"},{"not_picked":["Rampage","Searing Blow"],"picked":"Headbutt"},{"not_picked":["Reckless Charge","Whirlwind"],"picked":"Dual Wield"}],"player_experience":68382,"potions_floor_usage":[42,47,50,50],"damage_taken":[{"damage":4.0,"enemies":"Cultist","floor":1.0,"turns":4.0},{"damage":1.0,"enemies":"2 Louse","floor":2.0,"turns":3.0},{"damage":2.0,"enemies":"Jaw Worm","floor":3.0,"turns":5.0},{"damage":2.0,"enemies":"3 Louse","floor":4.0,"turns":6.0},{"damage":4.0,"enemies":"2 Fungi Beasts","floor":5.0,"turns":4.0},{"damage":4.0,"enemies":"3 Sentries","floor":6.0,"turns":6.0},{"damage":23.0,"enemies":"Exordium Thugs","floor":8.0,"turns":5.0},{"damage":0.0,"enemies":"3 Louse","floor":10.0,"turns":3.0},{"damage":0.0,"enemies":"Lots of Slimes","floor":11.0,"turns":2.0},{"damage":0.0,"enemies":"Exordium Thugs","floor":12.0,"turns":3.0},{"damage":20.0,"enemies":"Gremlin Nob","floor":13.0,"turns":4.0},{"damage":12.0,"enemies":"Hexaghost","floor":16.0,"turns":9.0},{"damage":15.0,"enemies":"3 Byrds","floor":18.0,"turns":4.0},{"damage":5.0,"enemies":"2 Thieves","floor":22.0,"turns":4.0},{"damage":23.0,"enemies":"Book of Stabbing","floor":23.0,"turns":4.0},{"damage":4.0,"enemies":"Slavers","floor":25.0,"turns":4.0},{"damage":0.0,"enemies":"Cultist and Chosen","floor":27.0,"turns":4.0},{"damage":17.0,"enemies":"Gremlin Leader","floor":28.0,"turns":5.0},{"damage":9.0,"enemies":"Centurion and Healer","floor":29.0,"turns":4.0},{"damage":19.0,"enemies":"Collector","floor":33.0,"turns":6.0},{"damage":3,"enemies":"3 Darklings","floor":35,"turns":2},{"damage":0,"enemies":"Orb Walker","floor":37,"turns":2},{"damage":0,"enemies":"Nemesis","floor":40,"turns":3},{"damage":13,"enemies":"Mysterious Sphere","floor":41,"turns":2},{"damage":6,"enemies":"2 Orb Walkers","floor":42,"turns":3},{"damage":0,"enemies":"Maw","floor":44,"turns":4},{"damage":6,"enemies":"Giant Head","floor":47,"turns":4},{"damage":37,"enemies":"Time Eater","floor":50,"turns":7}],"event_choices":[{"event_name":"Golden Idol","player_choice":"Lose Max HP","floor":14.0,"damage_taken":0.0},{"event_name":"Cursed Tome","player_choice":"Obtained Book","floor":19.0,"damage_taken":0.0},{"event_name":"The Mausoleum","player_choice":"Yes","floor":20.0,"damage_taken":0.0},{"event_name":"Beggar","player_choice":"Gave Gold","floor":21.0,"damage_taken":0.0},{"event_name":"Vampires","player_choice":"Became a vampire","floor":24.0,"damage_taken":0.0},{"event_name":"The Library","player_choice":"Read","floor":31.0,"damage_taken":0.0},{"event_name":"Accursed Blacksmith","player_choice":"Rummage","floor":36,"damage_taken":0},{"event_name":"Tomb of Lord Red Mask","player_choice":"Paid","floor":39,"damage_taken":0},{"event_name":"Mysterious Sphere","player_choice":"Fight","floor":41,"damage_taken":0},{"event_name":"The Moai Head","player_choice":"Gave Idol","floor":45,"damage_taken":0},{"event_name":"Winding Halls","player_choice":"Embrace Madness","floor":48,"damage_taken":0}],"boss_relics":[{"not_picked":["Snecko Eye","Astrolabe"],"picked":"Runic Cube"}],"potions_floor_spawned":[2,3,4,8,16,25,29,35,42,44],"seed_played":"-2916478651709239110","ascension_level":0,"is_trial":false}