{"path_per_floor":["M","M","M","M","M","R","M","R","T","M","M","M","M","E","R","B",null,"M","M","$","M","$","R","E","M","T","R","E","R","E","M","R","B",null,"M","?","?","$","M","R","M","R","T","E","R","M","M","?","R","B"],"character_chosen":"IRONCLAD","items_purchased":["Champion Belt","Impervious","Bag of Preparation"],"gold_per_floor":[110,130,147,159,175,175,195,195,265,275,285,299,310,339,339,413,413,429,442,144,156,14,14,40,56,82,82,112,112,141,155,155,226,226,246,246,246,91,101,101,120,120,120,154,154,170,181,181,181,181],"floor_reached":51,"campfire_rested":3,"playtime":4040,"current_hp_per_floor":[77,73,72,61,45,45,44,44,44,46,41,38,41,34,34,28,67,60,46,46,42,42,42,41,35,42,42,29,70,19,25,66,25,72,54,54,87,87,81,81,75,75,75,62,62,58,60,60,87,82],"items_purged":["Strike_R"],"gold":181,"score":1271,"play_id":"c2e330ec-e972-4216-9031-c57836cefb7e","local_time":"20180509145600","is_prod":false,"is_daily":false,"chose_seed":false,"is_ascension_mode":true,"campfire_upgraded":8,"timestamp":1525902960,"path_taken":["M","M","M","M","M","R","M","R","T","M","M","M","M","E","R","BOSS","M","M","$","M","$","R","E","M","T","R","E","R","E","M","R","BOSS","M","?","?","$","M","R","M","R","T","E","R","M","?","?","R","BOSS"],"build_version":"2018-05-08","seed_source_timestamp":1537933696887581,"purchased_purges":1,"victory":true,"master_deck":["Strike_R","Strike_R","Strike_R","Strike_R","Defend_R","Defend_R","Defend_R","Defend_R","Bash","AscendersBane","Anger","Inflame+1","Battle Trance+1","Sword Boomerang","Body Slam+1","Body Slam+1","Shockwave+1","Shrug It Off","Anger","Thunderclap","Limit Break+1","Disarm+1","Impervious","Fire Breathing","Evolve+1","Feel No Pain","Offering+1","Shrug It Off","Thunderclap","Entrench+1","Flame Barrier","Panacea"],"max_hp_per_floor":[80,80,80,80,80,80,80,80,80,80,80,80,80,80,80,80,80,80,80,80,80,80,80,80,80,87,87,87,87,87,87,87,87,87,87,87,87,87,87,87,87,87,87,87,87,87,87,87,87,87],"relics":["Burning Blood","Bag of Marbles","Shuriken","Omamori","Runic Dome","Champion Belt","Dead Branch","Strawberry","Regal Pillow","Lantern","Mark of Pain","Bag of Preparation","Bottled Lightning","Prayer Wheel"],"card_choices":[{"not_picked":["Seeing Red","Twin Strike"],"picked":"Anger","floor":1},{"not_picked":["Clash","Anger"],"picked":"Inflame","floor":3},{"not_picked":["Flex","Wild Strike"],"picked":"Battle Trance","floor":4},{"not_picked":["Heavy Blade","Burning Pact"],"picked":"Sword Boomerang","floor":5},{"not_picked":["Clothesline","Warcry"],"picked":"Body Slam","floor":7},{"not_picked":["Thunderclap","Combust"],"picked":"Body Slam","floor":10},{"not_picked":["Demon Form","Twin Strike"],"picked":"Shockwave","floor":11},{"not_picked":["Evolve","Perfected Strike"],"picked":"Shrug It Off","floor":12},{"not_picked":["Thunderclap","Reckless Charge"],"picked":"Anger","floor":13},{"not_picked":["Combust","Wild Strike"],"picked":"Thunderclap","floor":14},{"not_picked":["Impervious","Berserk"],"picked":"Limit Break","floor":16},{"not_picked":["Anger","Shrug It Off"],"picked":"Disarm","floor":18},{"not_picked":["Flex","Twin Strike"],"picked":"Battle Trance","floor":19},{"not_picked":["Havoc","Clothesline"],"picked":"Fire Breathing","floor":25},{"not_picked":["Sever Soul","Intimidate"],"picked":"Evolve","floor":28},{"not_picked":["Warcry","Pommel Strike"],"picked":"Feel No Pain","floor":31},{"not_picked":["Limit Break","Bludgeon"],"picked":"Offering","floor":33},{"not_picked":["Second Wind","Body Slam"],"picked":"Shrug It Off","floor":35},{"not_picked":["Flex","Body Slam"],"picked":"Thunderclap","floor":39},{"not_picked":["Inflame","Cleave"],"picked":"Entrench","floor":41},{"not_picked":["Body Slam","Clash"],"picked":"Flame Barrier","floor":46}],"player_experience":536721,"potions_floor_usage":[10,14,21,30,31,44,50,50,50],"damage_taken":[{"damage":1,"enemies":"Cultist","floor":1,"turns":4},{"damage":10,"enemies":"Small Slimes","floor":2,"turns":4},{"damage":7,"enemies":"Jaw Worm","floor":3,"turns":3},{"damage":17,"enemies":"Lots of Slimes","floor":4,"turns":5},{"damage":22,"enemies":"Exordium Thugs","floor":5,"turns":4},{"damage":7,"enemies":"Looter","floor":7,"turns":3},{"damage":4,"enemies":"Red Slaver","floor":10,"turns":4},{"damage":11,"enemies":"Blue Slaver","floor":11,"turns":3},{"damage":9,"enemies":"Looter","floor":12,"turns":3},{"damage":3,"enemies":"Gremlin Gang","floor":13,"turns":3},{"damage":13,"enemies":"Gremlin Nob","floor":14,"turns":3},{"damage":12,"enemies":"Hexaghost","floor":16,"turns":7},{"damage":13,"enemies":"Chosen","floor":18,"turns":5},{"damage":20,"enemies":"Shell Parasite","floor":19,"turns":5},{"damage":10,"enemies":"Cultist and Chosen","floor":21,"turns":5},{"damage":7,"enemies":"Gremlin Leader","floor":24,"turns":5},{"damage":12,"enemies":"Snake Plant","floor":25,"turns":4},{"damage":19,"enemies":"Book of Stabbing","floor":28,"turns":6},{"damage":57,"enemies":"Slavers","floor":30,"turns":6},{"damage":0,"enemies":"3 Cultists","floor":31,"turns":4},{"damage":47,"enemies":"Collector","floor":33,"turns":7},{"damage":24,"enemies":"3 Darklings","floor":35,"turns":5},{"damage":12,"enemies":"3 Shapes","floor":39,"turns":5},{"damage":12,"enemies":"Spire Growth","floor":41,"turns":4},{"damage":19,"enemies":"Giant Head","floor":44,"turns":6},{"damage":10,"enemies":"4 Shapes","floor":46,"turns":6},{"damage":4,"enemies":"Sphere and 2 Shapes","floor":47,"turns":5},{"damage":11,"enemies":"Donu and Deca","floor":50,"turns":6}],"event_choices":[{"event_name":"Tomb of Lord Red Mask","player_choice":"Ignored","floor":36,"damage_taken":0},{"event_name":"Bonfire Elementals","player_choice":"UNCOMMON","floor":37,"damage_taken":0},{"event_name":"Match and Keep!","player_choice":"1 cards matched","floor":48,"damage_taken":0}],"boss_relics":[{"not_picked":["Velvet Choker","Runic Pyramid"],"picked":"Runic Dome"},{"not_picked":["Black Star","Sozu"],"picked":"Mark of Pain"}],"potions_floor_spawned":[1,4,12,14,21,24,30,31,33,44,46,47],"seed_played":"-247430232265749131","ascension_level":13,"is_trial":false}