{"gold_per_floor":[115,190,190,201,29,40,68,68,116,116,132,165,165,175,175,278,278,292,292,292,277,287,287,287,7,7,19,19,37,37,62,62,162,162,182,201,301,301,0,0,13,13,13,13,13,13,13,13,13,13],"floor_reached":51,"playtime":1841,"items_purged":["Strike_R","Strike_R"],"score":1038,"play_id":"c43f8d69-c11f-4471-8783-06a6e32fe584","local_time":"20190227141158","is_ascension_mode":true,"campfire_choices":[{"data":"Bash","floor":10,"key":"SMITH"},{"data":"Armaments","floor":13,"key":"SMITH"},{"floor":15,"key":"REST"},{"data":"Whirlwind","floor":23,"key":"SMITH"},{"data":"Pommel Strike","floor":28,"key":"SMITH"},{"floor":30,"key":"REST"},{"floor":32,"key":"REST"},{"data":"Demon Form","floor":40,"key":"SMITH"},{"data":"Rage","floor":42,"key":"SMITH"},{"data":"Battle Trance","floor":45,"key":"SMITH"},{"floor":49,"key":"REST"}],"neow_cost":"NONE","seed_source_timestamp":1067804252202146,"circlet_count":0,"master_deck":["AscendersBane","Defend_R","Defend_R","Defend_R","Bash+1","Demon Form+1","Twin Strike","Pommel Strike+1","Feed","Twin Strike","Armaments+1","Whirlwind+1","Feed","Metallicize+1","Rage+1","Shrug It Off+1","Battle Trance+1","Immolate","Rampage+1","Clash+1","Pommel Strike+1","Feel No Pain+1","Intimidate+1","Swift Strike+1"],"relics":["Burning Blood","Potion Belt","Lantern","Self Forming Clay","Philosopher\u0027s Stone","MutagenicStrength","Blue Candle","Bottled Lightning","Astrolabe","Torii","Pantograph","Molten Egg 2"],"potions_floor_usage":[7,12,12,16,16,29,31,33,33,37,50,50,50,50],"damage_taken":[{"damage":8,"enemies":"Small Slimes","floor":1,"turns":5},{"damage":6,"enemies":"2 Louse","floor":4,"turns":4},{"damage":12,"enemies":"Jaw Worm","floor":6,"turns":3},{"damage":26,"enemies":"Lagavulin","floor":7,"turns":6},{"damage":13,"enemies":"3 Louse","floor":11,"turns":4},{"damage":23,"enemies":"Gremlin Nob","floor":12,"turns":4},{"damage":7,"enemies":"Exordium Wildlife","floor":14,"turns":4},{"damage":64,"enemies":"Hexaghost","floor":16,"turns":8},{"damage":19,"enemies":"Shell Parasite","floor":18,"turns":4},{"damage":7,"enemies":"2 Thieves","floor":21,"turns":4},{"damage":21,"enemies":"Snake Plant","floor":22,"turns":3},{"damage":1,"enemies":"Centurion and Healer","floor":27,"turns":6},{"damage":16,"enemies":"Snecko","floor":29,"turns":4},{"damage":25,"enemies":"Slavers","floor":31,"turns":7},{"damage":20,"enemies":"Champ","floor":33,"turns":8},{"damage":0,"enemies":"Orb Walker","floor":35,"turns":3},{"damage":20,"enemies":"3 Shapes","floor":36,"turns":1},{"damage":16,"enemies":"Mind Bloom Boss Battle","floor":37,"turns":5},{"damage":13,"enemies":"Maw","floor":41,"turns":7},{"damage":58,"enemies":"Donu and Deca","floor":50,"turns":7}],"seed_played":"12755577776211799","potions_obtained":[{"floor":7,"key":"Dexterity Potion"},{"floor":11,"key":"PowerPotion"},{"floor":14,"key":"BloodPotion"},{"floor":27,"key":"SpeedPotion"},{"floor":31,"key":"SpeedPotion"},{"floor":33,"key":"Energy Potion"},{"floor":36,"key":"Strength Potion"},{"floor":37,"key":"Fire Potion"}],"is_trial":false,"path_per_floor":["M","?","?","M","$","M","E","?","T","R","M","E","R","M","R","B",null,"M","?","?","M","M","R","?","$","T","M","R","M","R","E","R","B",null,"M","M","?","?","$","R","M","R","T","$","R","?","?","$","R","B",null],"character_chosen":"IRONCLAD","items_purchased":["Dexterity Potion","Dexterity Potion","Block Potion","GamblersBrew","Poison Potion","Pantograph","Weak Potion"],"campfire_rested":4,"item_purchase_floors":[5,5,25,25,25,39,39],"current_hp_per_floor":[70,59,52,52,52,46,26,52,52,52,48,35,35,37,64,15,71,58,58,58,60,45,45,45,45,45,53,53,43,71,52,80,70,93,102,88,78,78,78,78,71,71,71,71,71,71,71,71,101,51],"gold":13,"neow_bonus":"ONE_RANDOM_RARE_CARD","is_prod":false,"is_daily":false,"chose_seed":false,"campfire_upgraded":7,"win_rate":0,"timestamp":1551273118,"path_taken":["M","?","?","M","$","M","E","?","T","R","M","E","R","M","R","BOSS","M","?","?","M","M","R","?","$","T","M","R","M","R","E","R","BOSS","M","M","?","?","$","R","M","R","T","$","R","?","?","?","R","BOSS"],"build_version":"2019-01-23","purchased_purges":2,"victory":true,"max_hp_per_floor":[80,80,80,80,80,80,80,80,80,80,83,87,87,90,90,90,90,90,90,90,93,93,93,93,93,93,96,96,96,96,96,96,100,100,103,103,103,103,103,103,103,103,103,103,103,103,103,103,103,103],"card_choices":[{"not_picked":["Armaments","Ghostly Armor"],"picked":"Twin Strike","floor":1},{"not_picked":["Perfected Strike","Clash"],"picked":"Pommel Strike","floor":4},{"not_picked":["Cleave","Second Wind"],"picked":"Feed","floor":6},{"not_picked":["Headbutt","Spot Weakness"],"picked":"Twin Strike","floor":7},{"not_picked":["Combust","Clothesline"],"picked":"Armaments","floor":11},{"not_picked":["Second Wind","Headbutt","Dual Wield"],"picked":"SKIP","floor":12},{"not_picked":["Thunderclap","Anger"],"picked":"Whirlwind","floor":14},{"not_picked":["Barricade","Brutality"],"picked":"Feed","floor":16},{"not_picked":["Flame Barrier","Infernal Blade"],"picked":"Metallicize+1","floor":18},{"not_picked":["Armaments","Flex"],"picked":"Shrug It Off+1","floor":21},{"not_picked":["Twin Strike","Whirlwind","Body Slam"],"picked":"SKIP","floor":22},{"not_picked":["Warcry","Sword Boomerang","Body Slam+1"],"picked":"SKIP","floor":27},{"not_picked":["Twin Strike","Bloodletting","Thunderclap"],"picked":"SKIP","floor":29},{"not_picked":["Headbutt","Heavy Blade+1"],"picked":"Battle Trance","floor":31},{"not_picked":["Demon Form","Berserk"],"picked":"Immolate","floor":33},{"not_picked":["Armaments","Flex","Power Through+1"],"picked":"SKIP","floor":35},{"not_picked":["Rupture","Armaments"],"picked":"Feel No Pain+1","floor":36},{"not_picked":["Inflame","Clash"],"picked":"Intimidate+1","floor":37},{"not_picked":["Havoc","Fire Breathing+1","Thunderclap+1"],"picked":"SKIP","floor":41},{"not_picked":["Sadistic Nature","Master of Strategy"],"picked":"Swift Strike+1","floor":46}],"player_experience":596640,"relics_obtained":[{"floor":7,"key":"Potion Belt"},{"floor":9,"key":"Lantern"},{"floor":12,"key":"Self Forming Clay"},{"floor":26,"key":"Blue Candle"},{"floor":31,"key":"Bottled Lightning"},{"floor":37,"key":"Torii"},{"floor":43,"key":"Molten Egg 2"}],"event_choices":[{"damage_healed":0,"gold_gain":75,"player_choice":"Gather Gold","damage_taken":11,"max_hp_gain":0,"max_hp_loss":0,"event_name":"World of Goop","floor":2,"gold_loss":0},{"cards_removed":["Strike_R"],"damage_healed":0,"gold_gain":0,"player_choice":"Card Removal","damage_taken":7,"max_hp_gain":0,"max_hp_loss":0,"event_name":"Golden Wing","floor":3,"gold_loss":0},{"damage_healed":26,"gold_gain":0,"player_choice":"Banana","damage_taken":0,"max_hp_gain":0,"max_hp_loss":0,"event_name":"Big Fish","floor":8,"gold_loss":0},{"damage_healed":0,"gold_gain":0,"player_choice":"Inject Mutagens","damage_taken":0,"relics_obtained":["MutagenicStrength"],"max_hp_gain":0,"max_hp_loss":0,"event_name":"Drug Dealer","floor":19,"gold_loss":0},{"damage_healed":0,"gold_gain":0,"player_choice":"Read","damage_taken":0,"max_hp_gain":0,"max_hp_loss":0,"event_name":"The Library","floor":20,"gold_loss":0,"cards_obtained":["Rage"]},{"damage_healed":0,"gold_gain":0,"player_choice":"Ignored","damage_taken":0,"max_hp_gain":0,"max_hp_loss":0,"event_name":"Ghosts","floor":24,"gold_loss":0},{"damage_healed":0,"gold_gain":0,"player_choice":"Fight","damage_taken":0,"max_hp_gain":0,"max_hp_loss":0,"event_name":"MindBloom","floor":37,"gold_loss":0},{"damage_healed":0,"gold_gain":0,"player_choice":"Ignored","damage_taken":0,"max_hp_gain":0,"max_hp_loss":0,"event_name":"Tomb of Lord Red Mask","floor":38,"gold_loss":0},{"damage_healed":0,"gold_gain":0,"player_choice":"Memory 1","damage_taken":0,"max_hp_gain":0,"max_hp_loss":0,"event_name":"SensoryStone","floor":46,"gold_loss":0},{"damage_healed":0,"gold_gain":0,"player_choice":"Ignored","damage_taken":0,"max_hp_gain":0,"max_hp_loss":0,"event_name":"Mysterious Sphere","floor":47,"gold_loss":0}],"is_beta":false,"boss_relics":[{"not_picked":["Calling Bell","Busted Crown"],"picked":"Philosopher\u0027s Stone"},{"not_picked":["Runic Pyramid","Tiny House"],"picked":"Astrolabe"}],"items_purged_floors":[5,25],"is_endless":false,"potions_floor_spawned":[7,11,14,27,31,33,36,37],"ascension_level":11}