{"gold_per_floor":[113,129,129,129,141,141,174,174,174,99,99,99,113,143,143,248,248,260,260,260,360,370,370,290,290,317,61,61,80,80,96,96,201,201,201,201,201,201,201,234,234,259,259,259,259,259,139,139,139,139],"floor_reached":51,"playtime":769,"items_purged":["Defend_R","Defend_R","Strike_R","Doubt"],"score":930,"play_id":"bede92ad-f767-43c2-bf5f-1d28394dc74b","local_time":"20190226122956","is_ascension_mode":false,"campfire_choices":[{"data":"Inflame","floor":6,"key":"SMITH"},{"data":"Uppercut","floor":8,"key":"SMITH"},{"data":"True Grit","floor":12,"key":"SMITH"},{"data":"Whirlwind","floor":15,"key":"SMITH"},{"data":"Limit Break","floor":23,"key":"SMITH"},{"data":"Battle Trance","floor":25,"key":"SMITH"},{"data":"Bash","floor":28,"key":"SMITH"},{"data":"Defend_R","floor":30,"key":"SMITH"},{"data":"Strike_R","floor":32,"key":"SMITH"},{"floor":41,"key":"RECALL"}],"neow_cost":"PERCENT_DAMAGE","seed_source_timestamp":2863672539002,"circlet_count":0,"master_deck":["Strike_R+1","Defend_R+1","Bash+1","Shockwave+1","Sword Boomerang+1","True Grit+1","Inflame+1","Battle Trance+1","Whirlwind+1","Limit Break+1","Disarm+1"],"relics":["Burning Blood","Blue Candle","Anchor","Omamori","Cursed Key","Necronomicon","Torii","The Courier","Vajra","Chemical X","Coffee Dripper","Darkstone Periapt","Bag of Preparation"],"potions_floor_usage":[7,16,16,21,21],"damage_taken":[{"damage":0,"enemies":"Small Slimes","floor":1,"turns":3},{"damage":1,"enemies":"Cultist","floor":2,"turns":4},{"damage":7,"enemies":"2 Louse","floor":5,"turns":5},{"damage":19,"enemies":"Lagavulin","floor":7,"turns":7},{"damage":0,"enemies":"Looter","floor":13,"turns":2},{"damage":21,"enemies":"3 Sentries","floor":14,"turns":7},{"damage":0,"enemies":"Slime Boss","floor":16,"turns":7},{"damage":0,"enemies":"Shell Parasite","floor":18,"turns":4},{"damage":4,"enemies":"Colosseum Slavers","floor":21,"turns":2},{"damage":0,"enemies":"Colosseum Nobs","floor":21,"turns":2},{"damage":0,"enemies":"2 Thieves","floor":22,"turns":2},{"damage":0,"enemies":"Centurion and Healer","floor":29,"turns":2},{"damage":0,"enemies":"Snecko","floor":31,"turns":2},{"damage":14,"enemies":"Champ","floor":33,"turns":4},{"damage":0,"enemies":"Orb Walker","floor":35,"turns":1},{"damage":0,"enemies":"3 Darklings","floor":36,"turns":1},{"damage":0,"enemies":"Giant Head","floor":40,"turns":3},{"damage":0,"enemies":"Reptomancer","floor":42,"turns":2},{"damage":24,"enemies":"Awakened One","floor":50,"turns":4}],"seed_played":"4217688149143147779","potions_obtained":[{"floor":1,"key":"Energy Potion"},{"floor":13,"key":"EssenceOfSteel"},{"floor":14,"key":"Block Potion"},{"floor":16,"key":"BloodPotion"},{"floor":18,"key":"Strength Potion"},{"floor":21,"key":"Swift Potion"},{"floor":22,"key":"Block Potion"},{"floor":31,"key":"EssenceOfSteel"}],"is_trial":false,"path_per_floor":["M","M","?","?","M","R","E","R","T","$","?","R","M","E","R","B",null,"M","?","?","?","M","R","$","R","T","$","R","M","R","M","R","B",null,"M","M","?","?","?","E","R","E","T","R","T","?","$","?","R","B",null],"character_chosen":"IRONCLAD","items_purchased":["Chemical X"],"campfire_rested":0,"item_purchase_floors":[27],"current_hp_per_floor":[62,67,72,72,71,71,58,58,58,58,41,41,47,32,32,38,85,85,85,69,85,85,85,85,85,85,85,85,85,85,85,85,77,85,85,85,85,81,81,81,81,81,81,81,81,87,87,87,87,69],"gold":139,"neow_bonus":"REMOVE_TWO","is_prod":false,"is_daily":false,"chose_seed":false,"campfire_upgraded":9,"win_rate":0,"timestamp":1551205796,"path_taken":["M","M","?","?","?","R","E","R","T","$","?","R","M","E","R","BOSS","M","?","?","?","?","R","$","R","T","?","R","M","R","?","R","BOSS","M","M","?","?","?","E","R","E","T","R","?","?","$","?","R","BOSS"],"build_version":"2019-01-23","purchased_purges":4,"victory":true,"max_hp_per_floor":[80,80,85,85,85,85,85,85,85,85,85,85,85,85,85,85,85,85,85,85,85,85,85,85,85,85,85,85,85,85,85,85,85,85,85,85,85,81,81,81,81,81,81,81,81,87,87,87,87,87],"card_choices":[{"not_picked":["Intimidate","Thunderclap"],"picked":"Shockwave","floor":1},{"not_picked":["Clash","Havoc"],"picked":"Sword Boomerang","floor":2},{"not_picked":["Entrench","Thunderclap"],"picked":"Inflame","floor":5},{"not_picked":["Shrug It Off","Juggernaut"],"picked":"Uppercut","floor":7},{"not_picked":["Clothesline","True Grit"],"picked":"Battle Trance","floor":13},{"not_picked":["True Grit","Dual Wield"],"picked":"Whirlwind","floor":14},{"not_picked":["Exhume","Offering"],"picked":"Limit Break","floor":16},{"not_picked":["Infernal Blade","Warcry"],"picked":"Disarm+1","floor":18},{"not_picked":["Cleave","Infernal Blade","Clothesline"],"picked":"SKIP","floor":22},{"not_picked":["Clash","Heavy Blade","Clothesline+1"],"picked":"SKIP","floor":29},{"not_picked":["Cleave","Armaments","Pommel Strike"],"picked":"SKIP","floor":31},{"not_picked":["Seeing Red+1","Perfected Strike+1","True Grit+1"],"picked":"SKIP","floor":35},{"not_picked":["Armaments+1","Flex","Carnage+1"],"picked":"SKIP","floor":36},{"not_picked":["Body Slam","Metallicize+1","True Grit+1"],"picked":"SKIP","floor":40},{"not_picked":["Perfected Strike","Twin Strike","Warcry+1"],"picked":"SKIP","floor":42}],"player_experience":931180,"relics_obtained":[{"floor":7,"key":"Blue Candle"},{"floor":9,"key":"Anchor"},{"floor":14,"key":"Omamori"},{"floor":20,"key":"Necronomicon"},{"floor":21,"key":"Torii"},{"floor":21,"key":"The Courier"},{"floor":26,"key":"Vajra"},{"floor":40,"key":"Darkstone Periapt"},{"floor":42,"key":"Bag of Preparation"}],"event_choices":[{"damage_healed":0,"gold_gain":0,"player_choice":"Donut","damage_taken":0,"max_hp_gain":5,"max_hp_loss":0,"event_name":"Big Fish","floor":3,"gold_loss":0},{"damage_healed":0,"gold_gain":0,"cards_transformed":["Strike_R"],"player_choice":"Transformed","damage_taken":0,"max_hp_gain":0,"max_hp_loss":0,"event_name":"Transmorgrifier","floor":4,"gold_loss":0,"cards_obtained":["True Grit"]},{"damage_healed":0,"gold_gain":0,"player_choice":"Entered Light","damage_taken":17,"max_hp_gain":0,"max_hp_loss":0,"event_name":"Shining Light","floor":11,"gold_loss":0,"cards_upgraded":["Sword Boomerang","Shockwave"]},{"cards_removed":["Strike_R"],"damage_healed":0,"gold_gain":0,"player_choice":"Elegance","damage_taken":0,"max_hp_gain":0,"max_hp_loss":0,"event_name":"Back to Basics","floor":19,"gold_loss":0},{"damage_healed":0,"gold_gain":0,"player_choice":"Obtained Book","damage_taken":16,"max_hp_gain":0,"max_hp_loss":0,"event_name":"Cursed Tome","floor":20,"gold_loss":0},{"damage_healed":0,"gold_gain":0,"player_choice":"Fight","damage_taken":0,"max_hp_gain":0,"max_hp_loss":0,"event_name":"Colosseum","floor":21,"gold_loss":0},{"damage_healed":0,"gold_gain":0,"player_choice":"Fought Nobs","damage_taken":0,"max_hp_gain":0,"max_hp_loss":0,"event_name":"Colosseum","floor":21,"gold_loss":0},{"cards_removed":["Uppercut"],"damage_healed":0,"gold_gain":0,"player_choice":"Removed Attack","damage_taken":0,"max_hp_gain":0,"max_hp_loss":0,"event_name":"Falling","floor":37,"gold_loss":0},{"damage_healed":0,"gold_gain":0,"player_choice":"Max HP","damage_taken":0,"max_hp_gain":0,"max_hp_loss":4,"event_name":"Winding Halls","floor":38,"gold_loss":0},{"damage_healed":0,"gold_gain":0,"player_choice":"Memory 1","damage_taken":0,"max_hp_gain":0,"max_hp_loss":0,"event_name":"SensoryStone","floor":39,"gold_loss":0},{"damage_healed":0,"gold_gain":0,"player_choice":"Heal","damage_taken":0,"max_hp_gain":0,"max_hp_loss":0,"event_name":"MindBloom","floor":46,"gold_loss":0,"cards_obtained":["Doubt"]},{"damage_healed":0,"gold_gain":0,"player_choice":"Ignored","damage_taken":0,"max_hp_gain":0,"max_hp_loss":0,"event_name":"Mysterious Sphere","floor":48,"gold_loss":0}],"is_beta":false,"boss_relics":[{"not_picked":["Pandora\u0027s Box","Fusion Hammer"],"picked":"Cursed Key"},{"not_picked":["Astrolabe","Snecko Eye"],"picked":"Coffee Dripper"}],"items_purged_floors":[10,24,27,47],"is_endless":false,"potions_floor_spawned":[1,13,14,16,18,21,22,31,40,42],"ascension_level":0}