{"gold_per_floor":[113,124,199,216,235,235,255,281,281,301,301,333,395,415,415,515,515,529,529,16,115,132,132],"floor_reached":23,"playtime":1671,"items_purged":["Strike_B"],"score":325,"play_id":"b00c575c-32a9-4df4-8618-dee2f36d7051","local_time":"20190204140818","is_ascension_mode":true,"campfire_choices":[{"floor":6,"key":"REST"},{"floor":15,"key":"REST"}],"neow_cost":"NONE","seed_source_timestamp":1179341265343430,"circlet_count":0,"master_deck":["AscendersBane","Strike_B","Strike_B","Strike_B","Defend_B","Defend_B","Defend_B","Defend_B","Zap","Dualcast","FTL","Rip and Tear","Steam","Go for the Eyes","Ball Lightning","Seek","Self Repair","Cold Snap","Blizzard","Echo Form","Capacitor","Capacitor"],"relics":["Cracked Core","Potion Belt","Cables","Bag of Marbles","Emotion Chip","Cursed Key","Boot","Toxic Egg 2","Lantern"],"potions_floor_usage":[8,12,23],"damage_taken":[{"damage":0,"enemies":"Small Slimes","floor":1,"turns":4},{"damage":4,"enemies":"Jaw Worm","floor":2,"turns":3},{"damage":8,"enemies":"2 Louse","floor":4,"turns":2},{"damage":13,"enemies":"Large Slime","floor":5,"turns":5},{"damage":3,"enemies":"Blue Slaver","floor":7,"turns":3},{"damage":10,"enemies":"3 Sentries","floor":8,"turns":7},{"damage":0,"enemies":"3 Louse","floor":10,"turns":3},{"damage":24,"enemies":"Lagavulin","floor":12,"turns":4},{"damage":28,"enemies":"3 Sentries","floor":13,"turns":6},{"damage":0,"enemies":"Red Slaver","floor":14,"turns":3},{"damage":29,"enemies":"The Guardian","floor":16,"turns":10},{"damage":4,"enemies":"3 Byrds","floor":18,"turns":4},{"damage":20,"enemies":"Shell Parasite","floor":22,"turns":3},{"damage":63,"enemies":"Slavers","floor":23,"turns":4}],"seed_played":"-7114300348659124777","potions_obtained":[{"floor":4,"key":"FocusPotion"},{"floor":5,"key":"EssenceOfSteel"},{"floor":10,"key":"Energy Potion"},{"floor":13,"key":"Energy Potion"},{"floor":16,"key":"FearPotion"},{"floor":22,"key":"Energy Potion"}],"is_trial":false,"path_per_floor":["M","M","?","M","M","R","M","E","T","M","?","E","?","M","R","B",null,"M","?","$","?","M","E"],"character_chosen":"DEFECT","items_purchased":["Toxic Egg 2","Capacitor","Lantern"],"campfire_rested":2,"item_purchase_floors":[20,20,20],"current_hp_per_floor":[75,71,60,52,39,63,60,50,50,50,50,33,12,19,43,21,67,70,70,70,70,57,0],"gold":132,"neow_bonus":"TEN_PERCENT_HP_BONUS","is_prod":false,"is_daily":false,"chose_seed":false,"campfire_upgraded":0,"win_rate":0,"timestamp":1549318098,"path_taken":["M","M","?","M","M","R","M","E","T","M","?","E","?","M","R","BOSS","M","?","$","?","?","E"],"build_version":"2019-01-23","purchased_purges":1,"victory":false,"max_hp_per_floor":[82,82,82,82,82,82,82,82,82,82,82,82,82,82,82,82,82,82,82,82,82,82,82],"card_choices":[{"not_picked":["Stack","Loop"],"picked":"FTL","floor":1},{"not_picked":["Static Discharge","Stack"],"picked":"Rip and Tear","floor":2},{"not_picked":["Scrape","Barrage"],"picked":"Steam","floor":4},{"not_picked":["Fusion","Glacier"],"picked":"Go for the Eyes","floor":5},{"not_picked":["Conserve Battery","Loop"],"picked":"Ball Lightning","floor":7},{"not_picked":["Beam Cell","Coolheaded"],"picked":"Seek","floor":8},{"not_picked":["Hologram","Streamline"],"picked":"Self Repair","floor":10},{"not_picked":["Redo","Heatsinks","Self Repair"],"picked":"SKIP","floor":12},{"not_picked":["Fusion","Ball Lightning"],"picked":"Cold Snap","floor":13},{"not_picked":["Gash","Force Field"],"picked":"Blizzard","floor":14},{"not_picked":["Buffer","Rainbow"],"picked":"Echo Form","floor":16},{"not_picked":["Streamline","Steam Power","Heatsinks"],"picked":"SKIP","floor":18},{"not_picked":["Sweeping Beam","Chaos+1"],"picked":"Capacitor","floor":22}],"player_experience":744035,"relics_obtained":[{"floor":8,"key":"Potion Belt"},{"floor":9,"key":"Cables"},{"floor":12,"key":"Bag of Marbles"},{"floor":13,"key":"Emotion Chip"}],"event_choices":[{"damage_healed":0,"gold_gain":75,"player_choice":"Gather Gold","damage_taken":11,"max_hp_gain":0,"max_hp_loss":0,"event_name":"World of Goop","floor":3,"gold_loss":0},{"damage_healed":0,"gold_gain":0,"player_choice":"Ignored","damage_taken":0,"max_hp_gain":0,"max_hp_loss":0,"event_name":"Golden Idol","floor":11,"gold_loss":0},{"damage_healed":0,"gold_gain":0,"player_choice":"Searched \u00271\u0027 times","damage_taken":0,"max_hp_gain":0,"max_hp_loss":0,"event_name":"Dead Adventurer","floor":13,"gold_loss":0},{"damage_healed":0,"gold_gain":0,"player_choice":"Opened","damage_taken":0,"relics_obtained":["Boot"],"max_hp_gain":0,"max_hp_loss":0,"event_name":"The Mausoleum","floor":19,"gold_loss":0},{"damage_healed":0,"gold_gain":99,"player_choice":"Stole From Cult","damage_taken":0,"max_hp_gain":0,"max_hp_loss":0,"event_name":"Nest","floor":21,"gold_loss":0}],"is_beta":true,"boss_relics":[{"not_picked":["Runic Pyramid","Orrery"],"picked":"Cursed Key"}],"items_purged_floors":[20],"is_endless":false,"potions_floor_spawned":[4,5,10,13,16,22],"killed_by":"Slavers","ascension_level":12}