{"path_per_floor":["M","M","M","M","?","R","M","E","T","M","$","M","?","M","R","B",null,"M"],"character_chosen":"THE_SILENT","items_purchased":["Omamori"],"gold_per_floor":[118,137,151,165,165,165,179,205,256,270,51,63,63,82,82,184,184,201],"floor_reached":19,"campfire_rested":0,"playtime":2446,"current_hp_per_floor":[63,63,63,63,63,63,58,53,53,50,50,50,37,37,37,10,53,13],"items_purged":["Parasite"],"gold":201,"score":268,"play_id":"9c4c4e58-d183-46c5-892d-b555450dfbef","is_prod":false,"is_daily":false,"is_ascension_mode":true,"campfire_upgraded":2,"path_taken":["M","M","M","M","?","R","M","E","T","M","$","M","?","?","R","BOSS","M","M"],"build_version":"2018-02-13-BETA1","purchased_purges":1,"victory":false,"master_deck":["Defend_G","Defend_G+1","Defend_G","Defend_G","Defend_G","Strike_G","Strike_G","Strike_G","Strike_G","Strike_G","Survivor+1","Neutralize+1","Flying Knee","Cloak And Dagger+1","Backstab","Backflip","Heel Hook","Blur","PiercingWail","Tactician","Dagger Spray"],"max_hp_per_floor":[70,70,70,70,70,70,70,70,70,70,67,67,67,67,67,67,67,67],"relics":["Ring of the Snake","Bag of Marbles","Lantern","Omamori","White Beast Statue"],"card_choices":[{"not_picked":["Bane","Acrobatics"],"picked":"Flying Knee"},{"not_picked":["Flying Knee","Backflip"],"picked":"Cloak And Dagger"},{"not_picked":["Riddle With Holes","Expertise"],"picked":"Backstab"},{"not_picked":["Predator","Outmaneuver"],"picked":"Backflip"},{"not_picked":["Quick Slash","Poisoned Stab"],"picked":"Heel Hook"},{"not_picked":["Backflip","Dagger Spray"],"picked":"Blur"},{"not_picked":["Endless Agony","Corpse Explosion"],"picked":"PiercingWail"},{"not_picked":["Glass Knife","Venomology"],"picked":"Tactician"},{"not_picked":["All Out Attack","Slice"],"picked":"Dagger Spray"}],"player_experience":177869,"potions_floor_usage":[8,16,16,16,19],"damage_taken":[{"damage":0,"enemies":"2 Louse","floor":1,"turns":3},{"damage":0,"enemies":"Cultist","floor":2,"turns":4},{"damage":0,"enemies":"Jaw Worm","floor":3,"turns":3},{"damage":0,"enemies":"Blue Slaver","floor":4,"turns":5},{"damage":5,"enemies":"Large Slime","floor":7,"turns":7},{"damage":5,"enemies":"3 Sentries","floor":8,"turns":8},{"damage":3,"enemies":"Exordium Thugs","floor":10,"turns":5},{"damage":0,"enemies":"2 Fungi Beasts","floor":12,"turns":3},{"damage":0,"enemies":"3 Louse","floor":14,"turns":2},{"damage":27,"enemies":"Slime Boss","floor":16,"turns":14},{"damage":40,"enemies":"Spheric Guardian","floor":18,"turns":8},{"damage":25,"enemies":"Chosen","floor":19,"turns":4}],"event_choices":[{"event_name":"The Lab","player_choice":"Got Potions","floor":5,"damage_taken":0},{"event_name":"Shining Light","player_choice":"Entered Light","floor":13,"damage_taken":0}],"boss_relics":[{"not_picked":["Snecko Eye","Velvet Choker"],"picked":"White Beast Statue"}],"potions_floor_spawned":[2,7,10,12,18],"seed_played":"7990727168835670738","killed_by":"Chosen","ascension_level":11,"is_trial":false}