{"path_per_floor":["M","M","$","M","?","E","R","M","T","M","R","E","M","M","R","B",null,"M","M","$","M","?","R","M","R","T","E","M","R","E","M","R","B",null,"M","M","$","?","?","R","M","?","T","E","R","$","M","$","R","B"],"character_chosen":"THE_SILENT","items_purchased":["Noxious Fumes","Backflip","Acrobatics","Lee\u0027s Waffle"],"gold_per_floor":[110,120,45,62,62,93,93,103,103,115,115,149,169,182,182,259,259,274,291,18,28,28,28,43,43,43,73,92,92,126,142,142,213,213,225,242,37,37,37,37,51,98,98,127,127,2,20,20,20,20],"floor_reached":51,"campfire_rested":7,"playtime":5834,"current_hp_per_floor":[59,59,59,59,52,13,13,22,22,21,21,24,22,21,54,51,60,46,27,27,18,18,51,38,63,63,43,43,43,28,28,66,52,71,71,71,84,84,69,84,77,41,51,51,94,94,81,81,94,74],"items_purged":["Parasite","Strike_G","Writhe"],"gold":20,"score":1038,"play_id":"4f20bb6f-e67c-4b82-a9bb-d1b348cae06e","is_prod":false,"is_daily":false,"is_ascension_mode":true,"campfire_upgraded":3,"path_taken":["M","M","$","M","?","E","R","M","T","M","R","E","M","?","R","BOSS","M","M","$","M","?","R","?","R","T","E","?","R","E","?","R","BOSS","M","M","$","?","?","R","M","?","T","E","R","$","M","?","R","BOSS"],"build_version":"2018-02-16-BETA2","purchased_purges":3,"victory":true,"master_deck":["Survivor","Neutralize+1","Poisoned Stab","Slice","Masterful Stab","Calculated Gamble","PiercingWail","Terror+1","Tools of the Trade+1","Acrobatics","PiercingWail","Noxious Fumes+1","Backflip+1","Acrobatics","PiercingWail","Backflip","Noxious Fumes+1","Blur","Adrenaline","Caltrops+1","Eviscerate","Deadly Poison","Cloak And Dagger","Prepared","Noxious Fumes+1","Backflip","Acrobatics","Dodge and Roll+1","Madness","Madness","Distraction+1","Escape Plan","Deflect+1"],"max_hp_per_floor":[66,66,63,63,63,63,63,63,63,63,63,63,63,63,63,63,63,63,63,63,63,63,63,63,63,63,63,63,63,77,77,77,77,77,77,77,84,84,84,84,84,84,94,94,94,94,94,94,94,94],"relics":["Ring of the Snake","Regal Pillow","Prayer Wheel","Gambling Chip","Frozen Egg 2","Sozu","Bag of Preparation","Orichalcum","Snake Skull","Mango","Pandora\u0027s Box","Lee\u0027s Waffle","Dead Branch","Pear","Ancient Tea Set"],"card_choices":[{"not_picked":["Dagger Throw","Deflect"],"picked":"Poisoned Stab"},{"not_picked":["Backflip","Quick Slash"],"picked":"Slice"},{"not_picked":["Backflip","Prepared"],"picked":"Masterful Stab"},{"not_picked":["Finisher","Reflex"],"picked":"Calculated Gamble"},{"not_picked":["Eviscerate","Outmaneuver"],"picked":"PiercingWail"},{"not_picked":["Slice","Flying Knee"],"picked":"Terror"},{"not_picked":["Expertise","Blur"],"picked":"Dagger Throw"},{"not_picked":["Acrobatics","Backflip"],"picked":"Tools of the Trade"},{"not_picked":["Dodge and Roll","Choke"],"picked":"Acrobatics"},{"not_picked":["All Out Attack","Quick Slash"],"picked":"PiercingWail"},{"not_picked":["Deflect","Masterful Stab"],"picked":"PiercingWail"},{"not_picked":["Bouncing Flask","Outmaneuver"],"picked":"Backflip"},{"not_picked":["Infinite Blades","Distraction"],"picked":"Noxious Fumes"},{"not_picked":["Eviscerate","Flying Knee"],"picked":"Blur"},{"not_picked":["Phantasmal Killer","Night Terror"],"picked":"Adrenaline"},{"not_picked":["Dagger Spray","Well Laid Plans"],"picked":"Dodge and Roll"},{"not_picked":["Backstab","Prepared"],"picked":"Distraction"},{"not_picked":["Bouncing Flask","Malaise"],"picked":"Escape Plan"},{"not_picked":["Unload","Choke"],"picked":"Deflect"}],"player_experience":695902,"potions_floor_usage":[6,8,12],"damage_taken":[{"damage":0,"enemies":"Cultist","floor":1,"turns":4},{"damage":0,"enemies":"Small Slimes","floor":2,"turns":3},{"damage":0,"enemies":"2 Louse","floor":4,"turns":3},{"damage":39,"enemies":"Gremlin Nob","floor":6,"turns":5},{"damage":0,"enemies":"2 Fungi Beasts","floor":8,"turns":4},{"damage":1,"enemies":"Lots of Slimes","floor":10,"turns":5},{"damage":9,"enemies":"Lagavulin","floor":12,"turns":6},{"damage":2,"enemies":"Gremlin Gang","floor":13,"turns":5},{"damage":1,"enemies":"2 Fungi Beasts","floor":14,"turns":5},{"damage":3,"enemies":"Hexaghost","floor":16,"turns":8},{"damage":14,"enemies":"2 Thieves","floor":18,"turns":5},{"damage":19,"enemies":"Spheric Guardian","floor":19,"turns":7},{"damage":9,"enemies":"Cultist and Chosen","floor":21,"turns":7},{"damage":13,"enemies":"Snecko","floor":24,"turns":6},{"damage":20,"enemies":"Book of Stabbing","floor":27,"turns":7},{"damage":0,"enemies":"Centurion and Healer","floor":28,"turns":5},{"damage":29,"enemies":"Slavers","floor":30,"turns":6},{"damage":0,"enemies":"Snake Plant","floor":31,"turns":4},{"damage":14,"enemies":"Automaton","floor":33,"turns":10},{"damage":0,"enemies":"Flame Bruiser 1 Orb","floor":35,"turns":4},{"damage":0,"enemies":"Orb Walker","floor":36,"turns":3},{"damage":7,"enemies":"Flame Bruiser 2 Orb","floor":41,"turns":5},{"damage":36,"enemies":"Mysterious Sphere","floor":42,"turns":5},{"damage":0,"enemies":"Nemesis","floor":44,"turns":3},{"damage":13,"enemies":"4 Shapes","floor":47,"turns":4},{"damage":20,"enemies":"Donu and Deca","floor":50,"turns":8}],"event_choices":[{"event_name":"Golden Wing","player_choice":"Card Removal","floor":5,"damage_taken":0},{"event_name":"The Mausoleum","player_choice":"Yes","floor":22,"damage_taken":0},{"event_name":"Winding Halls","player_choice":"Embrace Madness","floor":39,"damage_taken":0},{"event_name":"Mysterious Sphere","player_choice":"Fight","floor":42,"damage_taken":0}],"boss_relics":[{"not_picked":["Philosopher\u0027s Stone","Astrolabe"],"picked":"Sozu"},{"not_picked":["Orrery","Velvet Choker"],"picked":"Pandora\u0027s Box"}],"potions_floor_spawned":[4,6,10,14,18,19,21,24,31,44,47],"seed_played":"5184581751988344895","ascension_level":15,"is_trial":false}