{"path_per_floor":["M","$","M","M","?","R","E","M","T","?","E","M","T","$","R","B",null,"M","?","M","?","M","E","$","E","T","R","?","R","M","?","R","B",null,"M","?","M","M","?","E","M","?","T","?","R","E","?","M","R","B"],"character_chosen":"THE_SILENT","items_purchased":["Bag of Preparation","Backflip","Infinite Blades","Dexterity Potion"],"gold_per_floor":[216,141,161,178,178,178,210,222,299,299,328,338,338,1,1,105,105,123,123,140,140,150,176,2,35,35,35,35,35,49,49,49,152,152,170,170,190,209,0,31,44,44,44,92,92,125,125,137,137,137],"floor_reached":51,"campfire_rested":1,"playtime":6866,"current_hp_per_floor":[70,70,70,66,24,45,30,30,30,30,22,21,21,21,21,27,62,55,55,49,49,49,36,36,40,40,40,40,40,37,37,37,61,72,72,72,76,76,76,78,80,70,70,76,76,58,58,66,66,80],"items_purged":["Defend_G","Strike_G","Strike_G"],"gold":137,"play_id":"2b24c4b3-b8cf-41a8-a86d-eb5fbdcc3e88","is_prod":false,"is_daily":false,"is_ascension_mode":true,"campfire_upgraded":6,"path_taken":["M","$","M","M","?","R","E","M","T","?","E","?","?","?","R","BOSS","M","?","M","?","M","E","$","E","T","R","?","R","M","?","R","BOSS","M","?","?","M","?","E","M","?","T","?","R","E","?","M","R","BOSS"],"build_version":"2018-01-25-PROD3","purchased_purges":4,"victory":true,"master_deck":["Survivor","Neutralize","PiercingWail","Noxious Fumes+1","Backflip+1","Backflip","Infinite Blades","Tactician+1","Prepared+1","PiercingWail+1","Flechettes+1","Calculated Gamble","Prepared+1","Outmaneuver+1","Adrenaline","Backflip","Deflect","Predator","Quick Slash","Acrobatics+1","Reflex+1","Noxious Fumes+1","Concentrate+1","Madness","Madness","Caltrops+1","Calculated Gamble","Eviscerate+1"],"max_hp_per_floor":[70,70,70,70,70,70,70,70,70,70,72,74,74,74,74,74,74,74,74,74,74,74,74,74,74,74,74,74,74,76,76,76,76,76,76,76,76,76,76,78,80,80,80,80,80,80,80,80,80,80],"relics":["Ring of the Snake","Pantograph","Matryoshka","Pen Nib","Toolbox","Singing Bowl","Lantern","Bird Faced Urn","Bag of Preparation","Runic Pyramid","Whetstone","Meat on the Bone","Gambling Chip","Pandora\u0027s Box","Red Mask","Darkstone Periapt","Tough Bandages","Torii","Dream Catcher"],"card_choices":[{"not_picked":["Sucker Punch","Bane"],"picked":"PiercingWail"},{"not_picked":["Acrobatics","Bane"],"picked":"Noxious Fumes"},{"not_picked":["Envenom","Deadly Poison"],"picked":"Backflip"},{"not_picked":["Night Terror","Envenom"],"picked":"Tactician"},{"not_picked":["Skewer","Well Laid Plans"],"picked":"Prepared"},{"not_picked":["Crippling Poison","Sucker Punch"],"picked":"PiercingWail"},{"not_picked":["Flying Knee","Dagger Throw"],"picked":"Flechettes"},{"not_picked":["Predator","Malaise"],"picked":"Calculated Gamble"},{"not_picked":["Backflip","Bane"],"picked":"Prepared"},{"not_picked":["Die Die Die","Unload"],"picked":"Adrenaline"},{"not_picked":["Accuracy","Caltrops"],"picked":"Reflex"},{"not_picked":["Quick Slash","Flying Knee"],"picked":"Noxious Fumes"},{"not_picked":["Bane","Deflect"],"picked":"Concentrate"},{"not_picked":["Riddle With Holes","Slice"],"picked":"Caltrops"},{"not_picked":["PiercingWail","Accuracy"],"picked":"Calculated Gamble"},{"not_picked":["Storm of Steel","Deflect"],"picked":"Eviscerate"}],"player_experience":452751,"potions_floor_usage":[11,11,18,20,30,46,46],"damage_taken":[{"damage":0,"enemies":"Small Slimes","floor":1,"turns":4},{"damage":0,"enemies":"2 Louse","floor":3,"turns":4},{"damage":4,"enemies":"Blue Slaver","floor":4,"turns":5},{"damage":15,"enemies":"Lagavulin","floor":7,"turns":9},{"damage":0,"enemies":"2 Fungi Beasts","floor":8,"turns":5},{"damage":25,"enemies":"3 Sentries","floor":11,"turns":7},{"damage":3,"enemies":"3 Louse","floor":12,"turns":6},{"damage":23,"enemies":"Slime Boss","floor":16,"turns":11},{"damage":11,"enemies":"2 Thieves","floor":18,"turns":4},{"damage":10,"enemies":"Chosen","floor":20,"turns":5},{"damage":8,"enemies":"3 Cultists","floor":22,"turns":6},{"damage":17,"enemies":"Slavers","floor":23,"turns":6},{"damage":0,"enemies":"Gremlin Leader","floor":25,"turns":4},{"damage":21,"enemies":"Chosen and Byrds","floor":30,"turns":6},{"damage":7,"enemies":"Automaton","floor":33,"turns":7},{"damage":0,"enemies":"Orb Walker","floor":35,"turns":1},{"damage":0,"enemies":"3 Shapes","floor":37,"turns":3},{"damage":0,"enemies":"Sphere and 2 Shapes","floor":38,"turns":4},{"damage":0,"enemies":"Nemesis","floor":40,"turns":4},{"damage":0,"enemies":"Maw","floor":41,"turns":2},{"damage":0,"enemies":"Mysterious Sphere","floor":44,"turns":3},{"damage":26,"enemies":"2 Orb Walkers","floor":46,"turns":4},{"damage":0,"enemies":"3 Darklings","floor":48,"turns":3},{"damage":0,"enemies":"Time Eater","floor":50,"turns":4}],"event_choices":[{"event_name":"Scrap Ooze","player_choice":"success","floor":5,"damage_taken":42},{"event_name":"Liars Game","player_choice":"disagreed","floor":10,"damage_taken":0},{"event_name":"Vampires","player_choice":"Ignored","floor":19,"damage_taken":0},{"event_name":"Accursed Blacksmith","player_choice":"Forge","floor":21,"damage_taken":0},{"event_name":"Back to Basics","player_choice":"Elegance","floor":28,"damage_taken":0},{"event_name":"Match and Keep!","player_choice":"1 cards matched","floor":31,"damage_taken":0},{"event_name":"Tomb of Lord Red Mask","player_choice":"Paid","floor":39,"damage_taken":0},{"event_name":"Winding Halls","player_choice":"Embrace Madness","floor":42,"damage_taken":0},{"event_name":"Mysterious Sphere","player_choice":"Fight","floor":44,"damage_taken":0},{"event_name":"The Lab","player_choice":"Got Potions","floor":47,"damage_taken":0}],"boss_relics":[{"not_picked":["The Specimen","Runic Dome"],"picked":"Runic Pyramid"},{"not_picked":["Tiny House","Calling Bell"],"picked":"Pandora\u0027s Box"}],"potions_floor_spawned":[7,8,12,18,25,33,40,41,44,46],"seed_played":"2640273208365611179","ascension_level":5,"is_trial":false}