{"gold_per_floor":[119,132,207,222,19,19,19,19,19,19,51,74,74,87,87,188,188,200,200,29,47,47,47,47,47,47,73,83,99,99,116,116,219,219,235,43,54,72,4,4,14,67,67,67,78,78,97,97,97,97],"floor_reached":50,"playtime":5680,"items_purged":["Strike_R","Strike_R"],"score":752,"play_id":"75df8fa1-852d-4d9a-b600-0e0a821e8925","local_time":"20190227134058","is_ascension_mode":true,"campfire_choices":[{"data":"Whirlwind","floor":6,"key":"SMITH"},{"data":"Uppercut","floor":8,"key":"SMITH"},{"data":"Twin Strike","floor":10,"key":"SMITH"},{"data":"Armaments","floor":13,"key":"SMITH"},{"floor":15,"key":"REST"},{"data":"Body Slam","floor":23,"key":"SMITH"},{"floor":25,"key":"REST"},{"data":"Impervious","floor":30,"key":"SMITH"},{"floor":32,"key":"REST"},{"data":"Spot Weakness","floor":40,"key":"SMITH"},{"floor":44,"key":"REST"},{"floor":46,"key":"REST"},{"data":"Shrug It Off","floor":49,"key":"SMITH"}],"neow_cost":"NONE","seed_source_timestamp":1062114619190192,"circlet_count":0,"master_deck":["AscendersBane","Strike_R","Strike_R","Defend_R","Defend_R","Defend_R+1","Defend_R","Bash+1","Whirlwind+1","Twin Strike+1","Uppercut+1","Feel No Pain+1","Shrug It Off","Armaments+1","Spot Weakness+1","Barricade+1","Corruption+1","Impervious+1","Body Slam+1","Flame Barrier","Sentinel","Evolve+1","Shrug It Off+1","Power Through+1","Double Tap","Feel No Pain+1","Armaments+1","Feel No Pain+1","Metallicize+1","Dual Wield+1","Doubt"],"relics":["Burning Blood","Frozen Egg 2","Question Card","Odd Mushroom","Orrery","Self Forming Clay","Dream Catcher","Busted Crown","DollysMirror","Happy Flower","Smiling Mask"],"potions_floor_usage":[11,12,16,16,33,33,50,50],"damage_taken":[{"damage":3,"enemies":"Small Slimes","floor":1,"turns":4},{"damage":0,"enemies":"2 Louse","floor":2,"turns":1},{"damage":9,"enemies":"Jaw Worm","floor":4,"turns":3},{"damage":8,"enemies":"Gremlin Nob","floor":11,"turns":3},{"damage":16,"enemies":"The Mushroom Lair","floor":12,"turns":4},{"damage":18,"enemies":"Large Slime","floor":14,"turns":6},{"damage":37,"enemies":"Slime Boss","floor":16,"turns":7},{"damage":27,"enemies":"Spheric Guardian","floor":18,"turns":7},{"damage":26,"enemies":"Shell Parasite","floor":21,"turns":7},{"damage":20,"enemies":"Gremlin Leader","floor":27,"turns":6},{"damage":13,"enemies":"Sentry and Sphere","floor":28,"turns":6},{"damage":1,"enemies":"Snecko","floor":29,"turns":6},{"damage":14,"enemies":"Centurion and Healer","floor":31,"turns":8},{"damage":24,"enemies":"Collector","floor":33,"turns":12},{"damage":0,"enemies":"3 Darklings","floor":35,"turns":6},{"damage":0,"enemies":"Orb Walker","floor":37,"turns":7},{"damage":0,"enemies":"Maw","floor":38,"turns":10},{"damage":66,"enemies":"Jaw Worm Horde","floor":41,"turns":6},{"damage":19,"enemies":"Spire Growth","floor":45,"turns":8},{"damage":30,"enemies":"Sphere and 2 Shapes","floor":47,"turns":9},{"damage":98,"enemies":"Awakened One","floor":50,"turns":11}],"seed_played":"3428744305417831642","potions_obtained":[{"floor":2,"key":"EssenceOfSteel"},{"floor":11,"key":"SteroidPotion"},{"floor":12,"key":"Strength Potion"},{"floor":28,"key":"Dexterity Potion"},{"floor":29,"key":"Fire Potion"},{"floor":35,"key":"FearPotion"},{"floor":38,"key":"Ancient Potion"},{"floor":41,"key":"BloodPotion"}],"is_trial":false,"path_per_floor":["M","M","?","M","$","R","?","R","T","R","E","?","R","M","R","B",null,"M","?","$","M","?","R","?","R","T","E","M","M","R","M","R","B",null,"M","$","M","M","$","R","M","T","T","R","M","R","M","?","R","B"],"character_chosen":"IRONCLAD","items_purchased":["Feel No Pain","Fire Potion","Evolve+1","DollysMirror","Metallicize+1"],"campfire_rested":5,"item_purchase_floors":[5,5,20,36,39],"current_hp_per_floor":[75,80,69,66,66,66,50,50,50,50,48,38,38,26,50,19,65,44,44,44,24,24,24,24,48,48,34,27,32,32,24,48,30,68,74,74,80,80,80,80,20,20,20,44,31,55,31,80,80,0],"gold":97,"neow_bonus":"TRANSFORM_CARD","is_prod":false,"is_daily":false,"chose_seed":false,"campfire_upgraded":8,"win_rate":0,"timestamp":1551271258,"path_taken":["M","M","?","M","$","R","?","R","T","R","E","?","R","M","R","BOSS","M","?","$","M","?","R","?","R","T","E","M","M","R","M","R","BOSS","M","$","M","M","?","R","M","?","T","R","?","R","M","?","R","BOSS"],"build_version":"2019-01-23","purchased_purges":2,"victory":false,"max_hp_per_floor":[80,80,80,80,80,80,80,80,80,80,80,80,80,80,80,80,80,80,80,80,80,80,80,80,80,80,80,80,80,80,80,80,80,80,80,80,80,80,80,80,80,80,80,80,80,80,80,80,80,80],"card_choices":[{"not_picked":["Clothesline","Thunderclap","Sword Boomerang"],"picked":"SKIP","floor":1},{"not_picked":["Warcry","Heavy Blade"],"picked":"Twin Strike","floor":2},{"not_picked":["Headbutt","Exhume"],"picked":"Uppercut","floor":4},{"not_picked":["Havoc","Headbutt"],"picked":"Shrug It Off","floor":11},{"not_picked":["Iron Wave","Rampage","Perfected Strike"],"picked":"Armaments","floor":12},{"not_picked":["Sever Soul","Power Through","Searing Blow"],"picked":"Spot Weakness","floor":14},{"not_picked":["Brutality+1","Feed","Demon Form+1"],"picked":"Barricade+1","floor":16},{"not_picked":["Armaments","Shrug It Off","Body Slam"],"picked":"Corruption+1","floor":17},{"not_picked":["Shrug It Off","Thunderclap","Headbutt"],"picked":"Impervious","floor":17},{"not_picked":["Seeing Red","Infernal Blade","Armaments"],"picked":"Body Slam","floor":17},{"not_picked":["Evolve+1","Armaments","Cleave"],"picked":"Flame Barrier","floor":17},{"not_picked":["Seeing Red","Pummel","Havoc"],"picked":"Sentinel","floor":17},{"not_picked":["Clash","Blood for Blood","Perfected Strike","Intimidate"],"picked":"SKIP","floor":18},{"not_picked":["Reckless Charge","Clothesline","Cleave"],"picked":"Shrug It Off","floor":21},{"not_picked":["Dropkick","Pommel Strike","Cleave+1","Twin Strike+1"],"picked":"SKIP","floor":27},{"not_picked":["Intimidate","Feed","Hemokinesis","Cleave"],"picked":"SKIP","floor":28},{"not_picked":["Clothesline","Body Slam","Armaments","Heavy Blade+1"],"picked":"SKIP","floor":29},{"not_picked":["Pommel Strike","Shrug It Off+1","Body Slam"],"picked":"Power Through+1","floor":31},{"not_picked":["Feed","Immolate","Limit Break"],"picked":"Double Tap","floor":33},{"not_picked":["Flex+1","Headbutt+1"],"picked":"SKIP","floor":35},{"not_picked":["Infernal Blade"],"picked":"Armaments+1","floor":37},{"not_picked":["Clash+1"],"picked":"Feel No Pain+1","floor":38},{"not_picked":["Ghostly Armor","Body Slam"],"picked":"SKIP","floor":41},{"not_picked":["Seeing Red","Clash+1"],"picked":"SKIP","floor":45},{"not_picked":["Dropkick"],"picked":"Dual Wield+1","floor":46},{"not_picked":["Reckless Charge+1","Dropkick+1"],"picked":"SKIP","floor":47}],"player_experience":590960,"relics_obtained":[{"floor":9,"key":"Frozen Egg 2"},{"floor":11,"key":"Question Card"},{"floor":12,"key":"Odd Mushroom"},{"floor":26,"key":"Self Forming Clay"},{"floor":27,"key":"Dream Catcher"},{"floor":42,"key":"Happy Flower"},{"floor":43,"key":"Smiling Mask"}],"event_choices":[{"damage_healed":0,"gold_gain":75,"player_choice":"Gather Gold","damage_taken":11,"max_hp_gain":0,"max_hp_loss":0,"event_name":"World of Goop","floor":3,"gold_loss":0},{"damage_healed":0,"gold_gain":0,"player_choice":"Entered Light","damage_taken":16,"max_hp_gain":0,"max_hp_loss":0,"event_name":"Shining Light","floor":7,"gold_loss":0,"cards_upgraded":["Defend_R","Bash"]},{"damage_healed":0,"gold_gain":0,"player_choice":"Fought Mushrooms","damage_taken":0,"max_hp_gain":0,"max_hp_loss":0,"event_name":"Mushrooms","floor":12,"gold_loss":0},{"damage_healed":0,"gold_gain":0,"player_choice":"Ignored","damage_taken":0,"max_hp_gain":0,"max_hp_loss":0,"event_name":"Vampires","floor":19,"gold_loss":0},{"damage_healed":0,"gold_gain":0,"player_choice":"Ignored","damage_taken":0,"max_hp_gain":0,"max_hp_loss":0,"event_name":"The Mausoleum","floor":22,"gold_loss":0},{"damage_healed":0,"gold_gain":0,"player_choice":"Forge","damage_taken":0,"max_hp_gain":0,"max_hp_loss":0,"event_name":"Accursed Blacksmith","floor":24,"gold_loss":0,"cards_upgraded":["Feel No Pain"]},{"damage_healed":49,"gold_gain":0,"player_choice":"Heal","damage_taken":0,"max_hp_gain":0,"max_hp_loss":0,"event_name":"MindBloom","floor":48,"gold_loss":0,"cards_obtained":["Doubt"]}],"is_beta":false,"boss_relics":[{"not_picked":["Empty Cage","White Beast Statue"],"picked":"Orrery"},{"not_picked":["Runic Cube","Calling Bell"],"picked":"Busted Crown"}],"items_purged_floors":[5,20],"is_endless":false,"potions_floor_spawned":[2,11,12,28,29,35,38,41],"killed_by":"Awakened One","ascension_level":11}