{"path_per_floor":["M","?","M","M","?","R","?","E","T","E","R","$","R","E","R","B",null,"M","$","M","$","?","R"],"character_chosen":"THE_SILENT","items_purchased":["Thinking Ahead","Footwork","Regen Potion"],"gold_per_floor":[116,116,129,147,222,222,222,249,331,365,365,82,82,107,107,203,203,223,42,53,4,4,4],"floor_reached":24,"campfire_rested":3,"playtime":2437,"current_hp_per_floor":[56,42,40,40,29,50,50,46,46,37,37,37,37,28,63,6,52,12,12,2,2,2,37],"items_purged":["Parasite","Strike_G"],"gold":4,"play_id":"62c12307-4ff7-4b0b-94d7-bec0278cce82","is_prod":false,"is_daily":false,"is_ascension_mode":true,"campfire_upgraded":2,"path_taken":["M","?","?","?","?","R","?","E","T","E","R","$","R","E","R","BOSS","M","$","M","$","?","R","E"],"build_version":"2018-02-01-PROD3","purchased_purges":2,"victory":false,"master_deck":["Defend_G","Defend_G","Defend_G","Defend_G","Defend_G","Strike_G","Strike_G","Strike_G+1","Strike_G","Survivor+1","Neutralize+1","Deadly Poison+1","Endless Agony","Tools of the Trade","Acrobatics","Thinking Ahead+1","Calculated Gamble","Underhanded Strike","Footwork","Blur"],"max_hp_per_floor":[70,70,70,70,70,70,70,70,70,70,70,67,67,67,67,67,67,67,67,67,67,67,67],"relics":["Ring of the Snake","Regal Pillow","Blue Candle","Art of War","Happy Flower","Runic Pyramid"],"card_choices":[{"not_picked":["Poisoned Stab","Skewer"],"picked":"Deadly Poison"},{"not_picked":["Slice","Underhanded Strike"],"picked":"Endless Agony"},{"not_picked":["Bane","Footwork"],"picked":"Tools of the Trade"},{"not_picked":["Bane","Dagger Spray"],"picked":"Acrobatics"},{"not_picked":["Venomology","Blur"],"picked":"Calculated Gamble"},{"not_picked":["Sucker Punch","Slice"],"picked":"Underhanded Strike"},{"not_picked":["Poisoned Stab","Sucker Punch"],"picked":"Blur"}],"player_experience":672325,"potions_floor_usage":[8,14,14,20,24],"damage_taken":[{"damage":7,"enemies":"Cultist","floor":1,"turns":7},{"damage":2,"enemies":"Jaw Worm","floor":3,"turns":4},{"damage":0,"enemies":"Blue Slaver","floor":4,"turns":4},{"damage":4,"enemies":"Gremlin Nob","floor":8,"turns":4},{"damage":9,"enemies":"3 Sentries","floor":10,"turns":11},{"damage":9,"enemies":"Gremlin Nob","floor":14,"turns":4},{"damage":57,"enemies":"Hexaghost","floor":16,"turns":12},{"damage":40,"enemies":"Chosen","floor":18,"turns":7},{"damage":10,"enemies":"Spheric Guardian","floor":20,"turns":7},{"damage":57,"enemies":"Book of Stabbing","floor":24,"turns":7}],"event_choices":[{"event_name":"Shining Light","player_choice":"Entered Light","floor":2,"damage_taken":0},{"event_name":"World of Goop","player_choice":"Gather Gold","floor":5,"damage_taken":0},{"event_name":"Scrap Ooze","player_choice":"unsuccessful","floor":7,"damage_taken":0},{"event_name":"Beggar","player_choice":"Ignored","floor":22,"damage_taken":0}],"boss_relics":[{"not_picked":["Orrery","Tiny House"],"picked":"Runic Pyramid"}],"potions_floor_spawned":[3,8,10,18],"seed_played":"-6853638337788580943","killed_by":"Book of Stabbing","ascension_level":10,"is_trial":false}