{"path_per_floor":["M","?","$","M","?","R","E","R","T","M","M","E","M","?","R","B",null,"M","M","M","$","?","R","E","R","T"],"character_chosen":"IRONCLAD","items_purchased":["Flame Barrier","Bandage Up"],"gold_per_floor":[118,118,2,19,19,19,49,49,49,66,79,107,126,76,76,177,177,192,208,222,29,29,29,57,57,128],"floor_reached":27,"campfire_rested":2,"playtime":2420,"current_hp_per_floor":[80,80,80,70,63,63,13,13,13,19,25,25,27,27,27,28,80,26,24,12,12,12,36,16,40,40],"items_purged":["Strike_R","Strike_R"],"gold":128,"score":277,"play_id":"84209c08-f3ea-47b8-9058-5f7277f2c119","is_prod":false,"is_daily":false,"is_ascension_mode":true,"campfire_upgraded":3,"path_taken":["M","?","$","?","?","R","E","R","T","M","M","E","?","?","R","BOSS","M","M","?","$","?","R","E","R","T","E"],"build_version":"2018-02-22-PROD2","purchased_purges":2,"victory":false,"master_deck":["Defend_R","Defend_R","Defend_R","Defend_R","Bash","Berserk","Warcry","Flame Barrier+1","Body Slam+1","Offering","Headbutt","Ghostly Armor+1","Warcry","Juggernaut","Disarm","Shrug It Off","Shrug It Off","Body Slam","Bandage Up","Evolve+1","Ghostly Armor","Feed"],"max_hp_per_floor":[80,80,80,80,80,80,80,80,80,80,80,80,80,80,80,80,80,80,80,80,80,80,80,80,80,80],"relics":["Burning Blood","Bottled Tornado","Torii","Dream Catcher","Orrery","Bag of Preparation","Frozen Egg 2"],"card_choices":[{"not_picked":["Thunderclap","Feel No Pain"],"picked":"Warcry"},{"not_picked":["True Grit","Ghostly Armor"],"picked":"Body Slam"},{"not_picked":["Blood for Blood","True Grit"],"picked":"Offering"},{"not_picked":["Warcry","Inflame"],"picked":"Headbutt"},{"not_picked":["Uppercut","Rampage"],"picked":"Ghostly Armor"},{"not_picked":["Twin Strike","Cleave"],"picked":"Warcry"},{"not_picked":["Berserk","Demon Form"],"picked":"Juggernaut"},{"not_picked":["Second Wind","Warcry"],"picked":"Disarm"},{"not_picked":["Infernal Blade","Bloodletting"],"picked":"Shrug It Off"},{"not_picked":["Double Tap","Heavy Blade"],"picked":"Shrug It Off"},{"not_picked":["Sword Boomerang","Havoc"],"picked":"Body Slam"},{"not_picked":["Clothesline","Anger"],"picked":"Evolve"},{"not_picked":["Rampage","Rupture"],"picked":"Ghostly Armor"},{"not_picked":["Wild Strike","Combust"],"picked":"Feed"}],"player_experience":119938,"potions_floor_usage":[16,20,24,27],"damage_taken":[{"damage":4,"enemies":"2 Louse","floor":1,"turns":4},{"damage":16,"enemies":"Small Slimes","floor":4,"turns":7},{"damage":56,"enemies":"Lagavulin","floor":7,"turns":12},{"damage":0,"enemies":"Cultist","floor":10,"turns":4},{"damage":0,"enemies":"2 Fungi Beasts","floor":11,"turns":4},{"damage":6,"enemies":"3 Sentries","floor":12,"turns":7},{"damage":4,"enemies":"Blue Slaver","floor":13,"turns":4},{"damage":5,"enemies":"Slime Boss","floor":16,"turns":14},{"damage":60,"enemies":"Chosen","floor":18,"turns":10},{"damage":8,"enemies":"Spheric Guardian","floor":19,"turns":5},{"damage":18,"enemies":"Snecko","floor":20,"turns":5},{"damage":30,"enemies":"Slavers","floor":24,"turns":6},{"damage":52,"enemies":"Gremlin Leader","floor":27,"turns":9}],"event_choices":[{"event_name":"Living Wall","player_choice":"Forget","floor":2,"damage_taken":0},{"event_name":"Golden Wing","player_choice":"Card Removal","floor":5,"damage_taken":0},{"event_name":"The Cleric","player_choice":"Card Removal","floor":14,"damage_taken":0},{"event_name":"Addict","player_choice":"Ignored","floor":22,"damage_taken":0}],"boss_relics":[{"not_picked":["Question Card","Astrolabe"],"picked":"Orrery"}],"potions_floor_spawned":[4,7,10,12,13,24],"seed_played":"-5440565506265897585","killed_by":"Gremlin Leader","ascension_level":3,"is_trial":false}