{"gold_per_floor":[119,130,144,162,162,162,188,188,188,188,200,232,248,266,266,266],"floor_reached":16,"playtime":1133,"items_purged":[],"score":217,"play_id":"4cf9fc60-cc92-4f03-9739-bf8b168b3b3b","local_time":"20190220115931","is_ascension_mode":true,"campfire_choices":[{"data":"Rampage","floor":6,"key":"SMITH"},{"data":"1","floor":8,"key":"LIFT"},{"floor":10,"key":"REST"},{"data":"2","floor":15,"key":"LIFT"}],"neow_cost":"NONE","seed_source_timestamp":50723658489767,"circlet_count":0,"master_deck":["AscendersBane","Strike_R","Strike_R","Strike_R","Strike_R","Strike_R","Defend_R","Defend_R","Defend_R","Defend_R","Bash","Twin Strike","Rampage+1","Evolve","Shockwave+1","Havoc","Shrug It Off","Rage","Headbutt","Corruption"],"relics":["Burning Blood","Centennial Puzzle","Girya","Champion Belt","Letter Opener"],"potions_floor_usage":[7,16,16],"damage_taken":[{"damage":8,"enemies":"Cultist","floor":1,"turns":5},{"damage":13,"enemies":"Small Slimes","floor":2,"turns":5},{"damage":17,"enemies":"Jaw Worm","floor":3,"turns":4},{"damage":21,"enemies":"Exordium Wildlife","floor":4,"turns":5},{"damage":12,"enemies":"Gremlin Nob","floor":7,"turns":4},{"damage":16,"enemies":"Blue Slaver","floor":11,"turns":4},{"damage":17,"enemies":"Lagavulin","floor":12,"turns":7},{"damage":7,"enemies":"Large Slime","floor":13,"turns":5},{"damage":8,"enemies":"Looter","floor":14,"turns":3},{"damage":41,"enemies":"Hexaghost","floor":16,"turns":11}],"seed_played":"-5759308754125599892","potions_obtained":[{"floor":4,"key":"Block Potion"},{"floor":11,"key":"SpeedPotion"},{"floor":12,"key":"Regen Potion"},{"floor":14,"key":"Weak Potion"}],"is_trial":false,"path_per_floor":["M","M","M","M","?","R","E","R","T","R","M","E","M","M","R","B"],"character_chosen":"IRONCLAD","items_purchased":[],"campfire_rested":1,"item_purchase_floors":[],"current_hp_per_floor":[66,59,48,33,33,33,27,27,27,49,39,28,27,25,25,0],"gold":266,"neow_bonus":"RANDOM_COMMON_RELIC","is_prod":false,"is_daily":false,"chose_seed":false,"campfire_upgraded":1,"win_rate":0,"timestamp":1550692771,"path_taken":["M","M","M","M","?","R","E","R","T","R","M","E","M","M","R","BOSS"],"build_version":"2019-01-23","purchased_purges":0,"victory":false,"max_hp_per_floor":[75,75,75,75,75,75,75,75,75,75,75,75,75,75,75,75],"card_choices":[{"not_picked":["Cleave","Thunderclap"],"picked":"Twin Strike","floor":1},{"not_picked":["Clash","Shrug It Off"],"picked":"Rampage","floor":2},{"not_picked":["Body Slam","Sword Boomerang"],"picked":"Evolve","floor":3},{"not_picked":["Sword Boomerang","Thunderclap"],"picked":"Shockwave","floor":4},{"not_picked":["Blood for Blood","Clothesline"],"picked":"Havoc","floor":7},{"not_picked":["Brutality","Clash"],"picked":"Shrug It Off","floor":11},{"not_picked":["Anger","Warcry"],"picked":"Rage","floor":12},{"not_picked":["Flex","Shrug It Off"],"picked":"Headbutt","floor":13},{"not_picked":["Havoc","Sword Boomerang"],"picked":"Corruption","floor":14}],"player_experience":849748,"relics_obtained":[{"floor":7,"key":"Girya"},{"floor":9,"key":"Champion Belt"},{"floor":12,"key":"Letter Opener"}],"event_choices":[{"damage_healed":0,"gold_gain":0,"player_choice":"Grow","damage_taken":0,"max_hp_gain":0,"max_hp_loss":0,"event_name":"Living Wall","floor":5,"gold_loss":0,"cards_upgraded":["Shockwave"]}],"is_beta":false,"boss_relics":[],"items_purged_floors":[],"is_endless":false,"potions_floor_spawned":[4,11,12,14],"killed_by":"Hexaghost","ascension_level":18}