{"gold_per_floor":[119,135,135,151,163,188,199,111,111,111,76,89,101,117,117,188,188,205,205,224,238,238,238],"floor_reached":23,"playtime":1895,"items_purged":[],"score":400,"play_id":"a6aef5e5-548d-4036-aec5-905f9379e03b","local_time":"20190228215937","is_ascension_mode":true,"campfire_choices":[{"data":"Footwork","floor":10,"key":"SMITH"},{"data":"Catalyst","floor":15,"key":"SMITH"}],"neow_cost":"NONE","seed_source_timestamp":42030405109597,"circlet_count":0,"master_deck":["AscendersBane","Defend_G","Defend_G","Defend_G","Defend_G","Defend_G","Strike_G","Strike_G","Strike_G","Strike_G","Strike_G","Survivor","Neutralize","Dagger Spray","Crippling Poison+1","Dash","Crippling Poison","Footwork+1","Backflip","Well Laid Plans","Catalyst+1","Deflect","Corpse Explosion"],"relics":["Ring of the Snake","Pen Nib","Singing Bowl","Runic Pyramid"],"potions_floor_usage":[6,6,12,16,18],"damage_taken":[{"damage":0,"enemies":"Jaw Worm","floor":1,"turns":5},{"damage":1,"enemies":"Cultist","floor":2,"turns":4},{"damage":0,"enemies":"Small Slimes","floor":4,"turns":4},{"damage":15,"enemies":"Red Slaver","floor":5,"turns":4},{"damage":0,"enemies":"Gremlin Nob","floor":6,"turns":3},{"damage":0,"enemies":"2 Fungi Beasts","floor":7,"turns":4},{"damage":2,"enemies":"Lots of Slimes","floor":12,"turns":2},{"damage":9,"enemies":"Looter","floor":13,"turns":3},{"damage":5,"enemies":"Exordium Thugs","floor":14,"turns":6},{"damage":33,"enemies":"Hexaghost","floor":16,"turns":19},{"damage":10,"enemies":"Spheric Guardian","floor":18,"turns":4},{"damage":13,"enemies":"3 Byrds","floor":20,"turns":3},{"damage":36,"enemies":"3 Cultists","floor":21,"turns":5},{"damage":16,"enemies":"Gremlin Leader","floor":23,"turns":2}],"seed_played":"9091552434484240177","potions_obtained":[{"floor":0,"key":"Poison Potion"},{"floor":0,"key":"SkillPotion"},{"floor":1,"key":"Poison Potion"},{"floor":7,"key":"Energy Potion"},{"floor":12,"key":"GhostInAJar"},{"floor":16,"key":"Weak Potion"}],"is_trial":false,"path_per_floor":["M","M","?","M","M","E","M","$","T","R","?","M","M","M","R","B",null,"M","?","M","M","?","E"],"character_chosen":"THE_SILENT","items_purchased":["Well Laid Plans"],"campfire_rested":0,"item_purchase_floors":[8],"current_hp_per_floor":[59,58,58,58,43,43,43,43,43,43,59,59,50,45,45,12,54,46,60,49,15,15,0],"gold":238,"neow_bonus":"THREE_SMALL_POTIONS","is_prod":false,"is_daily":false,"chose_seed":false,"campfire_upgraded":2,"win_rate":0,"timestamp":1551409177,"path_taken":["M","M","?","M","M","E","?","?","T","R","?","M","M","M","R","BOSS","M","?","M","M","?","E"],"build_version":"2019-01-23","purchased_purges":0,"victory":false,"max_hp_per_floor":[66,66,66,66,66,66,66,66,66,66,66,68,68,68,68,68,68,70,70,72,74,74,74],"card_choices":[{"not_picked":["Sucker Punch","All Out Attack"],"picked":"Dagger Spray","floor":1},{"not_picked":["Deflect","Choke"],"picked":"Crippling Poison","floor":2},{"not_picked":["Concentrate","Slice"],"picked":"Dash","floor":4},{"not_picked":["Deflect","Masterful Stab"],"picked":"Crippling Poison","floor":5},{"not_picked":["Blur","Tactician"],"picked":"Footwork","floor":6},{"not_picked":["Finisher","Riddle With Holes"],"picked":"Backflip","floor":7},{"not_picked":["Blur","Dagger Spray","Cloak And Dagger"],"picked":"Singing Bowl","floor":12},{"not_picked":["Acrobatics","Bane"],"picked":"Catalyst","floor":13},{"not_picked":["Infinite Blades","Cloak And Dagger"],"picked":"Deflect","floor":14},{"not_picked":["Phantasmal Killer","Tools of the Trade"],"picked":"Corpse Explosion","floor":16},{"not_picked":["Quick Slash","Skewer","Acrobatics"],"picked":"Singing Bowl","floor":18},{"not_picked":["Blade Dance","Deadly Poison+1","Riddle With Holes"],"picked":"Singing Bowl","floor":20},{"not_picked":["Flechettes","Predator","Riddle With Holes"],"picked":"Singing Bowl","floor":21}],"player_experience":557669,"relics_obtained":[{"floor":6,"key":"Pen Nib"},{"floor":9,"key":"Singing Bowl"}],"event_choices":[{"damage_healed":0,"gold_gain":0,"player_choice":"Got Potions","damage_taken":0,"max_hp_gain":0,"max_hp_loss":0,"event_name":"Lab","floor":3,"gold_loss":0},{"damage_healed":16,"gold_gain":0,"player_choice":"Healed","damage_taken":0,"max_hp_gain":0,"max_hp_loss":0,"event_name":"The Cleric","floor":11,"gold_loss":35},{"damage_healed":14,"gold_gain":0,"player_choice":"Heal","damage_taken":0,"max_hp_gain":0,"max_hp_loss":0,"event_name":"The Library","floor":19,"gold_loss":0},{"damage_healed":0,"gold_gain":0,"player_choice":"Forge","damage_taken":0,"max_hp_gain":0,"max_hp_loss":0,"event_name":"Accursed Blacksmith","floor":22,"gold_loss":0,"cards_upgraded":["Crippling Poison"]}],"is_beta":false,"boss_relics":[{"not_picked":["WristBlade","Runic Dome"],"picked":"Runic Pyramid"}],"items_purged_floors":[],"is_endless":false,"potions_floor_spawned":[1,5,7,12,16],"killed_by":"Gremlin Leader","ascension_level":16}