{"gold_per_floor":[111,125,125,138,103,128,128,161,161,171,190,190,190,203,203,278,278,290,66,66],"floor_reached":20,"playtime":863,"items_purged":[],"score":350,"play_id":"c666b4d6-da7e-44ab-84e3-eb0cfc87654c","local_time":"20190225205018","is_ascension_mode":true,"campfire_choices":[{"data":"Static Discharge","floor":7,"key":"SMITH"},{"floor":13,"key":"REST"},{"data":"Loop","floor":15,"key":"SMITH"}],"neow_cost":"NONE","seed_source_timestamp":18893915800663,"circlet_count":0,"master_deck":["AscendersBane","Strike_B","Strike_B","Strike_B","Defend_B","Defend_B","Defend_B","Defend_B","Zap","Dualcast","Loop+1","Ball Lightning","Genetic Algorithm","Static Discharge+1","Conserve Battery","Chill","Consume","Sweeping Beam+1","Echo Form","Glacier"],"relics":["Cracked Core","NeowsBlessing","Pantograph","Darkstone Periapt","Molten Egg 2","Inserter","Lee\u0027s Waffle"],"potions_floor_usage":[8,10,11,16,20,20],"damage_taken":[{"damage":0,"enemies":"Cultist","floor":1,"turns":1},{"damage":0,"enemies":"Small Slimes","floor":2,"turns":1},{"damage":0,"enemies":"2 Louse","floor":4,"turns":1},{"damage":37,"enemies":"Lagavulin","floor":6,"turns":6},{"damage":27,"enemies":"Gremlin Nob","floor":8,"turns":4},{"damage":3,"enemies":"Large Slime","floor":10,"turns":5},{"damage":3,"enemies":"Looter","floor":11,"turns":2},{"damage":7,"enemies":"2 Fungi Beasts","floor":14,"turns":4},{"damage":18,"enemies":"The Guardian","floor":16,"turns":7},{"damage":40,"enemies":"2 Thieves","floor":18,"turns":5},{"damage":23,"enemies":"Colosseum Slavers","floor":20,"turns":3},{"damage":55,"enemies":"Colosseum Nobs","floor":20,"turns":4}],"seed_played":"2040321757833957431","potions_obtained":[{"floor":2,"key":"Weak Potion"},{"floor":8,"key":"Block Potion"},{"floor":10,"key":"SpeedPotion"},{"floor":11,"key":"Poison Potion"},{"floor":16,"key":"EssenceOfSteel"},{"floor":18,"key":"FearPotion"}],"is_trial":false,"path_per_floor":["M","M","?","M","?","E","R","E","T","M","M","?","R","M","R","B",null,"M","$","?"],"character_chosen":"DEFECT","items_purchased":["Lee\u0027s Waffle"],"campfire_rested":1,"item_purchase_floors":[19],"current_hp_per_floor":[64,64,57,57,71,34,34,7,7,4,1,1,22,15,15,22,59,19,78,0],"gold":66,"neow_bonus":"THREE_ENEMY_KILL","is_prod":false,"is_daily":false,"chose_seed":false,"campfire_upgraded":2,"win_rate":0,"timestamp":1551145818,"path_taken":["M","?","?","M","?","E","R","E","T","M","M","?","R","M","R","BOSS","M","$","?"],"build_version":"2019-01-23","purchased_purges":0,"victory":false,"max_hp_per_floor":[71,71,71,71,71,71,71,71,71,71,71,71,71,71,71,71,71,71,78,78],"card_choices":[{"not_picked":["Coolheaded","Hello World"],"picked":"Loop","floor":1},{"not_picked":["Static Discharge","Hologram"],"picked":"Ball Lightning","floor":2},{"not_picked":["Compile Driver","Hologram"],"picked":"Genetic Algorithm","floor":4},{"not_picked":["Amplify","Heatsinks"],"picked":"Static Discharge","floor":6},{"not_picked":["Reprogram","Reinforced Body"],"picked":"Conserve Battery","floor":8},{"not_picked":["Steam","Go for the Eyes+1"],"picked":"Chill","floor":10},{"not_picked":["Genetic Algorithm","Darkness"],"picked":"Consume","floor":11},{"not_picked":["Heatsinks","Rebound+1"],"picked":"Sweeping Beam+1","floor":14},{"not_picked":["Seek","Core Surge+1"],"picked":"Echo Form","floor":16},{"not_picked":["Leap","Streamline+1"],"picked":"Glacier","floor":18}],"player_experience":551097,"relics_obtained":[{"floor":6,"key":"Pantograph"},{"floor":8,"key":"Darkstone Periapt"},{"floor":9,"key":"Molten Egg 2"}],"event_choices":[{"cards_removed":["Strike_B"],"damage_healed":0,"gold_gain":0,"player_choice":"Card Removal","damage_taken":7,"max_hp_gain":0,"max_hp_loss":0,"event_name":"Golden Wing","floor":3,"gold_loss":0},{"damage_healed":17,"gold_gain":0,"player_choice":"Healed","damage_taken":0,"max_hp_gain":0,"max_hp_loss":0,"event_name":"The Cleric","floor":5,"gold_loss":35},{"damage_healed":0,"gold_gain":0,"player_choice":"Ignored","damage_taken":0,"max_hp_gain":0,"max_hp_loss":0,"event_name":"Liars Game","floor":12,"gold_loss":0},{"damage_healed":0,"gold_gain":0,"player_choice":"Fight","damage_taken":0,"max_hp_gain":0,"max_hp_loss":0,"event_name":"Colosseum","floor":20,"gold_loss":0},{"damage_healed":0,"gold_gain":0,"player_choice":"Fought Nobs","damage_taken":0,"max_hp_gain":0,"max_hp_loss":0,"event_name":"Colosseum","floor":20,"gold_loss":0}],"is_beta":false,"boss_relics":[{"not_picked":["Runic Pyramid","Empty Cage"],"picked":"Inserter"}],"items_purged_floors":[],"is_endless":false,"potions_floor_spawned":[2,8,10,11,16,18,20],"killed_by":"Colosseum Nobs","ascension_level":18}