{"gold_per_floor":[112,124,142,152,170,204,218,253,253,253,253,102,102,170,170,265,265,279,299,318,318],"floor_reached":21,"playtime":1941,"items_purged":["Parasite"],"score":193,"play_id":"51af949b-c95e-44ff-9730-05646ac0734d","local_time":"20190215222634","is_ascension_mode":false,"campfire_choices":[{"floor":13,"key":"REST"},{"floor":15,"key":"REST"}],"neow_cost":"NONE","seed_source_timestamp":60569399202999,"circlet_count":0,"master_deck":["Defend_G","Defend_G","Defend_G","Defend_G","Defend_G","Strike_G","Strike_G","Strike_G","Strike_G","Strike_G+1","Survivor","Neutralize","Poisoned Stab+1","Poisoned Stab","Blur","Quick Slash","Quick Slash","Acrobatics","Terror","Die Die Die","Envenom","Poisoned Stab","Dagger Throw+1","Outmaneuver"],"relics":["Ring of the Serpent","Centennial Puzzle","Juzu Bracelet","Kunai"],"potions_floor_usage":[6,8,8,16],"damage_taken":[{"damage":6,"enemies":"Jaw Worm","floor":1,"turns":8},{"damage":7,"enemies":"Small Slimes","floor":2,"turns":5},{"damage":5,"enemies":"2 Louse","floor":3,"turns":2},{"damage":5,"enemies":"2 Fungi Beasts","floor":4,"turns":5},{"damage":2,"enemies":"Looter","floor":5,"turns":4},{"damage":23,"enemies":"Lagavulin","floor":6,"turns":8},{"damage":13,"enemies":"3 Louse","floor":7,"turns":3},{"damage":12,"enemies":"Gremlin Nob","floor":8,"turns":3},{"damage":46,"enemies":"The Guardian","floor":16,"turns":12},{"damage":21,"enemies":"3 Byrds","floor":18,"turns":6},{"damage":38,"enemies":"2 Thieves","floor":19,"turns":5},{"damage":13,"enemies":"Cultist and Chosen","floor":20,"turns":5},{"damage":6,"enemies":"Shelled Parasite and Fungi","floor":21,"turns":1}],"seed_played":"5048054810597498590","potions_obtained":[{"floor":1,"key":"EssenceOfSteel"},{"floor":2,"key":"AttackPotion"},{"floor":7,"key":"Swift Potion"},{"floor":19,"key":"Strength Potion"},{"floor":20,"key":"Energy Potion"}],"is_trial":false,"path_per_floor":["M","M","M","M","M","E","M","E","T","?","?","$","R","?","R","B",null,"M","M","M","M"],"character_chosen":"THE_SILENT","items_purchased":["EssenceOfSteel"],"campfire_rested":2,"item_purchase_floors":[12],"current_hp_per_floor":[71,64,59,54,52,29,16,4,4,23,8,8,30,30,52,6,74,53,15,2,0],"gold":318,"neow_bonus":"TEN_PERCENT_HP_BONUS","is_prod":false,"is_daily":false,"chose_seed":false,"campfire_upgraded":0,"win_rate":0.0,"timestamp":1550265994,"path_taken":["M","M","M","M","M","E","M","E","T","?","?","$","R","?","R","BOSS","M","M","M","M"],"build_version":"2019-01-23","purchased_purges":1,"victory":false,"max_hp_per_floor":[77,77,77,77,77,77,77,77,77,77,77,74,74,74,74,74,74,74,74,74,74],"card_choices":[{"not_picked":["Masterful Stab","Dodge and Roll"],"picked":"Poisoned Stab","floor":1},{"not_picked":["Dagger Spray","Sucker Punch"],"picked":"Poisoned Stab","floor":2},{"not_picked":["Quick Slash","Eviscerate"],"picked":"Blur","floor":3},{"not_picked":["Flying Knee","Doppelganger"],"picked":"Quick Slash","floor":4},{"not_picked":["Deflect","Blade Dance"],"picked":"Quick Slash","floor":5},{"not_picked":["Tactician","PiercingWail"],"picked":"Acrobatics","floor":6},{"not_picked":["Sucker Punch","Finisher"],"picked":"Terror","floor":7},{"not_picked":["Doppelganger","Expertise"],"picked":"Die Die Die","floor":8},{"not_picked":["Burst","Glass Knife"],"picked":"Envenom","floor":16},{"not_picked":["PiercingWail","Leg Sweep"],"picked":"Poisoned Stab","floor":18},{"not_picked":["Sucker Punch","Eviscerate"],"picked":"Dagger Throw+1","floor":19},{"not_picked":["PiercingWail","Masterful Stab"],"picked":"Outmaneuver","floor":20}],"player_experience":504,"relics_obtained":[{"floor":6,"key":"Centennial Puzzle"},{"floor":8,"key":"Juzu Bracelet"},{"floor":9,"key":"Kunai"}],"event_choices":[{"damage_healed":19,"gold_gain":0,"player_choice":"Healed and dodged fight","damage_taken":0,"max_hp_gain":0,"max_hp_loss":0,"event_name":"Mushrooms","floor":10,"gold_loss":0,"cards_obtained":["Parasite"]},{"damage_healed":0,"gold_gain":0,"player_choice":"Entered Light","damage_taken":15,"max_hp_gain":0,"max_hp_loss":0,"event_name":"Shining Light","floor":11,"gold_loss":0,"cards_upgraded":["Poisoned Stab","Strike_G"]},{"damage_healed":0,"gold_gain":68,"player_choice":"Gained Gold","damage_taken":0,"max_hp_gain":0,"max_hp_loss":0,"event_name":"Golden Wing","floor":14,"gold_loss":0}],"is_beta":false,"boss_relics":[{"not_picked":["WristBlade","Sozu"],"picked":"Ring of the Serpent"}],"items_purged_floors":[12],"is_endless":false,"potions_floor_spawned":[1,2,7,19,20],"killed_by":"Shelled Parasite and Fungi","ascension_level":0}