{"gold_per_floor":[112,123,123,140,153,153,153,72,72,99,99,119,137,102,102,176,176,188,188,188,206,44,79,79,79,79,79,22,37,37,37],"floor_reached":31,"playtime":9200,"items_purged":["Strike_R"],"score":455,"play_id":"d5b8f857-1da6-4361-a397-3b851f13eae0","local_time":"20190209191712","is_ascension_mode":true,"campfire_choices":[{"data":"Berserk","floor":6,"key":"SMITH"},{"data":"Flame Barrier","floor":11,"key":"SMITH"},{"data":"Armaments","floor":15,"key":"SMITH"},{"floor":25,"key":"REST"},{"data":"Shrug It Off","floor":27,"key":"SMITH"}],"neow_cost":"PERCENT_DAMAGE","seed_source_timestamp":1622340876938021,"circlet_count":0,"master_deck":["AscendersBane","Strike_R","Strike_R","Strike_R","Defend_R","Defend_R","Defend_R","Defend_R","Bash","Berserk+1","Flame Barrier+1","Anger","Headbutt","Armaments+1","Shockwave","Fire Breathing","Anger","Shockwave","Immolate","Pummel","RitualDagger","Metallicize","Flame Barrier","Iron Wave+1","Shrug It Off+1","Armaments","Dual Wield+1"],"relics":["Burning Blood","Ice Cream","Kunai","Strawberry","Sozu","Art of War"],"potions_floor_usage":[10,16],"damage_taken":[{"damage":8,"enemies":"Small Slimes","floor":1,"turns":5},{"damage":0,"enemies":"Cultist","floor":2,"turns":4},{"damage":6,"enemies":"Jaw Worm","floor":4,"turns":3},{"damage":10,"enemies":"Looter","floor":5,"turns":3},{"damage":10,"enemies":"Lagavulin","floor":10,"turns":10},{"damage":4,"enemies":"3 Louse","floor":12,"turns":5},{"damage":8,"enemies":"Blue Slaver","floor":13,"turns":4},{"damage":31,"enemies":"Hexaghost","floor":16,"turns":10},{"damage":15,"enemies":"Shell Parasite","floor":18,"turns":6},{"damage":10,"enemies":"3 Byrds","floor":21,"turns":3},{"damage":34,"enemies":"Slavers","floor":23,"turns":7},{"damage":6,"enemies":"Centurion and Healer","floor":29,"turns":6},{"damage":51,"enemies":"Gremlin Leader","floor":31,"turns":9}],"seed_played":"-4596741688516232342","potions_obtained":[{"floor":1,"key":"Ancient Potion"},{"floor":4,"key":"EssenceOfSteel"},{"floor":13,"key":"EssenceOfSteel"},{"floor":16,"key":"SteroidPotion"}],"is_trial":false,"path_per_floor":["M","M","?","M","M","R","?","$","T","E","R","M","M","?","R","B",null,"M","?","?","M","$","E","?","R","T","R","$","M","$","E"],"character_chosen":"IRONCLAD","items_purchased":["Shockwave","Flame Barrier","Armaments"],"campfire_rested":1,"item_purchase_floors":[8,22,28],"current_hp_per_floor":[48,54,54,54,50,50,39,39,39,42,42,44,42,62,62,37,71,62,62,56,52,52,24,24,48,48,48,48,48,48,0],"gold":37,"neow_bonus":"THREE_RARE_CARDS","is_prod":false,"is_daily":false,"chose_seed":false,"campfire_upgraded":4,"win_rate":0,"timestamp":1549768632,"path_taken":["M","M","?","M","?","R","?","$","T","E","R","M","M","?","R","BOSS","M","?","?","M","$","E","?","R","T","R","?","?","?","E"],"build_version":"2019-02-06","purchased_purges":1,"victory":false,"max_hp_per_floor":[75,75,75,75,75,75,75,75,75,82,82,82,82,82,82,82,82,82,82,82,82,82,82,82,82,82,82,82,82,82,82],"card_choices":[{"not_picked":["Barricade","Juggernaut"],"picked":"Berserk","floor":0},{"not_picked":["Body Slam","Twin Strike"],"picked":"Flame Barrier","floor":1},{"not_picked":["Twin Strike","Body Slam"],"picked":"Anger","floor":2},{"not_picked":["Twin Strike","Warcry"],"picked":"Headbutt","floor":4},{"not_picked":["Thunderclap","Dual Wield"],"picked":"Armaments","floor":5},{"not_picked":["Flex","Twin Strike"],"picked":"Fire Breathing","floor":10},{"not_picked":["Pommel Strike","Ghostly Armor"],"picked":"Anger","floor":12},{"not_picked":["Combust","Flex"],"picked":"Shockwave","floor":13},{"not_picked":["Double Tap","Berserk"],"picked":"Immolate","floor":16},{"not_picked":["Bloodletting+1","Cleave"],"picked":"Pummel","floor":18},{"not_picked":["Wild Strike","Blood for Blood"],"picked":"Metallicize","floor":21},{"not_picked":["Infernal Blade","Armaments"],"picked":"Iron Wave+1","floor":23},{"not_picked":["Intimidate","Sword Boomerang"],"picked":"Dual Wield+1","floor":29}],"player_experience":747764,"relics_obtained":[{"floor":9,"key":"Kunai"},{"floor":10,"key":"Strawberry"},{"floor":23,"key":"Art of War"}],"event_choices":[{"cards_removed":["Strike_R"],"damage_healed":0,"gold_gain":0,"player_choice":"Purged","damage_taken":0,"max_hp_gain":0,"max_hp_loss":0,"event_name":"Purifier","floor":3,"gold_loss":0},{"damage_healed":0,"gold_gain":0,"player_choice":"Success","damage_taken":11,"relics_obtained":["Ice Cream"],"max_hp_gain":0,"max_hp_loss":0,"event_name":"Scrap Ooze","floor":7,"gold_loss":0},{"damage_healed":20,"gold_gain":0,"player_choice":"Healed","damage_taken":0,"max_hp_gain":0,"max_hp_loss":0,"event_name":"The Cleric","floor":14,"gold_loss":35},{"damage_healed":0,"gold_gain":0,"player_choice":"Ignored","damage_taken":0,"max_hp_gain":0,"max_hp_loss":0,"event_name":"Ghosts","floor":19,"gold_loss":0},{"damage_healed":0,"gold_gain":0,"player_choice":"Joined the Cult","damage_taken":6,"max_hp_gain":0,"max_hp_loss":0,"event_name":"Nest","floor":20,"gold_loss":0,"cards_obtained":["RitualDagger"]},{"damage_healed":0,"gold_gain":0,"player_choice":"Read","damage_taken":0,"max_hp_gain":0,"max_hp_loss":0,"event_name":"The Library","floor":24,"gold_loss":0,"cards_obtained":["Shrug It Off"]}],"is_beta":true,"boss_relics":[{"not_picked":["Mark of Pain","Coffee Dripper"],"picked":"Sozu"}],"items_purged_floors":[22],"is_endless":false,"potions_floor_spawned":[1,4,13,16,18,23],"killed_by":"Gremlin Leader","ascension_level":16}