{"path_per_floor":["M","M","?","$","?","R","E","R","T","E","M","$","E","M","R","B",null,"M","M","?","?","M","E","R","$","T","?","R","$","?","E","R","B",null,"M","?","$","M","M","E","R","?","T","R","?","R","E","?","R","B"],"character_chosen":"DEFECT","items_purchased":["Ball Lightning","Capacitor","Bag of Preparation","All For One","Stack"],"gold_per_floor":[113,126,126,32,32,32,57,57,111,145,158,3,28,39,39,116,116,128,148,73,73,84,118,118,46,46,46,46,0,0,26,26,103,103,120,120,45,65,79,106,106,0,0,0,0,0,27,27,27,27],"floor_reached":51,"campfire_rested":5,"playtime":3539,"item_purchase_floors":[4,4,12,25,29],"current_hp_per_floor":[64,63,63,63,63,63,53,53,60,57,57,57,35,35,35,23,64,52,52,52,52,37,32,32,32,32,11,34,34,34,11,34,21,64,71,71,71,68,63,44,67,67,67,67,53,76,76,76,78,60],"items_purged":["Regret"],"gold":27,"score":1328,"play_id":"52b05cec-64c4-47f0-9571-4fac48f9cd07","local_time":"20180527185220","is_prod":false,"is_daily":false,"chose_seed":false,"is_ascension_mode":true,"campfire_upgraded":5,"win_rate":0,"timestamp":1527472340,"campfire_choices":[{"data":"Ball Lightning","floor":6,"key":"SMITH"},{"data":"Hologram","floor":8,"key":"SMITH"},{"data":"Capacitor","floor":15,"key":"SMITH"},{"data":"Capacitor","floor":24,"key":"SMITH"},{"floor":28,"key":"REST"},{"floor":32,"key":"REST"},{"floor":41,"key":"REST"},{"data":"Hologram","floor":44,"key":"SMITH"},{"floor":46,"key":"REST"},{"floor":49,"key":"REST"}],"path_taken":["M","M","?","$","?","R","E","R","T","E","M","?","E","M","R","BOSS","M","M","?","?","M","E","R","$","T","?","R","$","?","E","R","BOSS","M","?","$","M","M","E","R","?","T","R","?","R","E","?","R","BOSS"],"build_version":"2018-05-25","seed_source_timestamp":104201705857174,"purchased_purges":1,"victory":true,"master_deck":["Strike_B","Strike_B","Defend_B","Defend_B","Defend_B","Defend_B","Zap+1","Dualcast","AscendersBane","Ball Lightning+1","Hologram+1","Ball Lightning+1","Capacitor+1","Ball Lightning","Coolheaded","Glacier","FTL","Core Surge","Defragment+1","Cold Snap+1","Capacitor+1","Blizzard","All For One","Stack","Gash+1","Biased Cognition+1","Conserve Battery+1","Decay","Turbo","Hologram+1","Cold Snap","Madness","Madness","Go for the Eyes+1","Steam Power+1"],"max_hp_per_floor":[71,71,71,71,71,71,71,71,78,78,78,78,78,78,78,78,78,78,78,78,78,78,78,78,78,78,78,78,78,78,78,78,78,78,78,78,78,78,78,78,78,78,78,78,78,78,78,78,78,78],"relics":["Cracked Core","Orichalcum","Strawberry","Bronze Scales","Bag of Preparation","Juzu Bracelet","Cursed Key","Toolbox","Frozen Egg 2","Enchiridion","Gambling Chip","Sozu","Darkstone Periapt","Red Mask","Dream Catcher"],"card_choices":[{"not_picked":["Turbo","Tempest"],"picked":"Ball Lightning","floor":1},{"not_picked":["Hello World","Steam"],"picked":"Hologram","floor":2},{"not_picked":["Multi-Cast","Compile Driver","Turbo"],"picked":"SKIP","floor":7},{"not_picked":["Sweeping Beam","Turbo"],"picked":"Ball Lightning","floor":10},{"not_picked":["Multi-Cast","Stack"],"picked":"Coolheaded","floor":11},{"not_picked":["Stack","Storm"],"picked":"Glacier","floor":13},{"not_picked":["Streamline","Force Field"],"picked":"FTL","floor":14},{"not_picked":["Reboot","Meteor Strike"],"picked":"Core Surge","floor":16},{"not_picked":["Double Energy","Cold Snap+1"],"picked":"Defragment+1","floor":18},{"not_picked":["Beam Cell","Hologram"],"picked":"Cold Snap+1","floor":19},{"not_picked":["Streamline","Turbo"],"picked":"Capacitor","floor":22},{"not_picked":["Stack","Sunder"],"picked":"Blizzard","floor":23},{"not_picked":["Auto Shields","Cold Snap"],"picked":"Gash","floor":31},{"not_picked":["Seek","Buffer+1"],"picked":"Biased Cognition+1","floor":33},{"not_picked":["Leap","Reinforced Body"],"picked":"Conserve Battery+1","floor":35},{"not_picked":["Compile Driver","Rebound"],"picked":"Turbo","floor":38},{"not_picked":["Double Energy","Streamline"],"picked":"Hologram","floor":39},{"not_picked":["Auto Shields","Barrage"],"picked":"Cold Snap","floor":40},{"not_picked":["Redo","Rebound"],"picked":"Go for the Eyes+1","floor":47},{"not_picked":["Redo","Storm+1"],"picked":"Steam Power+1","floor":49}],"player_experience":1658304,"potions_floor_usage":[18,31,31],"damage_taken":[{"damage":0,"enemies":"2 Louse","floor":1,"turns":2},{"damage":1,"enemies":"Cultist","floor":2,"turns":3},{"damage":10,"enemies":"Gremlin Nob","floor":7,"turns":3},{"damage":3,"enemies":"3 Sentries","floor":10,"turns":6},{"damage":0,"enemies":"Small Slimes","floor":11,"turns":2},{"damage":22,"enemies":"Lagavulin","floor":13,"turns":6},{"damage":0,"enemies":"2 Fungi Beasts","floor":14,"turns":3},{"damage":12,"enemies":"Hexaghost","floor":16,"turns":6},{"damage":12,"enemies":"3 Byrds","floor":18,"turns":3},{"damage":0,"enemies":"Spheric Guardian","floor":19,"turns":2},{"damage":15,"enemies":"Centurion and Healer","floor":22,"turns":6},{"damage":5,"enemies":"Book of Stabbing","floor":23,"turns":5},{"damage":23,"enemies":"Slavers","floor":31,"turns":6},{"damage":13,"enemies":"Champ","floor":33,"turns":14},{"damage":0,"enemies":"Flame Bruiser 1 Orb","floor":35,"turns":3},{"damage":3,"enemies":"Orb Walker","floor":38,"turns":3},{"damage":5,"enemies":"Maw","floor":39,"turns":6},{"damage":19,"enemies":"Nemesis","floor":40,"turns":7},{"damage":0,"enemies":"Giant Head","floor":47,"turns":7},{"damage":24,"enemies":"Awakened One","floor":50,"turns":14}],"relics_obtained":[{"floor":7,"key":"Orichalcum"},{"floor":9,"key":"Strawberry"},{"floor":10,"key":"Bronze Scales"},{"floor":13,"key":"Juzu Bracelet"},{"floor":23,"key":"Toolbox"},{"floor":26,"key":"Frozen Egg 2"},{"floor":27,"key":"Enchiridion"},{"floor":31,"key":"Gambling Chip"},{"floor":40,"key":"Darkstone Periapt"},{"floor":47,"key":"Dream Catcher"}],"event_choices":[{"event_name":"Accursed Blacksmith","player_choice":"Forge","floor":3,"damage_taken":0},{"event_name":"Wheel of Change","player_choice":"Card Removal","floor":5,"damage_taken":0},{"event_name":"Beggar","player_choice":"Gave Gold","floor":20,"damage_taken":0},{"event_name":"The Mausoleum","player_choice":"No","floor":21,"damage_taken":0},{"event_name":"Cursed Tome","player_choice":"Obtained Book","floor":27,"damage_taken":0},{"event_name":"Ghosts","player_choice":"Ignored","floor":30,"damage_taken":0},{"event_name":"Wheel of Change","player_choice":"Curse","floor":36,"damage_taken":0},{"event_name":"Tomb of Lord Red Mask","player_choice":"Paid","floor":42,"damage_taken":0},{"event_name":"Winding Halls","player_choice":"Embrace Madness","floor":45,"damage_taken":0},{"event_name":"Upgrade Shrine","player_choice":"Upgraded","floor":48,"damage_taken":0}],"boss_relics":[{"not_picked":["Lizard Tail","Astrolabe"],"picked":"Cursed Key"},{"not_picked":["White Beast Statue","Runic Pyramid"],"picked":"Sozu"}],"items_purged_floors":[37],"potions_floor_spawned":[2,14,22,31,33,35,40],"seed_played":"8922738791765237373","ascension_level":15,"potions_obtained":[{"floor":2,"key":"SkillPotion"},{"floor":14,"key":"EssenceOfSteel"},{"floor":22,"key":"Energy Potion"},{"floor":31,"key":"Ancient Potion"},{"floor":33,"key":"Energy Potion"}],"is_trial":false}