{"gold_per_floor":[114,126,51,67,67,102,102,131,158,158,490,490,490,521,521,617,617,641,1,17,38,38,38,69,90,90,133,156,156,136,151,151,250,250,275,225,525,540,553,553,622,642,642,665,665,147,0,13,13,13],"floor_reached":51,"playtime":5369,"items_purged":["Strike_B","Strike_B","Strike_B"],"score":1189,"play_id":"26f8f63e-3cd3-4cfe-b6d5-f3aa7ff89520","local_time":"20180702153537","is_ascension_mode":true,"campfire_choices":[{"data":"Zap","floor":7,"key":"SMITH"},{"floor":10,"key":"REST"},{"data":"Ball Lightning","floor":12,"key":"SMITH"},{"data":"Seek","floor":15,"key":"SMITH"},{"data":"Capacitor","floor":23,"key":"SMITH"},{"data":"Defragment","floor":29,"key":"SMITH"},{"floor":32,"key":"REST"},{"data":"Darkness","floor":40,"key":"SMITH"},{"floor":45,"key":"REST"},{"floor":49,"key":"REST"}],"neow_cost":"NONE","seed_source_timestamp":571801529545617,"circlet_count":0,"master_deck":["Strike_B","Defend_B","Defend_B","Defend_B","Defend_B","Zap+1","Dualcast","AscendersBane","Cold Snap","Go for the Eyes+1","FTL+1","Seek+1","Auto Shields","Ball Lightning+1","Leap","Electrodynamics","Cold Snap","Capacitor+1","Leap+1","Darkness+1","Zap","Electrodynamics","Stack","Coolheaded","Defragment+1","Coolheaded","FTL","All For One+1","Compile Driver+1","Reinforced Body","Loop","Blind","Chill"],"relics":["Cracked Core","Ancient Tea Set","Bag of Preparation","Regal Pillow","Old Coin","Golden Idol","Dodecahedron","Runic Dome","Gremlin Horn","Gambling Chip","Matryoshka","Symbiotic Virus","Smiling Mask","Singing Bowl","Black Star","Dead Branch","Strawberry","Incense Burner","Anchor","Whetstone","Red Mask"],"potions_floor_usage":[6,20,24,25,31,50,50],"damage_taken":[{"damage":4,"enemies":"Small Slimes","floor":1,"turns":3},{"damage":4,"enemies":"Jaw Worm","floor":2,"turns":3},{"damage":0,"enemies":"Cultist","floor":4,"turns":3},{"damage":16,"enemies":"Lagavulin","floor":6,"turns":8},{"damage":14,"enemies":"Gremlin Nob","floor":8,"turns":4},{"damage":4,"enemies":"3 Sentries","floor":11,"turns":7},{"damage":1,"enemies":"Lagavulin","floor":14,"turns":6},{"damage":6,"enemies":"The Guardian","floor":16,"turns":11},{"damage":2,"enemies":"Shell Parasite","floor":18,"turns":5},{"damage":6,"enemies":"2 Thieves","floor":20,"turns":3},{"damage":0,"enemies":"Centurion and Healer","floor":21,"turns":7},{"damage":6,"enemies":"Book of Stabbing","floor":24,"turns":5},{"damage":0,"enemies":"Chosen and Byrds","floor":25,"turns":4},{"damage":2,"enemies":"Slavers","floor":27,"turns":2},{"damage":13,"enemies":"Sentry and Sphere","floor":28,"turns":4},{"damage":0,"enemies":"Snake Plant","floor":31,"turns":2},{"damage":32,"enemies":"Automaton","floor":33,"turns":8},{"damage":0,"enemies":"3 Shapes","floor":35,"turns":5},{"damage":1,"enemies":"3 Darklings","floor":38,"turns":4},{"damage":8,"enemies":"Sphere and 2 Shapes","floor":39,"turns":4},{"damage":1,"floor":41,"turns":3},{"damage":20,"enemies":"Transient","floor":42,"turns":5},{"damage":20,"enemies":"Maw","floor":44,"turns":6},{"damage":0,"enemies":"4 Shapes","floor":48,"turns":1},{"damage":42,"enemies":"Time Eater","floor":50,"turns":10}],"seed_played":"-4282740356857500885","potions_obtained":[{"floor":2,"key":"Block Potion"},{"floor":11,"key":"SteroidPotion"},{"floor":20,"key":"SpeedPotion"},{"floor":21,"key":"Dexterity Potion"},{"floor":25,"key":"Poison Potion"},{"floor":27,"key":"SpeedPotion"},{"floor":30,"key":"LiquidBronze"},{"floor":31,"key":"Strength Potion"},{"floor":44,"key":"Swift Potion"}],"is_trial":false,"path_per_floor":["M","M","$","M","?","E","R","E","T","R","E","R","?","E","R","B",null,"M","$","M","M","?","R","E","M","T","E","M","R","?","M","R","B",null,"M","$","?","M","M","R","?","M","T","M","R","$","?","M","R","B"],"character_chosen":"DEFECT","items_purchased":["Gremlin Horn","Gambling Chip","Capacitor","Blind","Anchor","Whetstone","Chill"],"campfire_rested":4,"item_purchase_floors":[19,19,19,46,46,46,46],"current_hp_per_floor":[60,56,56,56,56,40,40,26,26,62,58,58,34,33,33,27,60,58,58,52,52,52,52,46,46,46,44,31,31,31,31,67,35,62,62,62,62,61,55,55,56,36,43,25,65,65,65,67,86,44],"gold":13,"neow_bonus":"THREE_SMALL_POTIONS","is_prod":false,"is_daily":false,"chose_seed":false,"campfire_upgraded":6,"win_rate":0,"timestamp":1530570937,"path_taken":["M","M","$","M","?","E","R","E","T","R","E","R","?","E","R","BOSS","M","$","M","?","?","R","E","M","T","E","M","R","?","M","R","BOSS","M","$","?","?","M","R","?","M","T","M","R","$","?","M","R","BOSS"],"build_version":"2018-06-29","purchased_purges":3,"victory":true,"max_hp_per_floor":[71,71,71,71,71,71,71,71,71,71,71,71,71,71,71,71,71,71,71,71,71,71,71,71,71,71,71,71,71,71,71,71,71,71,71,71,71,71,73,73,75,75,82,84,84,84,84,86,86,86],"card_choices":[{"not_picked":["Undo","Coolheaded"],"picked":"Cold Snap","floor":1},{"not_picked":["Steam","Darkness"],"picked":"Go for the Eyes","floor":2},{"not_picked":["Compile Driver","Turbo"],"picked":"FTL","floor":4},{"not_picked":["Blizzard","Melter"],"picked":"Seek","floor":6},{"not_picked":["Reboot","Tempest"],"picked":"Auto Shields","floor":8},{"not_picked":["Double Energy","Rebound"],"picked":"Ball Lightning","floor":11},{"not_picked":["Coolheaded","Fusion"],"picked":"Leap","floor":14},{"not_picked":["Biased Cognition","Seek"],"picked":"Electrodynamics","floor":16},{"not_picked":["Barrage","Redo"],"picked":"Cold Snap","floor":18},{"not_picked":["Chill","Conserve Battery"],"picked":"Leap+1","floor":20},{"not_picked":["Redo","Multi-Cast"],"picked":"Darkness","floor":21},{"not_picked":["Hyperbeam","Heatsinks"],"picked":"Stack","floor":24},{"not_picked":["Turbo","Steam"],"picked":"Coolheaded","floor":25},{"not_picked":["Steam+1","Doom and Gloom"],"picked":"Defragment","floor":27},{"not_picked":["Gash","Aggregate"],"picked":"Coolheaded","floor":28},{"not_picked":["Aggregate","Sweeping Beam"],"picked":"FTL","floor":31},{"not_picked":["Buffer","Meteor Strike"],"picked":"All For One","floor":33},{"not_picked":["Ball Lightning+1","Melter"],"picked":"Compile Driver+1","floor":35},{"not_picked":["Turbo+1","Rebound"],"picked":"Reinforced Body","floor":38},{"not_picked":["Turbo","Storm","Streamline+1"],"picked":"Singing Bowl","floor":39},{"not_picked":["Amplify","Steam Power","Static Discharge"],"picked":"Singing Bowl","floor":41},{"not_picked":["Coolheaded","Streamline+1"],"picked":"Loop","floor":42},{"not_picked":["Cold Snap","Turbo+1","Static Discharge+1"],"picked":"Singing Bowl","floor":44},{"not_picked":["Barrage","Go for the Eyes","Beam Cell"],"picked":"Singing Bowl","floor":48}],"player_experience":2023815,"relics_obtained":[{"floor":6,"key":"Ancient Tea Set"},{"floor":8,"key":"Bag of Preparation"},{"floor":9,"key":"Regal Pillow"},{"floor":11,"key":"Old Coin"},{"floor":14,"key":"Dodecahedron"},{"floor":24,"key":"Matryoshka"},{"floor":26,"key":"Symbiotic Virus"},{"floor":26,"key":"Smiling Mask"},{"floor":27,"key":"Singing Bowl"},{"floor":41,"key":"Dead Branch"},{"floor":43,"key":"Strawberry"},{"floor":43,"key":"Incense Burner"}],"event_choices":[{"event_name":"Living Wall","player_choice":"Grow","floor":5,"damage_taken":0},{"event_name":"Golden Idol","player_choice":"Take Damage","floor":13,"damage_taken":0},{"event_name":"Match and Keep!","player_choice":"2 cards matched","floor":22,"damage_taken":0},{"event_name":"The Woman in Blue","player_choice":"Bought 1 Potion","floor":30,"damage_taken":0},{"event_name":"Wheel of Change","player_choice":"Gold","floor":37,"damage_taken":0},{"event_name":"Mysterious Sphere","player_choice":"Fight","floor":41,"damage_taken":0},{"event_name":"Tomb of Lord Red Mask","player_choice":"Paid","floor":47,"damage_taken":0}],"boss_relics":[{"not_picked":["Runic Pyramid","Snecko Eye"],"picked":"Runic Dome"},{"not_picked":["Calling Bell","Coffee Dripper"],"picked":"Black Star"}],"items_purged_floors":[3,36,46],"is_endless":false,"potions_floor_spawned":[2,4,11,16,20,21,25,27,31,35,42,44],"ascension_level":15}