{"gold_per_floor":[219,230,34,34,51,51,51,84,84,84,109,120,120,133,133,229,229,244,15,28,28,28,28,61,61,84,9,9,22,22,34,34,135,135,151,166,132,132],"floor_reached":38,"playtime":1057,"items_purged":["Clothesline"],"score":641,"play_id":"fab0c165-3a16-4d46-bc08-eede9e24d085","local_time":"20190226141356","is_ascension_mode":true,"campfire_choices":[{"data":"Whirlwind","floor":6.0,"key":"SMITH"},{"data":"Flex","floor":10.0,"key":"SMITH"},{"data":"Double Tap","floor":15.0,"key":"SMITH"},{"data":"Limit Break","floor":23.0,"key":"SMITH"},{"floor":30.0,"key":"REST"},{"floor":32.0,"key":"REST"}],"neow_cost":"NONE","seed_source_timestamp":8802097009942,"circlet_count":0,"master_deck":["AscendersBane","Strike_R+1","Strike_R+1","Strike_R+1","Defend_R+1","Defend_R+1","Defend_R+1","Bash","Shrug It Off","Infernal Blade+1","Flex+1","Whirlwind+1","Headbutt+1","Double Tap+1","Flex+1","Limit Break+1","Clothesline+1","Ghostly Armor+1","Fire Breathing+1","Sword Boomerang","Discovery+1","Iron Wave+1","Evolve","Heavy Blade+1","Bludgeon","Flame Barrier","Flex+1","Uppercut"],"special_seed":0,"relics":["Burning Blood","PreservedInsect","Mummified Hand","Sundial","Paper Frog","Blood Vial","Astrolabe","Whetstone","Lantern","War Paint","Bronze Scales","White Beast Statue"],"potions_floor_usage":[36,36],"damage_taken":[{"damage":0.0,"enemies":"Small Slimes","floor":1.0,"turns":3.0},{"damage":6.0,"enemies":"Cultist","floor":2.0,"turns":3.0},{"damage":0.0,"enemies":"Jaw Worm","floor":5.0,"turns":4.0},{"damage":6.0,"enemies":"Gremlin Nob","floor":8.0,"turns":3.0},{"damage":25.0,"enemies":"Lagavulin","floor":11.0,"turns":5.0},{"damage":5.0,"enemies":"Blue Slaver","floor":12.0,"turns":2.0},{"damage":0.0,"enemies":"Exordium Wildlife","floor":14.0,"turns":1.0},{"damage":41.0,"enemies":"Slime Boss","floor":16.0,"turns":8.0},{"damage":12.0,"enemies":"3 Byrds","floor":18.0,"turns":4.0},{"damage":0.0,"enemies":"Chosen","floor":20.0,"turns":3.0},{"damage":57.0,"enemies":"Slavers","floor":24.0,"turns":4.0},{"damage":12.0,"enemies":"3 Cultists","floor":29.0,"turns":4.0},{"damage":0.0,"enemies":"Snake Plant","floor":31.0,"turns":2.0},{"damage":30.0,"enemies":"Automaton","floor":33.0,"turns":6.0},{"damage":37,"enemies":"3 Darklings","floor":35,"turns":6},{"damage":38,"enemies":"3 Shapes","floor":36,"turns":11},{"damage":40,"enemies":"Transient","floor":38,"turns":5}],"seed_played":"5085150125002827689","potions_obtained":[{"floor":5.0,"key":"AttackPotion"},{"floor":11.0,"key":"Fire Potion"},{"floor":12.0,"key":"Dexterity Potion"},{"floor":16.0,"key":"Weak Potion"},{"floor":24.0,"key":"Ancient Potion"},{"floor":29.0,"key":"Fire Potion"},{"floor":31.0,"key":"EssenceOfSteel"},{"floor":33.0,"key":"BloodPotion"},{"floor":35,"key":"AttackPotion"},{"floor":36,"key":"Ancient Potion"}],"is_trial":false,"path_per_floor":["M","M","$","?","M","R","?","E","T","R","E","M","?","M","R","B",null,"M","$","M","?","?","R","E","$","T","$","?","M","R","M","R","B",null,"M","M","$","M"],"character_chosen":"IRONCLAD","items_purchased":["PreservedInsect","Flex","Discovery","Whetstone","Uppercut"],"campfire_rested":2,"item_purchase_floors":[3,3,19,19,37],"current_hp_per_floor":[78,78,78,78,80,80,64,64,64,64,45,46,39,47,47,14,64,60,60,68,68,68,68,19,19,19,19,19,15,39,47,71,49,72,43,21,21,0],"gold":132,"neow_bonus":"HUNDRED_GOLD","is_prod":false,"is_daily":false,"chose_seed":false,"campfire_upgraded":4,"win_rate":0,"timestamp":1551212036,"path_taken":["M","M","$","?","?","R","?","E","T","R","E","M","?","M","R","BOSS","M","$","M","?","?","R","E","$","T","?","?","M","R","M","R","BOSS","M","M","$","?"],"build_version":"2019-01-23","purchased_purges":1,"victory":false,"max_hp_per_floor":[80,80,80,80,80,80,80,80,80,80,80,80,80,80,80,80,80,80,80,80,80,80,80,80,80,80,80,80,80,80,80,80,80,80,80,80,80,80],"card_choices":[{"not_picked":["Thunderclap","Havoc"],"picked":"Shrug It Off","floor":1.0},{"not_picked":["Twin Strike","Warcry"],"picked":"Infernal Blade","floor":2.0},{"not_picked":["Perfected Strike","Armaments"],"picked":"Whirlwind","floor":5.0},{"not_picked":["Power Through","Wild Strike"],"picked":"Headbutt","floor":8.0},{"not_picked":["Twin Strike","Flex"],"picked":"Double Tap","floor":11.0},{"not_picked":["Ghostly Armor","Iron Wave"],"picked":"Clothesline","floor":12.0},{"not_picked":["Hemokinesis","Sentinel"],"picked":"Flex","floor":14.0},{"not_picked":["Feed","Bludgeon"],"picked":"Limit Break","floor":16.0},{"not_picked":["Bloodletting","Cleave"],"picked":"Sword Boomerang","floor":18.0},{"not_picked":["Havoc","Pommel Strike"],"picked":"Iron Wave+1","floor":20.0},{"not_picked":["Reckless Charge","Pommel Strike","Bloodletting+1"],"picked":"SKIP","floor":24.0},{"not_picked":["Second Wind","Anger"],"picked":"Evolve","floor":29.0},{"not_picked":["Pummel+1","Iron Wave"],"picked":"Heavy Blade+1","floor":31.0},{"not_picked":["Exhume","Feed"],"picked":"Bludgeon","floor":33.0},{"not_picked":["Perfected Strike+1","Shrug It Off"],"picked":"Flame Barrier","floor":35},{"not_picked":["Rampage","Body Slam+1"],"picked":"Flex+1","floor":36}],"player_experience":933493,"relics_obtained":[{"floor":8.0,"key":"Mummified Hand"},{"floor":9.0,"key":"Sundial"},{"floor":11.0,"key":"Paper Frog"},{"floor":24.0,"key":"War Paint"},{"floor":26.0,"key":"Bronze Scales"}],"event_choices":[{"damage_healed":0.0,"max_hp_gain":0.0,"max_hp_loss":0.0,"gold_gain":0.0,"event_name":"NoteForYourself","player_choice":"Ignored","floor":4.0,"gold_loss":0.0,"damage_taken":0.0},{"damage_healed":0.0,"max_hp_gain":0.0,"max_hp_loss":0.0,"gold_gain":0.0,"event_name":"Shining Light","player_choice":"Entered Light","floor":7.0,"gold_loss":0.0,"damage_taken":16.0,"cards_upgraded":["Strike_R","Strike_R"]},{"damage_healed":0.0,"max_hp_gain":0.0,"max_hp_loss":0.0,"gold_gain":0.0,"event_name":"Scrap Ooze","player_choice":"Success","floor":13.0,"gold_loss":0.0,"damage_taken":7.0,"relics_obtained":["Blood Vial"]},{"damage_healed":0.0,"max_hp_gain":0.0,"max_hp_loss":0.0,"gold_gain":0.0,"event_name":"The Mausoleum","player_choice":"Opened","floor":21.0,"gold_loss":0.0,"damage_taken":0.0,"relics_obtained":["Lantern"]},{"damage_healed":0.0,"max_hp_gain":0.0,"max_hp_loss":0.0,"gold_gain":0.0,"event_name":"Back to Basics","player_choice":"Simplicity","floor":22.0,"gold_loss":0.0,"damage_taken":0.0,"cards_upgraded":["Defend_R","Defend_R","Defend_R"]},{"damage_healed":0.0,"max_hp_gain":0.0,"max_hp_loss":0.0,"gold_gain":0.0,"event_name":"Upgrade Shrine","player_choice":"Upgraded","floor":28.0,"gold_loss":0.0,"damage_taken":0.0,"cards_upgraded":["Infernal Blade"]}],"is_beta":false,"boss_relics":[{"not_picked":["Calling Bell","Runic Dome"],"picked":"Astrolabe"},{"not_picked":["Empty Cage","Eternal Feather"],"picked":"White Beast Statue"}],"items_purged_floors":[27],"is_endless":false,"potions_floor_spawned":[5,11,12,16,24,29,31,33,35,36],"killed_by":"Transient","ascension_level":10}