{"path_per_floor":["M","?","$","?","?","R","E","M","T","E","R","E","R","?","R","B",null,"M","$","?","?","M","R","$","M","T","R","?","E","M","E","R","B",null,"M","?","M","$","?","R","E","?","T","?","R","?","M","M","R","B"],"character_chosen":"IRONCLAD","items_purchased":["Carnage","Shrug It Off","Paper Frog","Body Slam"],"gold_per_floor":[219,219,66,16,16,16,48,62,62,91,91,124,124,124,124,247,247,261,137,137,137,153,153,28,41,66,66,16,47,65,98,98,219,219,244,303,326,17,17,17,52,52,99,0,0,0,15,40,40,40],"floor_reached":51,"campfire_rested":4,"playtime":3725,"current_hp_per_floor":[72,72,72,72,72,72,43,49,49,50,50,48,48,28,52,37,69,66,66,50,50,37,37,37,41,48,48,48,47,46,39,65,71,83,87,53,49,49,38,38,21,21,21,21,47,47,52,46,72,59],"items_purged":["Strike_R","Strike_R","Defend_R"],"gold":40,"score":1088,"play_id":"7c1023c5-0565-4e80-be21-d1e54e57100a","local_time":"20180410232509","is_prod":false,"is_daily":false,"is_ascension_mode":true,"campfire_upgraded":6,"timestamp":1523427909,"path_taken":["M","?","$","?","?","R","E","M","T","E","R","E","R","?","R","BOSS","M","$","?","?","M","R","$","M","T","R","?","E","M","E","R","BOSS","M","?","M","$","?","R","E","?","T","?","R","?","M","M","R","BOSS"],"build_version":"2018-04-05v2","purchased_purges":3,"victory":true,"master_deck":["Defend_R","Defend_R","Bash","Battle Trance","Carnage+1","Armaments+1","Thunderclap","Entrench+1","Disarm+1","Exhume","Pommel Strike+1","Shrug It Off","Flame Barrier+1","True Grit","Metallicize","Shrug It Off+1","Impervious","Metallicize+1","Limit Break+1","Body Slam+1","Body Slam","Madness","Madness","Jack Of All Trades","Disarm+1","Disarm+1"],"max_hp_per_floor":[80,80,80,80,80,80,80,80,80,80,80,80,80,80,80,80,80,80,80,80,80,80,80,80,80,87,87,87,87,87,87,87,87,87,87,87,87,87,87,87,87,87,87,87,87,87,87,87,87,87],"relics":["Burning Blood","Vajra","Prayer Wheel","Juzu Bracelet","Sundial","Golden Idol","Velvet Choker","Enchiridion","Strawberry","Ancient Tea Set","Art of War","Sozu","Gambling Chip","Paper Frog","Toolbox","Oddly Smooth Stone","Red Mask"],"card_choices":[{"not_picked":["Cleave","Headbutt"],"picked":"Battle Trance","floor":1},{"not_picked":["Corruption","Berserk"],"picked":"Armaments","floor":7},{"not_picked":["Reckless Charge","Fire Breathing"],"picked":"Thunderclap","floor":8},{"not_picked":["Sever Soul","Reckless Charge"],"picked":"Entrench","floor":10},{"not_picked":["Bludgeon","Corruption"],"picked":"Disarm","floor":12},{"not_picked":["Fiend Fire","Bludgeon"],"picked":"Exhume","floor":16},{"not_picked":["Perfected Strike","Anger"],"picked":"Pommel Strike","floor":18},{"not_picked":["Armaments","Warcry"],"picked":"True Grit","floor":22},{"not_picked":["Heavy Blade","Iron Wave"],"picked":"Metallicize","floor":25},{"not_picked":["Twin Strike","Exhume"],"picked":"Shrug It Off","floor":26},{"not_picked":["Dual Wield","Clothesline"],"picked":"Impervious","floor":29},{"not_picked":["Warcry","Power Through"],"picked":"Metallicize","floor":30},{"not_picked":["Immolate","Berserk"],"picked":"Limit Break","floor":33},{"not_picked":["Armaments","Clothesline"],"picked":"Body Slam","floor":35},{"not_picked":["Madness","Thinking Ahead"],"picked":"Jack Of All Trades","floor":42},{"not_picked":["Battle Trance","Warcry"],"picked":"Disarm","floor":47},{"not_picked":["Armaments","Sword Boomerang"],"picked":"Disarm","floor":48}],"player_experience":382018,"potions_floor_usage":[7,33,41],"damage_taken":[{"damage":6,"enemies":"2 Louse","floor":1,"turns":3},{"damage":35,"enemies":"Lagavulin","floor":7,"turns":7},{"damage":0,"enemies":"Cultist","floor":8,"turns":2},{"damage":5,"enemies":"Gremlin Nob","floor":10,"turns":3},{"damage":8,"enemies":"3 Sentries","floor":12,"turns":5},{"damage":21,"enemies":"The Guardian","floor":16,"turns":8},{"damage":9,"enemies":"Chosen","floor":18,"turns":5},{"damage":19,"enemies":"Spheric Guardian","floor":22,"turns":4},{"damage":2,"enemies":"Snecko","floor":25,"turns":4},{"damage":7,"enemies":"Book of Stabbing","floor":29,"turns":6},{"damage":7,"enemies":"Centurion and Healer","floor":30,"turns":6},{"damage":13,"enemies":"Slavers","floor":31,"turns":6},{"damage":0,"enemies":"Collector","floor":33,"turns":19},{"damage":0,"enemies":"Orb Walker","floor":35,"turns":3},{"damage":40,"enemies":"Mysterious Sphere","floor":36,"turns":7},{"damage":10,"enemies":"3 Darklings","floor":37,"turns":7},{"damage":23,"enemies":"2 Orb Walkers","floor":41,"turns":7},{"damage":1,"enemies":"Sphere and 2 Shapes","floor":47,"turns":6},{"damage":12,"enemies":"Maw","floor":48,"turns":9},{"damage":19,"enemies":"Time Eater","floor":50,"turns":12}],"event_choices":[{"event_name":"Wheel of Change","player_choice":"Card Removal","floor":2,"damage_taken":0},{"event_name":"The Cleric","player_choice":"Card Removal","floor":4,"damage_taken":0},{"event_name":"Living Wall","player_choice":"Forget","floor":5,"damage_taken":0},{"event_name":"Golden Idol","player_choice":"Take Damage","floor":14,"damage_taken":0},{"event_name":"Cursed Tome","player_choice":"Obtained Book","floor":20,"damage_taken":0},{"event_name":"The Library","player_choice":"Read","floor":21,"damage_taken":0},{"event_name":"The Joust","player_choice":"Bet on Murderer","floor":28,"damage_taken":0},{"event_name":"Mysterious Sphere","player_choice":"Fight","floor":36,"damage_taken":0},{"event_name":"Winding Halls","player_choice":"Embrace Madness","floor":39,"damage_taken":0},{"event_name":"SensoryStone","player_choice":"Memory 1","floor":42,"damage_taken":0},{"event_name":"Tomb of Lord Red Mask","player_choice":"Paid","floor":44,"damage_taken":0}],"boss_relics":[{"not_picked":["Pandora\u0027s Box","Black Blood"],"picked":"Velvet Choker"},{"not_picked":["Philosopher\u0027s Stone","Runic Pyramid"],"picked":"Sozu"}],"potions_floor_spawned":[1,7,10,22,25,29,31,35,37,48],"seed_played":"-3296694453928841058","ascension_level":9,"is_trial":false}