{"gold_per_floor":[117,131,131,141,121,121,138,138,164,191,207,207,223,5,5,82,82,82,82,82,82,82,82,82,82,82,82,82,82,82,82,82,82,82,82,82,82,0,0,0,0,0,0,0,0,0,0,0,0,0,0,0,0,0,0],"floor_reached":56,"playtime":4254,"items_purged":["Strike_B"],"score":1955,"play_id":"c2d2e270-fbc7-48a9-b6a0-76c325be3f81","local_time":"20190215173202","is_ascension_mode":true,"campfire_choices":[{"data":"Go for the Eyes","floor":6,"key":"SMITH"},{"floor":8,"key":"REST"},{"floor":12,"key":"REST"},{"data":"Zap","floor":15,"key":"SMITH"},{"data":"Multi-Cast","floor":23,"key":"SMITH"},{"data":"Echo Form","floor":25,"key":"SMITH"},{"data":"Coolheaded","floor":27,"key":"SMITH"},{"data":"Tempest","floor":32,"key":"SMITH"},{"floor":45,"key":"RECALL"},{"floor":49,"key":"REST"},{"floor":52,"key":"REST"}],"neow_cost":"NONE","seed_source_timestamp":90780460362389,"circlet_count":0,"master_deck":["AscendersBane","Defend_B","Defend_B","Defend_B","Defend_B","Zap+1","Dualcast","Sweeping Beam+1","Gash","Go for the Eyes+1","Coolheaded","Multi-Cast+1","Compile Driver","Electrodynamics","Consume+1","Genetic Algorithm","White Noise","RitualDagger+1","Ghostly","Ghostly","Ghostly","Ghostly","Ghostly","Coolheaded+1","Echo Form+1","Undo","Tempest+1","Machine Learning+1","Master of Strategy+1","Coolheaded+1","White Noise+1","White Noise","Static Discharge+1","Capacitor+1"],"relics":["Cracked Core","Happy Flower","DataDisk","Bag of Preparation","Ectoplasm","Old Coin","Frozen Egg 2","Pear","Shuriken","Fusion Hammer","Red Mask","Vajra","Torii","War Paint","Whetstone"],"potions_floor_usage":[7,16,16,29,33,55],"damage_taken":[{"damage":3,"enemies":"2 Louse","floor":1,"turns":3},{"damage":1,"enemies":"Cultist","floor":2,"turns":3},{"damage":2,"enemies":"Jaw Worm","floor":4,"turns":3},{"damage":37,"enemies":"Gremlin Gang","floor":7,"turns":6},{"damage":24,"enemies":"3 Sentries","floor":10,"turns":9},{"damage":8,"enemies":"Blue Slaver","floor":11,"turns":3},{"damage":0,"enemies":"Looter","floor":13,"turns":2},{"damage":19,"enemies":"Hexaghost","floor":16,"turns":8},{"damage":10,"enemies":"Shell Parasite","floor":18,"turns":4},{"damage":0,"enemies":"Spheric Guardian","floor":22,"turns":3},{"damage":0,"enemies":"Gremlin Leader","floor":24,"turns":6},{"damage":3,"enemies":"Cultist and Chosen","floor":28,"turns":4},{"damage":3,"enemies":"Slavers","floor":29,"turns":3},{"damage":3,"enemies":"Gremlin Leader","floor":31,"turns":6},{"damage":1,"enemies":"Collector","floor":33,"turns":10},{"damage":1,"enemies":"3 Shapes","floor":35,"turns":4},{"damage":0,"enemies":"Orb Walker","floor":39,"turns":4},{"damage":4,"enemies":"4 Shapes","floor":40,"turns":6},{"damage":2,"enemies":"3 Darklings","floor":41,"turns":3},{"damage":10,"enemies":"Nemesis","floor":42,"turns":9},{"damage":0,"enemies":"2 Orb Walkers","floor":44,"turns":5},{"damage":0,"enemies":"Reptomancer","floor":47,"turns":7},{"damage":8,"enemies":"Jaw Worm Horde","floor":48,"turns":2},{"damage":7,"enemies":"Time Eater","floor":50,"turns":9},{"damage":1,"enemies":"Shield and Spear","floor":54,"turns":5},{"damage":46,"enemies":"The Heart","floor":55,"turns":14}],"seed_played":"-5208158635800894009","potions_obtained":[{"floor":4,"key":"LiquidBronze"},{"floor":5,"key":"GamblersBrew"},{"floor":10,"key":"FocusPotion"},{"floor":16,"key":"GamblersBrew"},{"floor":24,"key":"Swift Potion"},{"floor":29,"key":"FairyPotion"},{"floor":31,"key":"Fruit Juice"},{"floor":35,"key":"GamblersBrew"},{"floor":39,"key":"Ancient Potion"},{"floor":44,"key":"Weak Potion"}],"is_trial":false,"path_per_floor":["M","M","?","M","?","R","M","R","T","E","M","R","M","$","R","B",null,"M","?","?","?","M","R","E","R","T","R","M","E","$","E","R","B",null,"M","?","?","?","M","M","M","E","T","?","R","?","E","M","R","B",null,"R","$","E","B",null],"character_chosen":"DEFECT","items_purchased":["Bag of Preparation"],"campfire_rested":4,"item_purchase_floors":[14],"current_hp_per_floor":[68,67,67,65,65,65,28,51,51,27,19,42,42,42,42,23,64,54,54,48,39,39,39,39,39,39,39,36,43,43,40,40,44,52,51,51,51,51,51,47,45,35,35,35,35,35,35,27,43,36,50,54,54,53,7],"gold":0,"neow_bonus":"TEN_PERCENT_HP_BONUS","is_prod":false,"is_daily":false,"chose_seed":false,"campfire_upgraded":6,"win_rate":0,"timestamp":1550280722,"path_taken":["M","M","?","?","?","R","M","R","T","E","M","R","?","$","R","BOSS","M","?","?","?","M","R","E","R","T","R","M","E","$","E","R","BOSS","M","?","?","?","M","M","?","E","T","?","R","?","E","M","R","BOSS","R","$","E","BOSS"],"build_version":"2019-02-06","purchased_purges":1,"victory":true,"max_hp_per_floor":[78,78,78,78,78,78,78,78,78,78,78,78,78,78,78,78,78,78,78,78,39,39,39,39,39,39,39,39,49,49,49,49,54,54,54,54,54,54,54,54,54,54,54,54,54,54,54,54,54,54,54,54,54,54,54],"card_choices":[{"not_picked":["Aggregate","Reinforced Body"],"picked":"Sweeping Beam","floor":1},{"not_picked":["Sweeping Beam","Undo"],"picked":"Gash","floor":2},{"not_picked":["Scrape","Redo"],"picked":"Go for the Eyes","floor":4},{"not_picked":["Redo","Turbo"],"picked":"Coolheaded","floor":7},{"not_picked":["Turbo","Blizzard"],"picked":"Multi-Cast","floor":10},{"not_picked":["Beam Cell","Sweeping Beam"],"picked":"FTL","floor":11},{"not_picked":["Self Repair","Go for the Eyes"],"picked":"Compile Driver","floor":13},{"not_picked":["Biased Cognition","Seek"],"picked":"Electrodynamics","floor":16},{"not_picked":["Fusion","Cold Snap"],"picked":"Consume+1","floor":18},{"not_picked":["Gash","Scrape+1"],"picked":"Coolheaded","floor":22},{"not_picked":["FTL","Steam"],"picked":"Echo Form","floor":24},{"not_picked":["Steam","Cold Snap"],"picked":"Undo","floor":28},{"not_picked":["Beam Cell","Scrape","Go for the Eyes"],"picked":"SKIP","floor":29},{"not_picked":["Ball Lightning+1","Darkness"],"picked":"Tempest","floor":31},{"not_picked":["Hyperbeam","Rainbow"],"picked":"Machine Learning+1","floor":33},{"not_picked":["Genetic Algorithm","Barrage+1","Leap"],"picked":"SKIP","floor":35},{"not_picked":["Flash of Steel","Trip"],"picked":"Master of Strategy","floor":36},{"not_picked":["Aggregate+1","Hello World+1"],"picked":"Coolheaded","floor":39},{"not_picked":["Sunder+1","FTL"],"picked":"White Noise+1","floor":40},{"not_picked":["Conserve Battery","Sweeping Beam"],"picked":"White Noise","floor":41},{"not_picked":["Genetic Algorithm","Rebound","Streamline"],"picked":"SKIP","floor":42},{"not_picked":["Consume","Doom and Gloom"],"picked":"Static Discharge+1","floor":44},{"not_picked":["Consume","Hello World+1","Gash+1"],"picked":"SKIP","floor":47},{"not_picked":["Auto Shields","Beam Cell+1","Stack"],"picked":"SKIP","floor":48},{"not_picked":["Doom and Gloom+1","Barrage+1"],"picked":"Capacitor+1","floor":54}],"player_experience":796028,"relics_obtained":[{"floor":9,"key":"Happy Flower"},{"floor":10,"key":"DataDisk"},{"floor":24,"key":"Old Coin"},{"floor":26,"key":"Frozen Egg 2"},{"floor":29,"key":"Pear"},{"floor":31,"key":"Shuriken"},{"floor":42,"key":"Vajra"},{"floor":44,"key":"Torii"},{"floor":47,"key":"War Paint"},{"floor":54,"key":"Whetstone"}],"event_choices":[{"cards_removed":["Strike_B"],"damage_healed":0,"gold_gain":0,"player_choice":"Offered Basic","damage_taken":0,"max_hp_gain":0,"max_hp_loss":0,"event_name":"Bonfire Elementals","floor":3,"gold_loss":0},{"damage_healed":0,"gold_gain":0,"player_choice":"Bought 1 Potion","damage_taken":0,"max_hp_gain":0,"max_hp_loss":0,"event_name":"The Woman in Blue","floor":5,"gold_loss":0},{"damage_healed":0,"gold_gain":0,"cards_transformed":["Strike_B","Strike_B"],"player_choice":"Became Test Subject","damage_taken":0,"max_hp_gain":0,"max_hp_loss":0,"event_name":"Drug Dealer","floor":19,"gold_loss":0,"cards_obtained":["Genetic Algorithm","White Noise"]},{"damage_healed":0,"gold_gain":0,"player_choice":"Joined the Cult","damage_taken":6,"max_hp_gain":0,"max_hp_loss":0,"event_name":"Nest","floor":20,"gold_loss":0,"cards_obtained":["RitualDagger"]},{"damage_healed":0,"gold_gain":0,"player_choice":"Became a Ghost","damage_taken":0,"max_hp_gain":0,"max_hp_loss":39,"event_name":"Ghosts","floor":21,"gold_loss":0,"cards_obtained":["Ghostly","Ghostly","Ghostly","Ghostly","Ghostly"]},{"damage_healed":0,"gold_gain":0,"player_choice":"Memory 1","damage_taken":0,"max_hp_gain":0,"max_hp_loss":0,"event_name":"SensoryStone","floor":36,"gold_loss":0},{"cards_removed":["FTL"],"damage_healed":0,"gold_gain":0,"player_choice":"Removed Attack","damage_taken":0,"max_hp_gain":0,"max_hp_loss":0,"event_name":"Falling","floor":37,"gold_loss":0},{"damage_healed":0,"gold_gain":0,"player_choice":"Paid","damage_taken":0,"relics_obtained":["Red Mask"],"max_hp_gain":0,"max_hp_loss":0,"event_name":"Tomb of Lord Red Mask","floor":38,"gold_loss":82},{"damage_healed":0,"gold_gain":0,"player_choice":"Fight","damage_taken":0,"max_hp_gain":0,"max_hp_loss":0,"event_name":"Mysterious Sphere","floor":44,"gold_loss":0},{"damage_healed":0,"gold_gain":0,"player_choice":"Ignored","damage_taken":0,"max_hp_gain":0,"max_hp_loss":0,"event_name":"Golden Shrine","floor":46,"gold_loss":0}],"is_beta":true,"boss_relics":[{"not_picked":["Inserter","Pandora\u0027s Box"],"picked":"Ectoplasm"},{"not_picked":["Coffee Dripper","FrozenCore"],"picked":"Fusion Hammer"}],"items_purged_floors":[14],"is_endless":false,"potions_floor_spawned":[4,10,11,16,24,29,31,35,39,44],"ascension_level":14}