{"path_per_floor":["M","M","$","M","T","R","E","?","T","M","R","M","E","M","R","B",null,"M","M","?","?","?","R","M","R","T","E","M","?","R","?","R","B",null,"M","M","$","?","M","R","M","$","T","R","M","M","R","M","R","B"],"character_chosen":"THE_SILENT","items_purchased":["Block Potion","Malaise","Noxious Fumes","Dexterity Potion"],"gold_per_floor":[111,125,1,19,19,19,47,68,68,83,83,96,122,139,139,216,216,216,216,216,216,216,216,216,216,216,216,216,216,216,216,216,216,216,216,216,69,69,69,69,69,21,21,21,21,21,21,21,21,21],"floor_reached":51,"campfire_rested":3,"playtime":5415,"current_hp_per_floor":[59,59,59,59,59,59,55,54,54,54,54,54,42,39,39,37,57,50,46,46,46,46,46,48,48,48,48,48,48,48,48,48,13,56,56,55,55,29,29,49,49,49,49,68,67,67,67,64,70,40],"items_purged":["Parasite"],"gold":21,"score":907,"play_id":"f7fb073f-1646-4044-a902-5b9169b6a6fb","is_prod":false,"is_daily":false,"is_ascension_mode":true,"campfire_upgraded":8,"path_taken":["M","M","$","M","?","R","E","?","T","M","R","M","E","M","R","BOSS","M","M","?","?","?","R","M","R","T","E","?","?","R","?","R","BOSS","M","M","$","?","M","R","M","$","T","R","M","M","R","M","R","BOSS"],"build_version":"2018-02-15-BETA1","purchased_purges":1,"victory":true,"master_deck":["Defend_G+1","Defend_G+1","Defend_G+1","Defend_G+1","Defend_G+1","Strike_G+1","Strike_G+1","Strike_G+1","Strike_G+1","Strike_G+1","Survivor","Neutralize+1","Terror","Backflip","Dash+1","A Thousand Cuts+1","Prepared+1","Flying Knee+1","Infinite Blades+1","Acrobatics","PiercingWail","Well Laid Plans+1","Storm of Steel+1","Outmaneuver+1","After Image+1","Dash+1","Dagger Spray+1","Expertise+1","Cloak And Dagger+1","Escape Plan","Adrenaline","Blur","Footwork+1","Malaise+1","Noxious Fumes+1","Infinite Blades+1","Caltrops+1","Backflip+1","Calculated Gamble+1","Cloak And Dagger+1"],"max_hp_per_floor":[66,66,63,63,63,63,63,63,63,63,63,63,63,63,63,63,63,63,63,63,63,63,63,63,63,63,63,63,63,63,63,63,63,68,68,68,68,68,68,68,68,68,68,68,70,70,70,70,70,70],"relics":["Ring of the Snake","Bag of Marbles","Sundial","Prayer Wheel","Odd Mushroom","Gremlin Horn","Frozen Egg 2","Ectoplasm","Vajra","Whetstone","Red Mask","Tiny House","Ginger","Singing Bowl"],"card_choices":[{"not_picked":["Bane","Deflect"],"picked":"Terror"},{"not_picked":["Blade Dance","Catalyst"],"picked":"Backflip"},{"not_picked":["Choke","Terror"],"picked":"Dash"},{"not_picked":["Crippling Poison","Choke"],"picked":"A Thousand Cuts"},{"not_picked":["Dodge and Roll","Slice"],"picked":"Prepared"},{"not_picked":["Dagger Throw","Wraith Form"],"picked":"Flying Knee"},{"not_picked":["Reflex","Deadly Poison"],"picked":"Infinite Blades"},{"not_picked":["Dodge and Roll","Deflect"],"picked":"Acrobatics"},{"not_picked":["Bane","All Out Attack"],"picked":"PiercingWail"},{"not_picked":["Dodge and Roll","Deadly Poison"],"picked":"Well Laid Plans"},{"not_picked":["Bullet Time","Doppelganger"],"picked":"Storm of Steel"},{"not_picked":["Acrobatics","Bane"],"picked":"Outmaneuver"},{"not_picked":["Flying Knee","Deflect"],"picked":"Dash"},{"not_picked":["Quick Slash","Backflip"],"picked":"Dagger Spray"},{"not_picked":["Flechettes","Quick Slash"],"picked":"Expertise"},{"not_picked":["Quick Slash","Backflip"],"picked":"Cloak And Dagger"},{"not_picked":["Leg Sweep","Deflect"],"picked":"Escape Plan"},{"not_picked":["Storm of Steel","Corpse Explosion"],"picked":"Adrenaline"},{"not_picked":["Malaise","Underhanded Strike"],"picked":"Blur"},{"not_picked":["Dagger Throw","Prepared"],"picked":"Footwork"},{"not_picked":["PiercingWail","Endless Agony"],"picked":"Infinite Blades"},{"not_picked":["Expertise","Escape Plan"],"picked":"Caltrops"},{"not_picked":["Dagger Throw","Well Laid Plans"],"picked":"Backflip"},{"not_picked":["Quick Slash","Catalyst"],"picked":"Calculated Gamble"},{"not_picked":["Deadly Poison","Sucker Punch"],"picked":"Cloak And Dagger"}],"player_experience":262841,"potions_floor_usage":[8,13,19,19,24,38,39,50,50,50],"damage_taken":[{"damage":0,"enemies":"Cultist","floor":1,"turns":3},{"damage":0,"enemies":"2 Louse","floor":2,"turns":3},{"damage":0,"enemies":"Jaw Worm","floor":4,"turns":4},{"damage":4,"enemies":"Lagavulin","floor":7,"turns":7},{"damage":1,"enemies":"The Mushroom Lair","floor":8,"turns":4},{"damage":0,"enemies":"Exordium Wildlife","floor":10,"turns":2},{"damage":0,"enemies":"2 Fungi Beasts","floor":12,"turns":3},{"damage":12,"enemies":"Gremlin Nob","floor":13,"turns":4},{"damage":3,"enemies":"Looter","floor":14,"turns":3},{"damage":2,"enemies":"The Guardian","floor":16,"turns":11},{"damage":7,"enemies":"Shell Parasite","floor":18,"turns":5},{"damage":4,"enemies":"Chosen","floor":19,"turns":5},{"damage":7,"enemies":"3 Cultists","floor":24,"turns":4},{"damage":0,"enemies":"Gremlin Leader","floor":27,"turns":5},{"damage":0,"enemies":"Centurion and Healer","floor":28,"turns":5},{"damage":0,"enemies":"Masked Bandits","floor":31,"turns":3},{"damage":35,"enemies":"Automaton","floor":33,"turns":9},{"damage":0,"enemies":"3 Shapes","floor":35,"turns":3},{"damage":1,"enemies":"Orb Walker","floor":36,"turns":3},{"damage":26,"enemies":"Mysterious Sphere","floor":38,"turns":4},{"damage":0,"enemies":"Flame Bruiser 2 Orb","floor":39,"turns":3},{"damage":0,"enemies":"4 Shapes","floor":41,"turns":5},{"damage":3,"enemies":"Spire Growth","floor":45,"turns":5},{"damage":0,"enemies":"Sphere and 2 Shapes","floor":46,"turns":4},{"damage":3,"enemies":"3 Darklings","floor":48,"turns":5},{"damage":30,"enemies":"Time Eater","floor":50,"turns":13}],"event_choices":[{"event_name":"Mushrooms","player_choice":"Fought Mushrooms","floor":8,"damage_taken":0},{"event_name":"Back to Basics","player_choice":"Simplicity","floor":20,"damage_taken":0},{"event_name":"Match and Keep!","player_choice":"0 cards matched","floor":21,"damage_taken":0},{"event_name":"The Library","player_choice":"Read","floor":22,"damage_taken":0},{"event_name":"Vampires","player_choice":"Ignored","floor":29,"damage_taken":0},{"event_name":"Masked Bandits","player_choice":"Fought over 216 gold","floor":31,"damage_taken":0},{"event_name":"Mysterious Sphere","player_choice":"Fight","floor":38,"damage_taken":0}],"boss_relics":[{"not_picked":["Orrery","White Beast Statue"],"picked":"Ectoplasm"},{"not_picked":["The Specimen","Question Card"],"picked":"Tiny House"}],"potions_floor_spawned":[4,7,8,10,14,27,33,36,38,41,46],"seed_played":"2998804987245388678","ascension_level":15,"is_trial":false}