{"gold_per_floor":[112,124,138,150,325,325,7,21,21,38,38,48,48,58,58,157,157,172,47,47,67,67,67,85,85,85,85,101,129,104,172,172,272,272,287,97,97,154,154,154,168,168,168,184,203,218,46,46,46,46],"floor_reached":51,"playtime":1234,"items_purged":["Doubt","Strike_R","Writhe"],"score":664,"play_id":"a50b5d08-6539-4a20-acce-a7d9ea39586a","local_time":"20190227102125","is_ascension_mode":false,"campfire_choices":[{"data":"Searing Blow","floor":6.0,"key":"SMITH"},{"data":"Searing Blow+1","floor":11.0,"key":"SMITH"},{"data":"Searing Blow+2","floor":15.0,"key":"SMITH"},{"data":"Searing Blow+4","floor":23.0,"key":"SMITH"},{"data":"Searing Blow+5","floor":25.0,"key":"SMITH"},{"data":"Searing Blow+6","floor":27.0,"key":"SMITH"},{"data":"Searing Blow+7","floor":32.0,"key":"SMITH"},{"data":"Searing Blow+8","floor":40.0,"key":"SMITH"},{"data":"Searing Blow+9","floor":42.0,"key":"SMITH"},{"data":"Searing Blow+10","floor":49,"key":"SMITH"}],"neow_cost":"NONE","seed_source_timestamp":52554491485490,"circlet_count":0,"master_deck":["Strike_R+1","Strike_R+1","Strike_R+1","Strike_R+1","Defend_R+1","Defend_R+1","Defend_R+1","Defend_R+1","Bash","Searing Blow+11","Headbutt","True Grit","Thunderclap","True Grit+1","Uppercut","Rage+1","Demon Form","Double Tap+1","Havoc+1","Armaments+1","Intimidate+1","Armaments+1","Shockwave+1","Shrug It Off+1","Juggernaut","Havoc+1","Searing Blow+8","Ghostly Armor+1","Ghostly Armor+1","Armaments+1","Searing Blow+10"],"special_seed":0,"relics":["Burning Blood","NeowsBlessing","Toxic Egg 2","Darkstone Periapt","Coffee Dripper","Shuriken","Red Mask","Meat on the Bone","Sozu","DollysMirror","Tiny Chest","Juzu Bracelet"],"potions_floor_usage":[50],"damage_taken":[{"damage":0.0,"enemies":"Cultist","floor":1.0,"turns":1.0},{"damage":0.0,"enemies":"Jaw Worm","floor":2.0,"turns":1.0},{"damage":0.0,"enemies":"2 Louse","floor":3.0,"turns":1.0},{"damage":7.0,"enemies":"Blue Slaver","floor":4.0,"turns":3.0},{"damage":0.0,"enemies":"Lots of Slimes","floor":8.0,"turns":4.0},{"damage":12.0,"enemies":"Looter","floor":10.0,"turns":4.0},{"damage":2.0,"enemies":"Exordium Thugs","floor":12.0,"turns":3.0},{"damage":7.0,"enemies":"Lots of Slimes","floor":14.0,"turns":4.0},{"damage":48.0,"enemies":"Hexaghost","floor":16.0,"turns":9.0},{"damage":7.0,"enemies":"Chosen","floor":18.0,"turns":4.0},{"damage":5.0,"enemies":"3 Byrds","floor":21.0,"turns":7.0},{"damage":6.0,"enemies":"3 Cultists","floor":24.0,"turns":3.0},{"damage":0.0,"enemies":"Cultist and Chosen","floor":28.0,"turns":3.0},{"damage":0.0,"enemies":"Masked Bandits","floor":29.0,"turns":4.0},{"damage":24.0,"enemies":"Automaton","floor":33.0,"turns":8.0},{"damage":0.0,"enemies":"Orb Walker","floor":35.0,"turns":2.0},{"damage":4.0,"enemies":"3 Darklings","floor":41.0,"turns":9.0},{"damage":9.0,"enemies":"4 Shapes","floor":44.0,"turns":5.0},{"damage":4.0,"enemies":"Spire Growth","floor":45.0,"turns":2.0},{"damage":20,"enemies":"Sphere and 2 Shapes","floor":46,"turns":4},{"damage":30,"enemies":"Time Eater","floor":50,"turns":7}],"seed_played":"1104568734909456617","potions_obtained":[{"floor":1.0,"key":"Poison Potion"},{"floor":3.0,"key":"Block Potion"},{"floor":8.0,"key":"SteroidPotion"},{"floor":16.0,"key":"Ancient Potion"},{"floor":24.0,"key":"Ancient Potion"},{"floor":33.0,"key":"LiquidBronze"}],"is_trial":false,"path_per_floor":["M","M","M","M","?","R","$","M","T","M","R","M","$","M","R","B",null,"M","$","?","M","?","R","M","R","T","R","M","?","$","T","R","B",null,"M","$","$","T","?","R","M","R","T","M","M","M","$","?","R","B",null],"character_chosen":"IRONCLAD","items_purchased":["Toxic Egg 2","Armaments+1","Shrug It Off+1","DollysMirror","Armaments+1"],"campfire_rested":0,"item_purchase_floors":[7,19,30,36,47],"current_hp_per_floor":[80,80,80,79,79,79,79,80,80,74,74,78,78,77,77,35,80,79,79,79,80,80,80,80,80,80,80,80,80,80,80,80,62,80,80,80,80,80,86,86,86,86,86,83,85,71,71,71,71,59],"gold":46,"neow_bonus":"THREE_ENEMY_KILL","is_prod":false,"is_daily":false,"chose_seed":false,"campfire_upgraded":10,"win_rate":0,"timestamp":1551284485,"path_taken":["M","M","?","M","?","R","?","M","T","?","R","M","$","M","R","BOSS","M","$","?","M","?","R","M","R","T","R","?","?","$","?","R","BOSS","M","?","$","?","?","R","M","R","T","M","M","M","$","?","R","BOSS"],"build_version":"2019-01-23","purchased_purges":3,"victory":true,"max_hp_per_floor":[80,80,80,80,80,80,80,80,80,80,80,80,80,80,80,80,80,80,80,80,80,80,80,80,80,80,80,80,80,80,80,80,80,80,80,80,80,80,86,86,86,86,86,86,86,86,86,86,86,86],"card_choices":[{"not_picked":["Corruption","Pommel Strike"],"picked":"Searing Blow","floor":1.0},{"not_picked":["Warcry","Wild Strike"],"picked":"Headbutt","floor":2.0},{"not_picked":["Rage","Clothesline"],"picked":"True Grit","floor":3.0},{"not_picked":["Reaper","Anger"],"picked":"Thunderclap","floor":4.0},{"not_picked":["Uppercut","Feel No Pain"],"picked":"True Grit+1","floor":8.0},{"not_picked":["Sword Boomerang","Pommel Strike"],"picked":"Uppercut","floor":10.0},{"not_picked":["Heavy Blade","Anger"],"picked":"Rage+1","floor":12.0},{"not_picked":["Wild Strike","Pommel Strike"],"picked":"Demon Form","floor":14.0},{"not_picked":["Limit Break+1","Feed"],"picked":"Double Tap+1","floor":16.0},{"not_picked":["Clash","Carnage"],"picked":"Havoc+1","floor":18.0},{"not_picked":["Anger","Headbutt+1"],"picked":"Intimidate+1","floor":21.0},{"not_picked":["Clash","Anger"],"picked":"Armaments+1","floor":24.0},{"not_picked":["Iron Wave","Pommel Strike","Perfected Strike"],"picked":"SKIP","floor":28.0},{"not_picked":["Bludgeon","Seeing Red+1"],"picked":"Shockwave+1","floor":29.0},{"not_picked":["Reaper","Fiend Fire"],"picked":"Juggernaut","floor":33.0},{"not_picked":["Warcry+1","Uppercut"],"picked":"Havoc+1","floor":35.0},{"not_picked":["Warcry+1","Perfected Strike","Flex+1"],"picked":"SKIP","floor":41.0},{"not_picked":["Pummel","Perfected Strike"],"picked":"Ghostly Armor+1","floor":44.0},{"not_picked":["Searing Blow+1","Twin Strike+1","Seeing Red+1"],"picked":"SKIP","floor":45.0},{"not_picked":["Pommel Strike+1","Perfected Strike"],"picked":"Ghostly Armor+1","floor":46}],"player_experience":940158,"relics_obtained":[{"floor":9.0,"key":"Darkstone Periapt"},{"floor":26.0,"key":"Shuriken"},{"floor":29.0,"key":"Red Mask"},{"floor":31.0,"key":"Meat on the Bone"},{"floor":38.0,"key":"Tiny Chest"},{"floor":43.0,"key":"Juzu Bracelet"}],"event_choices":[{"damage_healed":0.0,"max_hp_gain":0.0,"max_hp_loss":0.0,"gold_gain":175.0,"event_name":"Liars Game","player_choice":"AGREE","floor":5.0,"gold_loss":0.0,"damage_taken":0.0,"cards_obtained":["Doubt"]},{"damage_healed":0.0,"max_hp_gain":0.0,"max_hp_loss":0.0,"gold_gain":0.0,"event_name":"Back to Basics","player_choice":"Simplicity","floor":20.0,"gold_loss":0.0,"damage_taken":0.0,"cards_upgraded":["Strike_R","Strike_R","Strike_R","Strike_R","Defend_R","Defend_R","Defend_R","Defend_R"]},{"damage_healed":0.0,"max_hp_gain":0.0,"max_hp_loss":0.0,"gold_gain":0.0,"event_name":"Upgrade Shrine","player_choice":"Upgraded","floor":22.0,"gold_loss":0.0,"damage_taken":0.0,"cards_upgraded":["Searing Blow"]},{"damage_healed":0.0,"max_hp_gain":0.0,"max_hp_loss":0.0,"gold_gain":0.0,"event_name":"Masked Bandits","player_choice":"Fought Bandits","floor":29.0,"gold_loss":0.0,"damage_taken":0.0},{"damage_healed":20.0,"max_hp_gain":0.0,"max_hp_loss":0.0,"gold_gain":0.0,"event_name":"Winding Halls","player_choice":"Writhe","floor":39.0,"gold_loss":0.0,"damage_taken":0.0,"cards_obtained":["Writhe"]},{"damage_healed":0,"gold_gain":0,"player_choice":"Copied","damage_taken":0,"max_hp_gain":0,"max_hp_loss":0,"event_name":"Duplicator","floor":48,"gold_loss":0,"cards_obtained":["Searing Blow"]}],"is_beta":false,"boss_relics":[{"not_picked":["Orrery","Tiny House"],"picked":"Coffee Dripper"},{"not_picked":["Black Blood","Astrolabe"],"picked":"Sozu"}],"items_purged_floors":[7,19,47],"is_endless":false,"potions_floor_spawned":[1,3,8,16,24,33,35,45,46],"ascension_level":0}