{"gold_per_floor":[116,116,42,57,77,107,122,122,147,147,222,222,250,263,263,263],"floor_reached":16,"playtime":837,"items_purged":[],"score":196,"play_id":"e2db2f47-732e-4510-968c-cd311d600857","local_time":"20190225005320","is_ascension_mode":true,"campfire_choices":[{"data":"Dash","floor":8,"key":"SMITH"},{"data":"Dash","floor":10,"key":"SMITH"},{"floor":12,"key":"REST"},{"floor":15,"key":"REST"}],"neow_cost":"NONE","seed_source_timestamp":3560714391606133,"circlet_count":0,"master_deck":["Defend_G","Defend_G","Defend_G","Defend_G","Defend_G","Strike_G","Strike_G","Strike_G","Strike_G","Strike_G","Survivor","Neutralize","Dash+1","Quick Slash","Dash+1","Backflip","Crippling Poison"],"relics":["Snecko Eye","Strawberry","Ancient Tea Set","Snake Skull"],"potions_floor_usage":[14,16,16],"damage_taken":[{"damage":0,"enemies":"Jaw Worm","floor":1,"turns":6},{"damage":0,"enemies":"Cultist","floor":4,"turns":4},{"damage":0,"enemies":"2 Louse","floor":5,"turns":3},{"damage":24,"enemies":"Gremlin Nob","floor":6,"turns":6},{"damage":0,"enemies":"Large Slime","floor":7,"turns":6},{"damage":0,"enemies":"3 Sentries","floor":13,"turns":6},{"damage":13,"enemies":"Lots of Slimes","floor":14,"turns":4},{"damage":74,"enemies":"Hexaghost","floor":16,"turns":15}],"seed_played":"-2198563692587081967","potions_obtained":[{"floor":5,"key":"Fire Potion"},{"floor":13,"key":"Strength Potion"},{"floor":14,"key":"Block Potion"}],"is_trial":false,"path_per_floor":["M","?","$","M","M","E","M","R","T","R","?","R","E","M","R","B"],"character_chosen":"THE_SILENT","items_purchased":["Quick Slash","PowerPotion"],"campfire_rested":2,"item_purchase_floors":[3,3],"current_hp_per_floor":[63,63,63,63,63,46,46,46,46,46,35,58,58,45,68,0],"gold":263,"neow_bonus":"BOSS_RELIC","is_prod":false,"is_daily":false,"chose_seed":false,"campfire_upgraded":2,"win_rate":0,"timestamp":1551074000,"path_taken":["M","?","$","M","M","E","?","R","T","R","?","R","E","M","R","BOSS"],"build_version":"2019-02-06","purchased_purges":0,"victory":false,"max_hp_per_floor":[70,70,70,70,70,77,77,77,77,77,77,77,77,77,77,77],"card_choices":[{"not_picked":["PiercingWail","Masterful Stab"],"picked":"Dash","floor":1},{"not_picked":["Infinite Blades","Deflect"],"picked":"Dash","floor":4},{"not_picked":["Poisoned Stab","Concentrate","Underhanded Strike"],"picked":"SKIP","floor":5},{"not_picked":["All Out Attack","Poisoned Stab","Dagger Throw"],"picked":"SKIP","floor":6},{"not_picked":["Corpse Explosion","Underhanded Strike","Heel Hook"],"picked":"SKIP","floor":7},{"not_picked":["Outmaneuver","Deflect"],"picked":"Backflip","floor":13},{"not_picked":["Blur","Prepared"],"picked":"Crippling Poison","floor":14}],"player_experience":240223,"relics_obtained":[{"floor":6,"key":"Strawberry"},{"floor":9,"key":"Ancient Tea Set"},{"floor":13,"key":"Snake Skull"}],"event_choices":[{"damage_healed":0,"gold_gain":0,"player_choice":"0 cards matched","damage_taken":0,"max_hp_gain":0,"max_hp_loss":0,"event_name":"Match and Keep!","floor":2,"gold_loss":0,"cards_obtained":[]},{"damage_healed":0,"gold_gain":75,"player_choice":"Gather Gold","damage_taken":11,"max_hp_gain":0,"max_hp_loss":0,"event_name":"World of Goop","floor":11,"gold_loss":0}],"is_beta":true,"boss_relics":[],"items_purged_floors":[],"is_endless":false,"potions_floor_spawned":[5,13,14],"killed_by":"Hexaghost","ascension_level":9}