{"gold_per_floor":[109,109,109,129,129,162,162,112,135,85,101,114,114,24,24,24],"floor_reached":16,"playtime":256,"items_purged":["Regret","Strike_R","Defend_R"],"score":123,"play_id":"f0975006-d205-4ef0-a107-1a7df0c632cc","local_time":"20190227075649","is_ascension_mode":false,"campfire_choices":[{"data":"Flex","floor":7,"key":"SMITH"},{"data":"Flex","floor":13,"key":"SMITH"},{"data":"Flex","floor":15,"key":"SMITH"}],"neow_cost":"NONE","seed_source_timestamp":44912725081708,"circlet_count":0,"master_deck":["Strike_R","Strike_R","Strike_R","Strike_R","Defend_R","Defend_R","Defend_R","Bash","Flex+1","Flex+1","Flex+1","Metallicize","Ghostly Armor","Shrug It Off"],"relics":["Burning Blood","NeowsBlessing","The Courier","Golden Idol","Smiling Mask","Pear","Art of War"],"potions_floor_usage":[16],"damage_taken":[{"damage":0,"enemies":"Jaw Worm","floor":1,"turns":1},{"damage":0,"enemies":"Small Slimes","floor":4,"turns":1},{"damage":0,"enemies":"Gremlin Nob","floor":6,"turns":1},{"damage":1,"enemies":"Cultist","floor":11,"turns":3},{"damage":9,"enemies":"2 Fungi Beasts","floor":12,"turns":4},{"damage":90,"enemies":"Slime Boss","floor":16,"turns":14}],"seed_played":"2035344094001398526","potions_obtained":[{"floor":4,"key":"Ancient Potion"},{"floor":6,"key":"SpeedPotion"},{"floor":12,"key":"EssenceOfSteel"}],"is_trial":false,"path_per_floor":["M","?","?","M","?","E","R","$","T","$","M","M","R","$","R","B"],"character_chosen":"IRONCLAD","items_purchased":["Shrug It Off"],"campfire_rested":0,"item_purchase_floors":[14],"current_hp_per_floor":[80,80,74,74,67,83,83,83,83,83,84,81,81,81,81,0],"gold":24,"neow_bonus":"THREE_ENEMY_KILL","is_prod":false,"is_daily":false,"chose_seed":false,"campfire_upgraded":3,"win_rate":0,"timestamp":1551275809,"path_taken":["M","?","?","M","?","E","R","?","T","$","?","M","R","$","R","BOSS"],"build_version":"2019-01-23","purchased_purges":3,"victory":false,"max_hp_per_floor":[80,80,74,74,74,84,84,84,84,84,84,84,84,84,84,84],"card_choices":[{"not_picked":["Thunderclap","Armaments"],"picked":"Flex","floor":1},{"not_picked":["Clothesline","Warcry"],"picked":"Flex","floor":4},{"not_picked":["Armaments","Flame Barrier"],"picked":"Flex","floor":6},{"not_picked":["Thunderclap","Exhume"],"picked":"Metallicize","floor":11},{"not_picked":["Body Slam","Dropkick"],"picked":"Ghostly Armor","floor":12}],"player_experience":936071,"relics_obtained":[{"floor":6,"key":"Pear"},{"floor":9,"key":"Art of War"}],"event_choices":[{"damage_healed":0,"gold_gain":0,"player_choice":"Box","damage_taken":0,"relics_obtained":["The Courier"],"max_hp_gain":0,"max_hp_loss":0,"event_name":"Big Fish","floor":2,"gold_loss":0,"cards_obtained":["Regret"]},{"damage_healed":0,"gold_gain":0,"player_choice":"Lose Max HP","damage_taken":0,"relics_obtained":["Golden Idol"],"max_hp_gain":0,"max_hp_loss":6,"event_name":"Golden Idol","floor":3,"gold_loss":0},{"damage_healed":0,"gold_gain":0,"player_choice":"Success","damage_taken":7,"relics_obtained":["Smiling Mask"],"max_hp_gain":0,"max_hp_loss":0,"event_name":"Scrap Ooze","floor":5,"gold_loss":0}],"is_beta":false,"boss_relics":[],"items_purged_floors":[8,10,14],"is_endless":false,"potions_floor_spawned":[4,6,12],"killed_by":"Slime Boss","ascension_level":0}