{"gold_per_floor":[115,290,307,317,334,72,72,103,180,196,215,215,215,226,226,322,322,322,322,322,80,80,80,80,80,80,80,80,80,80,80,80,80,80,80,80,80,80,80,80,80,80,80,80,80,80,80,80,80,80],"floor_reached":51,"playtime":3106,"items_purged":["Doubt"],"score":768,"play_id":"d55e9d98-a0ab-423e-b9a2-ef18be807356","local_time":"20190228153122","is_ascension_mode":true,"campfire_choices":[{"floor":13,"key":"REST"},{"floor":15,"key":"REST"},{"floor":23,"key":"REST"},{"data":"Catalyst","floor":25,"key":"SMITH"},{"floor":27,"key":"REST"},{"floor":29,"key":"REST"},{"floor":32,"key":"REST"},{"floor":40,"key":"REST"},{"floor":42,"key":"REST"},{"floor":47,"key":"REST"},{"data":"Noxious Fumes","floor":49,"key":"SMITH"}],"neow_cost":"NONE","seed_source_timestamp":525211854671358,"circlet_count":0,"master_deck":["Defend_G+1","Defend_G","Defend_G","Defend_G+1","Strike_G","Strike_G","Strike_G","Survivor","Neutralize","Deadly Poison","Leg Sweep","PiercingWail","Escape Plan","Acrobatics","Deadly Poison","Poisoned Stab","Backflip","Dash","Noxious Fumes+1","Crippling Poison","Backflip","Well Laid Plans","Catalyst+1","Catalyst","Adrenaline","Dash+1","Bandage Up"],"relics":["Orrery","War Paint","StoneCalendar","Letter Opener","Ectoplasm","Bottled Tornado","Anchor","Lantern","Empty Cage","The Courier"],"potions_floor_usage":[16,24,28,30,37,48],"damage_taken":[{"damage":0,"enemies":"Small Slimes","floor":1,"turns":4},{"damage":0,"enemies":"Jaw Worm","floor":3,"turns":4},{"damage":0,"enemies":"Cultist","floor":4,"turns":3},{"damage":1,"enemies":"Looter","floor":5,"turns":4},{"damage":13,"enemies":"Lagavulin","floor":8,"turns":6},{"damage":1,"enemies":"Lots of Slimes","floor":10,"turns":4},{"damage":7,"enemies":"Large Slime","floor":11,"turns":7},{"damage":4,"enemies":"Looter","floor":14,"turns":3},{"damage":26,"enemies":"The Guardian","floor":16,"turns":8},{"damage":4,"enemies":"Spheric Guardian","floor":18,"turns":5},{"damage":0,"enemies":"Shell Parasite","floor":19,"turns":6},{"damage":6,"enemies":"Snake Plant","floor":22,"turns":5},{"damage":13,"enemies":"Slavers","floor":24,"turns":5},{"damage":22,"enemies":"Snecko","floor":28,"turns":6},{"damage":13,"enemies":"Shelled Parasite and Fungi","floor":30,"turns":4},{"damage":21,"enemies":"Centurion and Healer","floor":31,"turns":7},{"damage":7,"enemies":"Champ","floor":33,"turns":7},{"damage":0,"enemies":"3 Shapes","floor":35,"turns":4},{"damage":19,"enemies":"Orb Walker","floor":37,"turns":4},{"damage":31,"enemies":"Writhing Mass","floor":41,"turns":4},{"damage":15,"enemies":"Maw","floor":46,"turns":6},{"damage":0,"enemies":"Transient","floor":48,"turns":1},{"damage":57,"enemies":"Time Eater","floor":50,"turns":14}],"seed_played":"-4481426123804713922","potions_obtained":[{"floor":3,"key":"SkillPotion"},{"floor":5,"key":"Energy Potion"},{"floor":8,"key":"GhostInAJar"},{"floor":19,"key":"Fire Potion"},{"floor":24,"key":"SteroidPotion"},{"floor":33,"key":"SneckoOil"},{"floor":37,"key":"SmokeBomb"}],"is_trial":false,"path_per_floor":["M","?","M","M","M","$","?","E","T","M","M","?","R","M","R","B",null,"M","M","?","$","M","R","E","R","T","R","M","R","M","M","R","B",null,"M","?","M","?","?","R","M","R","T","?","$","M","R","M","R","B",null],"character_chosen":"THE_SILENT","items_purchased":["Noxious Fumes","War Paint","Bottled Tornado"],"campfire_rested":9,"item_purchase_floors":[6,6,21],"current_hp_per_floor":[70,70,70,70,69,69,62,49,49,48,41,41,62,58,70,44,70,66,66,66,66,60,70,57,57,57,70,48,69,56,35,56,49,70,70,70,51,51,51,70,39,60,60,60,60,49,70,70,70,17],"gold":80,"neow_bonus":"BOSS_RELIC","is_prod":false,"is_daily":false,"chose_seed":false,"campfire_upgraded":2,"win_rate":0,"timestamp":1551339082,"path_taken":["M","?","M","M","M","$","?","E","T","?","M","?","R","?","R","BOSS","M","M","?","$","M","R","E","R","T","R","M","R","M","M","R","BOSS","M","?","M","?","?","R","M","R","T","?","$","M","R","M","R","BOSS"],"build_version":"2019-01-23","purchased_purges":1,"victory":true,"max_hp_per_floor":[70,70,70,70,70,70,70,70,70,70,70,70,70,70,70,70,70,70,70,70,70,70,70,70,70,70,70,70,70,70,70,70,70,70,70,70,70,70,70,70,70,70,70,70,70,70,70,70,70,70],"card_choices":[{"not_picked":["Blade Dance","Footwork"],"picked":"Deadly Poison","floor":0},{"not_picked":["Calculated Gamble","Outmaneuver"],"picked":"Leg Sweep","floor":0},{"not_picked":["Acrobatics","Slice"],"picked":"PiercingWail","floor":0},{"not_picked":["Leg Sweep","Masterful Stab"],"picked":"Escape Plan","floor":0},{"not_picked":["Cloak And Dagger","Bane"],"picked":"Acrobatics","floor":0},{"not_picked":["Bane","Predator"],"picked":"Deadly Poison","floor":1},{"not_picked":["Distraction","Flying Knee"],"picked":"Poisoned Stab","floor":3},{"not_picked":["Dagger Spray","Dagger Throw"],"picked":"Backflip","floor":4},{"not_picked":["Dagger Throw","Malaise"],"picked":"Dash","floor":5},{"not_picked":["Grand Finale","Night Terror","Dagger Throw"],"picked":"SKIP","floor":8},{"not_picked":["Choke","Blade Dance","Acrobatics"],"picked":"SKIP","floor":10},{"not_picked":["Underhanded Strike","Die Die Die"],"picked":"Crippling Poison","floor":11},{"not_picked":["Accuracy","Prepared"],"picked":"Backflip","floor":14},{"not_picked":["Crippling Poison","Prepared","Leg Sweep"],"picked":"SKIP","floor":18},{"not_picked":["Leg Sweep","Choke"],"picked":"Well Laid Plans","floor":19},{"not_picked":["All Out Attack+1","Sucker Punch+1"],"picked":"Catalyst","floor":22},{"not_picked":["Leg Sweep+1","Distraction","Outmaneuver"],"picked":"SKIP","floor":24},{"not_picked":["Quick Slash","Sucker Punch+1"],"picked":"Poisoned Stab+1","floor":28},{"not_picked":["PiercingWail","Bane","Distraction"],"picked":"SKIP","floor":30},{"not_picked":["Slice","Sucker Punch","Flying Knee+1"],"picked":"SKIP","floor":31},{"not_picked":["Malaise","A Thousand Cuts"],"picked":"Adrenaline","floor":33},{"not_picked":["Slice","Deadly Poison"],"picked":"Dash+1","floor":35},{"not_picked":["Infinite Blades","Accuracy","Caltrops+1"],"picked":"SKIP","floor":37},{"not_picked":["Finesse","Good Instincts"],"picked":"Bandage Up","floor":39},{"not_picked":["Leg Sweep","Masterful Stab+1","Cloak And Dagger"],"picked":"SKIP","floor":41},{"not_picked":["Dagger Spray","Slice","Crippling Poison"],"picked":"SKIP","floor":46}],"player_experience":112608,"relics_obtained":[{"floor":8,"key":"StoneCalendar"},{"floor":9,"key":"Letter Opener"},{"floor":24,"key":"Anchor"},{"floor":26,"key":"Lantern"},{"floor":43,"key":"The Courier"}],"event_choices":[{"damage_healed":0,"gold_gain":175,"player_choice":"AGREE","damage_taken":0,"max_hp_gain":0,"max_hp_loss":0,"event_name":"Liars Game","floor":2,"gold_loss":0,"cards_obtained":["Doubt"]},{"damage_healed":0,"gold_gain":0,"player_choice":"Damaged","damage_taken":7,"max_hp_gain":0,"max_hp_loss":0,"event_name":"Wheel of Change","floor":7,"gold_loss":0},{"cards_removed":["Strike_G"],"damage_healed":0,"gold_gain":0,"player_choice":"Offered Basic","damage_taken":0,"max_hp_gain":0,"max_hp_loss":0,"event_name":"Bonfire Elementals","floor":12,"gold_loss":0},{"damage_healed":0,"gold_gain":0,"player_choice":"Read","damage_taken":0,"max_hp_gain":0,"max_hp_loss":0,"event_name":"The Library","floor":20,"gold_loss":0,"cards_obtained":["Catalyst"]},{"cards_removed":["Poisoned Stab"],"damage_healed":0,"gold_gain":0,"player_choice":"Removed Attack","damage_taken":0,"max_hp_gain":0,"max_hp_loss":0,"event_name":"Falling","floor":36,"gold_loss":0},{"damage_healed":0,"gold_gain":0,"player_choice":"Ignored","damage_taken":0,"max_hp_gain":0,"max_hp_loss":0,"event_name":"Mysterious Sphere","floor":38,"gold_loss":0},{"damage_healed":0,"gold_gain":0,"player_choice":"Memory 1","damage_taken":0,"max_hp_gain":0,"max_hp_loss":0,"event_name":"SensoryStone","floor":39,"gold_loss":0},{"damage_healed":0,"gold_gain":0,"player_choice":"Ignored","damage_taken":0,"max_hp_gain":0,"max_hp_loss":0,"event_name":"Tomb of Lord Red Mask","floor":44,"gold_loss":0}],"is_beta":false,"boss_relics":[{"not_picked":["Cursed Key","Runic Dome"],"picked":"Ectoplasm"},{"not_picked":["Eternal Feather","Runic Pyramid"],"picked":"Empty Cage"}],"items_purged_floors":[6],"is_endless":false,"potions_floor_spawned":[3,5,8,11,19,22,24,33,37,48],"ascension_level":3}