{"path_per_floor":["M","M","M","M","M","E","R","M","T","?","?","$","E","M","R","B",null,"M","M","$","M","?","R","E","R","T","E","R","M","R","M","R","B",null,"M","M","?","$","?","E","M","$","T","R","E","M","R","M","R","B"],"character_chosen":"THE_SILENT","items_purchased":["Acrobatics","Noxious Fumes","Panache","Kunai","Bottled Tornado"],"gold_per_floor":[112,125,139,158,177,208,208,226,226,226,226,49,84,104,104,208,208,221,239,52,68,68,68,96,96,396,422,422,435,435,455,455,559,559,579,599,651,46,46,81,93,93,93,93,123,135,135,152,152,152],"floor_reached":51,"campfire_rested":0,"playtime":4827,"current_hp_per_floor":[63,62,61,60,56,33,33,33,33,70,63,63,55,53,53,50,65,65,65,65,65,65,65,65,65,65,65,65,65,65,65,65,56,67,67,67,67,67,70,70,69,69,69,69,69,70,70,70,70,55],"items_purged":["Strike_G","Strike_G"],"gold":152,"score":948,"play_id":"8bded0b6-9809-4123-bbfa-1b84ba69ea27","is_prod":false,"is_daily":false,"is_ascension_mode":true,"campfire_upgraded":7,"path_taken":["M","M","M","M","M","E","R","M","T","?","?","$","E","?","R","BOSS","M","M","$","M","?","R","E","R","T","E","R","M","R","M","R","BOSS","M","?","?","$","?","E","M","?","T","R","E","M","R","?","R","BOSS"],"build_version":"2018-02-08-BETA1","purchased_purges":2,"victory":true,"master_deck":["Defend_G","Defend_G","Defend_G","Defend_G","Defend_G","Strike_G","Strike_G","Survivor","Neutralize+1","Accuracy+1","Calculated Gamble+1","Cloak And Dagger+1","Backstab","PiercingWail","Adrenaline+1","Acrobatics+1","Noxious Fumes+1","Blade Dance+1","Bullet Time+1","Backflip+1","Blade Dance+1","Panache+1","Acrobatics+1","Acrobatics+1","Envenom","Cloak And Dagger+1","Backflip+1","Writhe","Terror+1","Storm of Steel+1","Writhe","Wraith Form","Cloak And Dagger+1"],"max_hp_per_floor":[70,70,70,70,70,70,70,70,70,70,70,70,70,70,70,70,70,70,70,70,70,70,70,70,70,70,70,70,70,70,70,70,70,70,70,70,70,70,70,70,70,70,70,70,70,70,70,70,70,70],"relics":["Ring of the Snake","Du-Vu Doll","Oddly Smooth Stone","Toxic Egg 2","Snecko Eye","Torii","Old Coin","Blue Candle","Cursed Key","Ginger","Kunai","Bottled Tornado","Vajra","Shovel","Bird Faced Urn","Ornamental Fan","Orichalcum","Bottled Lightning"],"card_choices":[{"not_picked":["Quick Slash","Endless Agony"],"picked":"Accuracy"},{"not_picked":["Deflect","Dagger Throw"],"picked":"Calculated Gamble"},{"not_picked":["Flying Knee","Outmaneuver"],"picked":"Riddle With Holes"},{"not_picked":["Deadly Poison","Slice"],"picked":"Cloak And Dagger"},{"not_picked":["Bouncing Flask","Dagger Throw"],"picked":"Backstab"},{"not_picked":["All Out Attack","Endless Agony"],"picked":"PiercingWail"},{"not_picked":["Footwork","Bouncing Flask"],"picked":"Adrenaline"},{"not_picked":["Storm of Steel","Sucker Punch"],"picked":"Blade Dance"},{"not_picked":["Phantasmal Killer","Doppelganger"],"picked":"Bullet Time"},{"not_picked":["Dodge and Roll","Bane"],"picked":"Backflip"},{"not_picked":["Predator","Distraction"],"picked":"Blade Dance"},{"not_picked":["Expertise","Dodge and Roll"],"picked":"Acrobatics"},{"not_picked":["Dodge and Roll","Quick Slash"],"picked":"Acrobatics"},{"not_picked":["Night Terror","Adrenaline"],"picked":"Envenom"},{"not_picked":["Quick Slash","Noxious Fumes"],"picked":"Cloak And Dagger"},{"not_picked":["Flying Knee","Cloak And Dagger"],"picked":"Backflip"},{"not_picked":["Backflip","Dodge and Roll"],"picked":"Terror"},{"not_picked":["Sucker Punch","Prepared"],"picked":"Storm of Steel"},{"not_picked":["Sucker Punch","Flechettes"],"picked":"Wraith Form"},{"not_picked":["Dagger Throw","Deadly Poison"],"picked":"Cloak And Dagger"}],"player_experience":112125,"potions_floor_usage":[5,6,45,45,50,50],"damage_taken":[{"damage":0,"enemies":"Cultist","floor":1,"turns":4},{"damage":1,"enemies":"Small Slimes","floor":2,"turns":4},{"damage":1,"enemies":"Jaw Worm","floor":3,"turns":4},{"damage":1,"enemies":"3 Louse","floor":4,"turns":6},{"damage":4,"enemies":"Lots of Slimes","floor":5,"turns":2},{"damage":23,"enemies":"Gremlin Nob","floor":6,"turns":5},{"damage":0,"enemies":"2 Fungi Beasts","floor":8,"turns":3},{"damage":8,"enemies":"3 Sentries","floor":13,"turns":7},{"damage":2,"enemies":"3 Louse","floor":14,"turns":3},{"damage":3,"enemies":"The Guardian","floor":16,"turns":11},{"damage":0,"enemies":"Shell Parasite","floor":18,"turns":4},{"damage":0,"enemies":"Spheric Guardian","floor":19,"turns":3},{"damage":0,"enemies":"Centurion and Healer","floor":21,"turns":3},{"damage":0,"enemies":"Slavers","floor":24,"turns":2},{"damage":0,"enemies":"Book of Stabbing","floor":27,"turns":3},{"damage":0,"enemies":"3 Cultists","floor":29,"turns":3},{"damage":0,"enemies":"Snecko","floor":31,"turns":3},{"damage":9,"enemies":"Champ","floor":33,"turns":7},{"damage":0,"enemies":"3 Shapes","floor":35,"turns":3},{"damage":0,"enemies":"Flame Bruiser 1 Orb","floor":36,"turns":2},{"damage":0,"enemies":"Mysterious Sphere","floor":37,"turns":2},{"damage":0,"enemies":"Giant Head","floor":40,"turns":3},{"damage":1,"enemies":"Sphere and 2 Shapes","floor":41,"turns":3},{"damage":1,"enemies":"2 Orb Walkers","floor":45,"turns":2},{"damage":1,"enemies":"Maw","floor":46,"turns":3},{"damage":0,"enemies":"3 Darklings","floor":48,"turns":1},{"damage":19,"enemies":"Donu and Deca","floor":50,"turns":5}],"event_choices":[{"event_name":"Bonfire Elementals","player_choice":"UNCOMMON","floor":10,"damage_taken":0},{"event_name":"Golden Wing","player_choice":"Card Removal","floor":11,"damage_taken":0},{"event_name":"Vampires","player_choice":"Ignored","floor":22,"damage_taken":0},{"event_name":"Mysterious Sphere","player_choice":"Fight","floor":37,"damage_taken":0},{"event_name":"Winding Halls","player_choice":"Writhe","floor":39,"damage_taken":0}],"boss_relics":[{"not_picked":["Question Card","Runic Dome"],"picked":"Snecko Eye"},{"not_picked":["The Specimen","Philosopher\u0027s Stone"],"picked":"Cursed Key"}],"potions_floor_spawned":[1,4,13,14,16,18,24,29,35,41,46],"seed_played":"-5764058146423786301","ascension_level":8,"is_trial":false}