{"path_per_floor":["M","M","$","M","?","E","M","E","T","?","E","R","E","M","R","B",null,"M","M","?","?","M","E","R","M","T","$","?","R","M","E","R"],"character_chosen":"THE_SILENT","items_purchased":["Well Laid Plans","Regen Potion"],"gold_per_floor":[111,125,12,24,24,54,74,108,108,108,140,140,175,188,188,260,260,278,292,292,292,311,339,339,355,430,278,310,310,323,351,351],"floor_reached":33,"campfire_rested":2,"playtime":4378,"current_hp_per_floor":[58,58,58,53,53,34,34,13,13,13,27,50,44,44,44,22,63,55,55,55,55,47,30,30,26,26,26,38,38,37,28,51],"items_purged":["Parasite","Strike_G"],"gold":351,"score":536,"play_id":"e1d3cd3b-3a21-40b1-9efa-8d79a3a3ec31","is_prod":false,"is_daily":false,"is_ascension_mode":true,"campfire_upgraded":3,"path_taken":["M","?","$","M","?","E","M","E","T","?","E","R","E","M","R","BOSS","M","M","?","?","M","E","R","M","T","$","?","R","M","E","R","BOSS"],"build_version":"2018-02-07-BETA2","purchased_purges":2,"victory":false,"master_deck":["Defend_G","Defend_G","Defend_G","Defend_G","Defend_G","Strike_G","Strike_G","Strike_G","Strike_G","Survivor","Neutralize+1","Dagger Spray","Well Laid Plans","Die Die Die","PiercingWail","Deadly Poison+1","Flying Knee","Blur","Footwork+1","Skewer+1","PiercingWail","PiercingWail","Flying Knee","Prepared","Acrobatics"],"max_hp_per_floor":[66,66,63,63,63,63,63,63,63,63,77,77,77,77,77,77,77,77,77,77,77,77,77,77,77,77,77,77,77,77,77,77],"relics":["Ring of the Snake","Thread and Needle","Centennial Puzzle","Frozen Eye","Mango","Ice Cream","Velvet Choker","Juzu Bracelet","Ornamental Fan","Red Mask","The Courier"],"card_choices":[{"not_picked":["Crippling Poison","Deflect"],"picked":"Dagger Spray"},{"not_picked":["Dagger Throw","All Out Attack"],"picked":"Die Die Die"},{"not_picked":["Slice","Malaise"],"picked":"PiercingWail"},{"not_picked":["Flying Knee","Deflect"],"picked":"Deadly Poison"},{"not_picked":["Sucker Punch","Outmaneuver"],"picked":"Flying Knee"},{"not_picked":["Distraction","Cloak And Dagger"],"picked":"Blur"},{"not_picked":["Bane","Flying Knee"],"picked":"Footwork"},{"not_picked":["Flechettes","Crippling Poison"],"picked":"PiercingWail"},{"not_picked":["Dagger Spray","Prepared"],"picked":"PiercingWail"},{"not_picked":["Dagger Spray","Underhanded Strike"],"picked":"Flying Knee"},{"not_picked":["Skewer","Cloak And Dagger"],"picked":"Prepared"},{"not_picked":["Die Die Die","Deadly Poison"],"picked":"Acrobatics"}],"player_experience":752162,"potions_floor_usage":[8,11,11,11,13,22,23,23,28,28,31,33],"damage_taken":[{"damage":1,"enemies":"Blue Slaver","floor":1,"turns":7},{"damage":0,"enemies":"Small Slimes","floor":2,"turns":4},{"damage":5,"enemies":"Cultist","floor":4,"turns":4},{"damage":19,"enemies":"Gremlin Nob","floor":6,"turns":5},{"damage":0,"enemies":"3 Louse","floor":7,"turns":1},{"damage":21,"enemies":"Lagavulin","floor":8,"turns":9},{"damage":12,"enemies":"Gremlin Nob","floor":11,"turns":5},{"damage":6,"enemies":"Lagavulin","floor":13,"turns":12},{"damage":0,"enemies":"Large Slime","floor":14,"turns":4},{"damage":22,"enemies":"Hexaghost","floor":16,"turns":12},{"damage":8,"enemies":"Spheric Guardian","floor":18,"turns":4},{"damage":0,"enemies":"Shell Parasite","floor":19,"turns":6},{"damage":8,"enemies":"Cultist and Chosen","floor":22,"turns":7},{"damage":17,"enemies":"Slavers","floor":23,"turns":6},{"damage":4,"enemies":"Snake Plant","floor":25,"turns":4},{"damage":0,"enemies":"Masked Bandits","floor":28,"turns":5},{"damage":1,"enemies":"Centurion and Healer","floor":30,"turns":9},{"damage":9,"enemies":"Gremlin Leader","floor":31,"turns":6},{"damage":79,"enemies":"Automaton","floor":33,"turns":12}],"event_choices":[{"event_name":"Scrap Ooze","player_choice":"unsuccessful","floor":5,"damage_taken":0},{"event_name":"The Lab","player_choice":"Got Potions","floor":10,"damage_taken":0},{"event_name":"The Library","player_choice":"Read","floor":20,"damage_taken":0},{"event_name":"The Mausoleum","player_choice":"No","floor":21,"damage_taken":0}],"boss_relics":[{"not_picked":["Cursed Key","White Beast Statue"],"picked":"Velvet Choker"}],"potions_floor_spawned":[6,8,11,13,14,19,23,25,28],"seed_played":"2191207282620850783","killed_by":"Automaton","ascension_level":14,"is_trial":false}