{"path_per_floor":["M","$","M","?","M","E","M","E","T","E","R","E","M","M","R","B",null,"M","M","$","?","M","R","E","R","T","E","R","$","E","M","R","B",null,"M","M","M","M","?","R","E","M","T","?","?","M","M","$","R","B"],"character_chosen":"DEFECT","items_purchased":[],"gold_per_floor":[99,24,24,24,24,24,24,24,24,24,24,24,24,24,24,24,24,24,24,24,24,24,24,24,24,24,24,24,24,24,24,24,24,24,24,24,24,24,24,24,24,24,24,24,24,24,24,24,24,24],"floor_reached":51,"campfire_rested":3,"playtime":4645,"current_hp_per_floor":[67,67,61,54,54,42,42,38,38,32,32,22,22,22,22,22,62,62,62,62,62,62,62,50,50,50,37,59,59,52,52,52,36,65,54,50,43,42,42,64,39,37,37,37,66,66,28,28,47,43],"items_purged":["Dualcast"],"gold":24,"score":1077,"play_id":"7041670f-987e-4a7e-9546-174c2660f5d3","local_time":"20180428141730","is_prod":false,"is_daily":false,"chose_seed":false,"is_ascension_mode":true,"campfire_upgraded":5,"timestamp":1524950250,"path_taken":["M","$","M","?","M","E","M","E","T","E","R","E","M","M","R","BOSS","M","M","?","?","?","R","E","R","T","E","R","$","E","?","R","BOSS","M","M","M","M","?","R","E","?","T","?","?","?","M","$","R","BOSS"],"build_version":"2018-04-27v3","seed_source_timestamp":607548994465073,"purchased_purges":1,"victory":true,"master_deck":["Strike_B","Strike_B","Defend_B+1","Defend_B","Defend_B","Defend_B","Zap","Reprogram","Doom and Gloom+1","Cold Snap","Coolheaded+1","Cold Snap","Reinforced Body","Coolheaded","Barrage+1","Defragment+1","Multi-Cast","Capacitor+1","Prime","Skim+1","Capacitor+1","Auto Shields","Barrage+1","Amplify","Barrage+1","Capacitor","Buffer","Rebound+1","Impulse"],"max_hp_per_floor":[75,75,75,75,75,75,75,75,75,75,75,75,75,75,75,75,75,75,75,75,75,75,75,75,75,75,75,75,75,75,75,75,75,75,75,75,75,75,75,75,75,75,75,75,66,66,66,66,66,66],"relics":["Ectoplasm","War Paint","Bottled Flame","Toolbox","Bottled Lightning","Anchor","Sozu","Art of War","Prayer Wheel","Bag of Marbles","Oddly Smooth Stone","Velvet Choker","Tiny Chest","Symbiotic Virus"],"card_choices":[{"not_picked":["Sweeping Beam","Leap"],"picked":"Reprogram","floor":1},{"not_picked":["Coolheaded","Axe Kick"],"picked":"Doom and Gloom","floor":3},{"not_picked":["Flux Capacitor","Stack"],"picked":"Cold Snap","floor":5},{"not_picked":["Stack","Machine Learning"],"picked":"Coolheaded","floor":6},{"not_picked":["Sweeping Beam","Hologram"],"picked":"Cold Snap","floor":7},{"not_picked":["Streamline","Conserve Battery"],"picked":"Reinforced Body","floor":8},{"not_picked":["Stack","Turbo"],"picked":"Coolheaded","floor":10},{"not_picked":["Recycle","Hyperbeam"],"picked":"Barrage","floor":13},{"not_picked":["Ball Lightning","Go for the Eyes"],"picked":"Defragment","floor":14},{"not_picked":["Nova","Meteor Strike"],"picked":"Multi-Cast","floor":16},{"not_picked":["Ball Lightning","Turbo"],"picked":"Capacitor","floor":18},{"not_picked":["Streamline","Ball Lightning"],"picked":"Prime","floor":19},{"not_picked":["Aggregate","White Noise"],"picked":"Skim","floor":22},{"not_picked":["Streamline","Recycle"],"picked":"Capacitor","floor":24},{"not_picked":["Ball Lightning","Skim"],"picked":"Auto Shields","floor":30},{"not_picked":["Streamline","Coolheaded"],"picked":"Barrage","floor":31},{"not_picked":["Rainbow","Multi-Cast"],"picked":"Amplify","floor":33},{"not_picked":["Heatsinks","Go for the Eyes"],"picked":"Barrage","floor":36},{"not_picked":["Turbo","Beam Cell"],"picked":"Capacitor","floor":37},{"not_picked":["Redo","Static Discharge"],"picked":"Buffer","floor":41},{"not_picked":["Sweeping Beam","Stack"],"picked":"Rebound","floor":43},{"not_picked":["Flux Capacitor","Melter"],"picked":"Impulse","floor":47}],"player_experience":1281038,"potions_floor_usage":[8,24,24,50],"damage_taken":[{"damage":1,"enemies":"Small Slimes","floor":1,"turns":4},{"damage":6,"enemies":"Jaw Worm","floor":3,"turns":4},{"damage":0,"enemies":"Cultist","floor":5,"turns":4},{"damage":12,"enemies":"Lagavulin","floor":6,"turns":6},{"damage":0,"enemies":"2 Fungi Beasts","floor":7,"turns":3},{"damage":4,"enemies":"Gremlin Nob","floor":8,"turns":4},{"damage":6,"enemies":"Lagavulin","floor":10,"turns":8},{"damage":10,"enemies":"Gremlin Nob","floor":12,"turns":5},{"damage":0,"enemies":"3 Louse","floor":13,"turns":2},{"damage":0,"enemies":"Exordium Thugs","floor":14,"turns":3},{"damage":0,"enemies":"The Guardian","floor":16,"turns":13},{"damage":0,"enemies":"Spheric Guardian","floor":18,"turns":3},{"damage":0,"enemies":"Shell Parasite","floor":19,"turns":6},{"damage":0,"enemies":"Snake Plant","floor":22,"turns":7},{"damage":24,"enemies":"Gremlin Leader","floor":24,"turns":5},{"damage":13,"enemies":"Book of Stabbing","floor":27,"turns":5},{"damage":7,"enemies":"Gremlin Leader","floor":30,"turns":7},{"damage":0,"enemies":"Centurion and Healer","floor":31,"turns":7},{"damage":16,"enemies":"Automaton","floor":33,"turns":9},{"damage":11,"enemies":"3 Darklings","floor":35,"turns":5},{"damage":4,"enemies":"Flame Bruiser 1 Orb","floor":36,"turns":5},{"damage":7,"enemies":"Sphere and 2 Shapes","floor":37,"turns":8},{"damage":1,"enemies":"Flame Bruiser 2 Orb","floor":38,"turns":5},{"damage":25,"enemies":"Nemesis","floor":41,"turns":9},{"damage":2,"enemies":"Spire Growth","floor":42,"turns":6},{"damage":0,"enemies":"3 Darklings","floor":46,"turns":3},{"damage":38,"enemies":"Flame Bruiser 2 Orb","floor":47,"turns":7},{"damage":19,"enemies":"Donu and Deca","floor":50,"turns":10}],"event_choices":[{"event_name":"Golden Wing","player_choice":"Card Removal","floor":4,"damage_taken":0},{"event_name":"Vampires","player_choice":"Ignored","floor":21,"damage_taken":0},{"event_name":"Purifier","player_choice":"One Purge","floor":39,"damage_taken":0},{"event_name":"SecretPortal","player_choice":"Rejected Portal.","floor":44,"damage_taken":0},{"event_name":"The Moai Head","player_choice":"Heal","floor":45,"damage_taken":0}],"boss_relics":[{"not_picked":["Lizard Tail","Pandora\u0027s Box"],"picked":"Sozu"},{"not_picked":["Calling Bell","Philosopher\u0027s Stone"],"picked":"Velvet Choker"}],"potions_floor_spawned":[5,7,8,10,14,16,19,22,30,31,33,37,38,41,46,47],"seed_played":"1481928071962370697","ascension_level":8,"is_trial":false}