{"path_per_floor":["M","M","M","M","?","E","$","R","T","M","M","R","M","?","R","B",null,"M","M","?","M","$","R","M","$","T","$","M","M","T","M","R","B",null,"M","$","M","?","M","R","E","R","T","M","M","?","R","?","R","B"],"character_chosen":"IRONCLAD","items_purchased":["Orichalcum","Offering","Inflame","Pear"],"gold_per_floor":[118,128,144,163,163,192,46,46,99,119,135,135,152,152,152,256,256,270,287,287,301,69,69,82,7,60,60,75,92,140,151,151,252,252,262,3,13,13,26,26,58,58,58,73,88,0,0,0,0,0],"floor_reached":51,"campfire_rested":2,"playtime":1104,"current_hp_per_floor":[80,80,80,65,65,57,57,57,57,56,60,60,62,62,62,25,80,72,74,74,80,80,80,77,77,77,77,70,70,70,76,76,21,80,62,72,68,68,71,71,43,70,70,62,54,54,81,81,81,16],"items_purged":["Defend_R"],"gold":0,"score":683,"play_id":"27eb806c-6b6b-49dd-a339-2fc82c41d332","local_time":"20180418205533","is_prod":false,"is_daily":false,"chose_seed":false,"is_ascension_mode":false,"campfire_upgraded":7,"timestamp":1524110133,"path_taken":["M","?","M","M","?","E","$","R","T","?","M","R","M","?","R","BOSS","M","M","?","M","?","R","M","$","T","$","?","M","?","M","R","BOSS","M","$","M","?","M","R","E","R","T","M","M","?","R","?","R","BOSS"],"build_version":"2018-04-12","seed_source_timestamp":267980691832471,"purchased_purges":2,"victory":true,"master_deck":["Strike_R","Strike_R","Strike_R","Strike_R","Strike_R","Defend_R","Defend_R","Defend_R","Bash","Pommel Strike","Perfected Strike+1","Headbutt","Wild Strike","Flame Barrier+1","Perfected Strike+1","Limit Break+1","Thunderclap+1","Offering","Inflame+1","Pommel Strike","Evolve","Limit Break+1","Shrug It Off+1","Wild Strike","Disarm+1","Injury","Battle Trance","Pommel Strike"],"max_hp_per_floor":[80,80,80,80,80,80,80,80,80,80,80,80,80,80,80,80,80,80,80,80,80,80,80,80,80,80,80,80,80,80,80,80,80,80,80,90,90,90,90,90,90,90,90,90,90,90,90,90,90,90],"relics":["Burning Blood","NeowsBlessing","Bronze Scales","Orichalcum","Prayer Wheel","Mark of Pain","Ancient Tea Set","Art of War","Cursed Key","Pear","Oddly Smooth Stone","Gremlin Horn","Red Mask"],"card_choices":[{"not_picked":["Armaments","Body Slam"],"picked":"Pommel Strike","floor":1},{"not_picked":["Warcry","Inflame"],"picked":"Perfected Strike","floor":2},{"not_picked":["Havoc","Reckless Charge"],"picked":"Headbutt","floor":3},{"not_picked":["Flex","Rampage"],"picked":"Wild Strike","floor":4},{"not_picked":["Havoc","Armaments"],"picked":"Flame Barrier","floor":6},{"not_picked":["Hemokinesis","Cleave"],"picked":"Perfected Strike","floor":10},{"not_picked":["Brutality","Berserk"],"picked":"Limit Break","floor":16},{"not_picked":["Rampage","Dropkick"],"picked":"Thunderclap","floor":21},{"not_picked":["Warcry","Sword Boomerang"],"picked":"Pommel Strike","floor":24},{"not_picked":["Warcry","Entrench"],"picked":"Evolve","floor":26},{"not_picked":["Demon Form","Berserk"],"picked":"Limit Break","floor":33},{"not_picked":["Reckless Charge","Sword Boomerang"],"picked":"Shrug It Off","floor":35},{"not_picked":["Reckless Charge","Bloodletting"],"picked":"Twin Strike","floor":37},{"not_picked":["Warcry","Body Slam"],"picked":"Wild Strike","floor":39},{"not_picked":["Iron Wave","Heavy Blade"],"picked":"Disarm","floor":41},{"not_picked":["Headbutt","Flex"],"picked":"Battle Trance","floor":44},{"not_picked":["Heavy Blade","Flame Barrier"],"picked":"Pommel Strike","floor":45}],"player_experience":435880,"potions_floor_usage":[6,19,33,41,44,45,50,50],"damage_taken":[{"damage":0,"enemies":"Cultist","floor":1,"turns":1},{"damage":0,"enemies":"Small Slimes","floor":2,"turns":1},{"damage":0,"enemies":"2 Louse","floor":3,"turns":1},{"damage":21,"enemies":"2 Fungi Beasts","floor":4,"turns":3},{"damage":14,"enemies":"Gremlin Nob","floor":6,"turns":3},{"damage":7,"enemies":"Lots of Slimes","floor":10,"turns":3},{"damage":2,"enemies":"Blue Slaver","floor":11,"turns":2},{"damage":4,"enemies":"Exordium Thugs","floor":13,"turns":3},{"damage":43,"enemies":"The Guardian","floor":16,"turns":9},{"damage":14,"enemies":"Spheric Guardian","floor":18,"turns":4},{"damage":4,"enemies":"2 Thieves","floor":19,"turns":3},{"damage":0,"enemies":"Centurion and Healer","floor":21,"turns":4},{"damage":9,"enemies":"Snake Plant","floor":24,"turns":2},{"damage":13,"enemies":"3 Cultists","floor":28,"turns":4},{"damage":6,"enemies":"Centurion and Healer","floor":29,"turns":3},{"damage":0,"enemies":"Snake Plant","floor":31,"turns":2},{"damage":61,"enemies":"Automaton","floor":33,"turns":8},{"damage":24,"enemies":"3 Shapes","floor":35,"turns":3},{"damage":10,"enemies":"3 Darklings","floor":37,"turns":3},{"damage":3,"enemies":"Sphere and 2 Shapes","floor":39,"turns":3},{"damage":34,"enemies":"Nemesis","floor":41,"turns":3},{"damage":14,"enemies":"4 Shapes","floor":44,"turns":5},{"damage":14,"enemies":"Maw","floor":45,"turns":5},{"damage":71,"enemies":"Awakened One","floor":50,"turns":8}],"event_choices":[{"event_name":"Match and Keep!","player_choice":"0 cards matched","floor":5,"damage_taken":0},{"event_name":"The Woman in Blue","player_choice":"Bought 0 Potions","floor":14,"damage_taken":0},{"event_name":"The Lab","player_choice":"Got Potions","floor":20,"damage_taken":0},{"event_name":"SensoryStone","player_choice":"Memory 1","floor":38,"damage_taken":0},{"event_name":"Tomb of Lord Red Mask","player_choice":"Paid","floor":46,"damage_taken":0}],"boss_relics":[{"not_picked":["Velvet Choker","Lizard Tail"],"picked":"Mark of Pain"},{"not_picked":["Calling Bell","Eternal Feather"],"picked":"Cursed Key"}],"potions_floor_spawned":[2,3,4,10,19,24,28,29,33,41,44,45],"seed_played":"-7438119736460711669","ascension_level":0,"is_trial":false}