{"gold_per_floor":[113,28,41,56,56,87,110,110,134,134,134,134,134,172,172,292,292,308,258,198,211,310,310],"floor_reached":23,"playtime":1859,"items_purged":[],"score":278,"play_id":"f03851b3-0b12-46a2-8b38-914598274718","local_time":"20190222134304","is_ascension_mode":true,"campfire_choices":[{"floor":8,"key":"REST"},{"data":"Coolheaded","floor":10,"key":"SMITH"},{"floor":12,"key":"REST"},{"floor":15,"key":"REST"}],"neow_cost":"NONE","seed_source_timestamp":634051294620211,"circlet_count":0,"master_deck":["Strike_B","Strike_B","Strike_B","Defend_B","Defend_B","Defend_B","Defend_B","Zap+1","Dualcast","Genetic Algorithm","Coolheaded+1","Blizzard","Glacier","Seek","Chill+1","Ball Lightning+1","Defragment"],"relics":["Cracked Core","Golden Idol","Art of War","Pen Nib","DataDisk","Oddly Smooth Stone","Black Star"],"potions_floor_usage":[6,23],"damage_taken":[{"damage":0,"enemies":"2 Louse","floor":1,"turns":2},{"damage":4,"enemies":"Jaw Worm","floor":3,"turns":4},{"damage":1,"enemies":"Cultist","floor":4,"turns":3},{"damage":29,"enemies":"Gremlin Nob","floor":6,"turns":4},{"damage":7,"enemies":"Exordium Wildlife","floor":7,"turns":5},{"damage":0,"enemies":"3 Sentries","floor":14,"turns":9},{"damage":42,"enemies":"Slime Boss","floor":16,"turns":13},{"damage":0,"enemies":"Shell Parasite","floor":18,"turns":11},{"damage":8,"enemies":"2 Thieves","floor":20,"turns":4},{"damage":0,"enemies":"Centurion and Healer","floor":21,"turns":8},{"damage":69,"enemies":"Gremlin Leader","floor":23,"turns":8}],"seed_played":"-9035141859803697009","potions_obtained":[{"floor":4,"key":"SteroidPotion"},{"floor":16,"key":"EssenceOfSteel"}],"is_trial":false,"path_per_floor":["M","$","M","M","?","E","M","R","T","R","T","R","?","E","R","B",null,"M","?","M","M","?","E"],"character_chosen":"DEFECT","items_purchased":["Coolheaded","Blizzard"],"campfire_rested":3,"item_purchase_floors":[2,2],"current_hp_per_floor":[75,75,71,70,52,23,16,38,38,38,38,60,60,60,75,33,65,65,65,57,57,57,0],"gold":310,"neow_bonus":"REMOVE_CARD","is_prod":false,"is_daily":false,"chose_seed":false,"campfire_upgraded":1,"win_rate":0,"timestamp":1550839384,"path_taken":["M","$","M","M","?","E","M","R","T","R","?","R","?","E","R","BOSS","M","?","?","M","?","E"],"build_version":"2019-01-23","purchased_purges":0,"victory":false,"max_hp_per_floor":[75,75,75,75,75,75,75,75,75,75,75,75,75,75,75,75,75,75,75,75,75,75,75],"card_choices":[{"not_picked":["Beam Cell","Barrage"],"picked":"Genetic Algorithm","floor":1},{"not_picked":["Reinforced Body","Sweeping Beam","Compile Driver"],"picked":"SKIP","floor":3},{"not_picked":["Gash","Steam","Turbo"],"picked":"SKIP","floor":4},{"not_picked":["Go for the Eyes","Chaos"],"picked":"Glacier","floor":6},{"not_picked":["Go for the Eyes","Lockon","Amplify"],"picked":"SKIP","floor":7},{"not_picked":["Aggregate","Genetic Algorithm","Redo"],"picked":"SKIP","floor":14},{"not_picked":["Thunder Strike","Hyperbeam"],"picked":"Seek","floor":16},{"not_picked":["Leap","Loop+1"],"picked":"Chill+1","floor":18},{"not_picked":["Genetic Algorithm","Redo"],"picked":"Ball Lightning+1","floor":20},{"not_picked":["Coolheaded","Steam"],"picked":"Defragment","floor":21}],"player_experience":348935,"relics_obtained":[{"floor":6,"key":"Art of War"},{"floor":9,"key":"Pen Nib"},{"floor":11,"key":"DataDisk"},{"floor":14,"key":"Oddly Smooth Stone"}],"event_choices":[{"damage_healed":0,"gold_gain":0,"player_choice":"Take Damage","damage_taken":18,"relics_obtained":["Golden Idol"],"max_hp_gain":0,"max_hp_loss":0,"event_name":"Golden Idol","floor":5,"gold_loss":0},{"damage_healed":0,"gold_gain":0,"player_choice":"Grow","damage_taken":0,"max_hp_gain":0,"max_hp_loss":0,"event_name":"Living Wall","floor":13,"gold_loss":0,"cards_upgraded":["Zap"]},{"damage_healed":0,"gold_gain":0,"player_choice":"Bet on Owner","damage_taken":0,"max_hp_gain":0,"max_hp_loss":0,"event_name":"The Joust","floor":19,"gold_loss":50},{"damage_healed":0,"gold_gain":99,"player_choice":"Stole From Cult","damage_taken":0,"max_hp_gain":0,"max_hp_loss":0,"event_name":"Nest","floor":22,"gold_loss":0}],"is_beta":false,"boss_relics":[{"not_picked":["Runic Dome","Calling Bell"],"picked":"Black Star"}],"items_purged_floors":[],"is_endless":false,"potions_floor_spawned":[4,16],"killed_by":"Gremlin Leader","ascension_level":5}