{"gold_per_floor":[113,128,128,148,134,134,36,52,75,75,90,116,143,143,143,244,244,264,275,103,103,115,115,148,167,167,167,178,178,178,103,103,208,208,226,226,243,73,83,94,94,112,112,112,123,139,139,139,139,139],"floor_reached":51,"playtime":5689,"items_purged":["Strike_G","Strike_G"],"score":721,"play_id":"eaed2c78-5e40-403a-b89b-e0a064d5e248","local_time":"20190217191831","is_ascension_mode":false,"campfire_choices":[{"data":"A Thousand Cuts","floor":6,"key":"SMITH"},{"data":"Blur","floor":10,"key":"SMITH"},{"data":"Poisoned Stab","floor":15,"key":"SMITH"},{"data":"Noxious Fumes","floor":23,"key":"SMITH"},{"data":"Tools of the Trade","floor":27,"key":"SMITH"},{"data":"Burst","floor":29,"key":"SMITH"},{"floor":32,"key":"REST"},{"data":"Apotheosis","floor":41,"key":"SMITH"},{"floor":44,"key":"REST"},{"floor":49,"key":"REST"}],"neow_cost":"NONE","seed_source_timestamp":218324823460646,"circlet_count":0,"master_deck":["Defend_G","Defend_G","Defend_G","Defend_G","Defend_G","Strike_G","Strike_G","Survivor","Neutralize+1","Blur+1","Flying Knee","A Thousand Cuts+1","Poisoned Stab+1","Acrobatics","Dodge and Roll","Leg Sweep","Footwork+1","Leg Sweep","Tools of the Trade+1","Backflip","Noxious Fumes+1","Burst+1","Deadly Poison","Bullet Time","Backflip+1","Blind","Calculated Gamble+1","Apotheosis+1","Parasite","Catalyst+1","Writhe","Night Terror","Trip","Writhe"],"relics":["Ring of the Serpent","Bag of Marbles","Centennial Puzzle","Odd Mushroom","Bag of Preparation","Pear","Prayer Wheel","Enchiridion","Cursed Key","Happy Flower"],"potions_floor_usage":[16,24,24,33,50,50,50],"damage_taken":[{"damage":0,"enemies":"Jaw Worm","floor":1,"turns":5},{"damage":7,"enemies":"Small Slimes","floor":2,"turns":6},{"damage":0,"enemies":"2 Louse","floor":4,"turns":3},{"damage":2,"enemies":"Exordium Thugs","floor":5,"turns":5},{"damage":2,"enemies":"3 Louse","floor":8,"turns":6},{"damage":0,"enemies":"Looter","floor":11,"turns":4},{"damage":9,"enemies":"The Mushroom Lair","floor":12,"turns":7},{"damage":21,"enemies":"Gremlin Nob","floor":13,"turns":4},{"damage":0,"enemies":"Hexaghost","floor":16,"turns":11},{"damage":0,"enemies":"Chosen","floor":18,"turns":7},{"damage":0,"enemies":"Shell Parasite","floor":19,"turns":11},{"damage":0,"enemies":"Sentry and Sphere","floor":22,"turns":7},{"damage":7,"enemies":"Gremlin Leader","floor":24,"turns":6},{"damage":3,"enemies":"Chosen and Byrds","floor":25,"turns":8},{"damage":0,"enemies":"Centurion and Healer","floor":28,"turns":8},{"damage":17,"enemies":"Collector","floor":33,"turns":10},{"damage":0,"enemies":"3 Darklings","floor":35,"turns":6},{"damage":0,"enemies":"3 Shapes","floor":37,"turns":3},{"damage":2,"enemies":"Writhing Mass","floor":39,"turns":7},{"damage":43,"enemies":"Sphere and 2 Shapes","floor":40,"turns":6},{"damage":14,"enemies":"Jaw Worm Horde","floor":42,"turns":5},{"damage":7,"enemies":"Transient","floor":45,"turns":5},{"damage":10,"enemies":"Maw","floor":46,"turns":4},{"damage":13,"enemies":"Awakened One","floor":50,"turns":17}],"seed_played":"-5812564512403008275","potions_obtained":[{"floor":2,"key":"SmokeBomb"},{"floor":5,"key":"Energy Potion"},{"floor":13,"key":"Energy Potion"},{"floor":22,"key":"LiquidBronze"},{"floor":25,"key":"Explosive Potion"},{"floor":37,"key":"SteroidPotion"},{"floor":42,"key":"Block Potion"},{"floor":45,"key":"Dexterity Potion"}],"is_trial":false,"path_per_floor":["M","M","?","M","M","R","$","M","T","R","M","?","E","?","R","B",null,"M","M","$","?","M","R","E","M","T","R","M","R","?","?","R","B",null,"M","?","M","$","M","M","R","M","T","R","M","M","?","?","R","B",null],"character_chosen":"THE_SILENT","items_purchased":["Acrobatics","Noxious Fumes","Apotheosis"],"campfire_rested":3,"item_purchase_floors":[7,20,38],"current_hp_per_floor":[70,63,56,56,54,54,54,52,52,52,52,43,22,22,22,22,70,70,70,70,57,57,57,60,57,57,57,57,57,41,41,66,49,85,85,85,85,85,83,40,40,26,26,51,44,34,34,55,80,67],"gold":139,"neow_bonus":"UPGRADE_CARD","is_prod":false,"is_daily":false,"chose_seed":false,"campfire_upgraded":7,"win_rate":0.0,"timestamp":1550427511,"path_taken":["M","M","?","M","M","R","$","M","T","R","M","?","E","?","R","BOSS","M","M","$","?","M","R","E","M","T","R","M","R","?","?","R","BOSS","M","?","M","$","M","M","R","M","T","R","M","?","?","?","R","BOSS"],"build_version":"2019-01-23","purchased_purges":2,"victory":true,"max_hp_per_floor":[70,70,70,70,70,70,70,70,70,70,70,70,70,70,70,70,70,70,70,70,75,75,75,85,85,85,85,85,85,85,85,85,85,85,85,85,85,85,85,85,85,85,85,85,85,85,85,85,85,85],"card_choices":[{"not_picked":["Dagger Throw","Flying Knee"],"picked":"Blur","floor":1},{"not_picked":["Cloak And Dagger","Masterful Stab"],"picked":"Flying Knee","floor":2},{"not_picked":["Poisoned Stab","Catalyst"],"picked":"A Thousand Cuts","floor":4},{"not_picked":["Quick Slash","All Out Attack"],"picked":"Poisoned Stab","floor":5},{"not_picked":["Cloak And Dagger","Prepared"],"picked":"Dodge and Roll","floor":8},{"not_picked":["Terror","Bane"],"picked":"Leg Sweep","floor":11},{"not_picked":["Leg Sweep","Cloak And Dagger"],"picked":"Footwork","floor":12},{"not_picked":["All Out Attack","Finisher"],"picked":"Leg Sweep","floor":13},{"not_picked":["Doppelganger","Malaise"],"picked":"Tools of the Trade","floor":16},{"not_picked":["Dodge and Roll","Endless Agony"],"picked":"Backflip","floor":18},{"not_picked":["Choke","Blade Dance","Backflip"],"picked":"SKIP","floor":19},{"not_picked":["Finisher","Cloak And Dagger+1","Dagger Throw"],"picked":"SKIP","floor":22},{"not_picked":["Predator+1","Sucker Punch+1"],"picked":"Burst","floor":24},{"not_picked":["Dodge and Roll","Deflect","Calculated Gamble"],"picked":"SKIP","floor":25},{"not_picked":["Eviscerate","Poisoned Stab"],"picked":"Deadly Poison","floor":28},{"not_picked":["Skewer+1","Expertise","Sucker Punch"],"picked":"SKIP","floor":28},{"not_picked":["Die Die Die","Phantasmal Killer"],"picked":"Bullet Time","floor":33},{"not_picked":["Cloak And Dagger","Slice+1"],"picked":"Backflip+1","floor":35},{"not_picked":["Underhanded Strike","Poisoned Stab","Backflip"],"picked":"SKIP","floor":35},{"not_picked":["PiercingWail+1","Dagger Throw"],"picked":"Calculated Gamble+1","floor":37},{"not_picked":["Heel Hook+1","Poisoned Stab","Distraction"],"picked":"SKIP","floor":37},{"not_picked":["Dodge and Roll","Cloak And Dagger","Terror"],"picked":"SKIP","floor":39},{"not_picked":["Die Die Die","Backflip","Expertise"],"picked":"SKIP","floor":39},{"not_picked":["Dagger Spray+1","Deflect"],"picked":"Catalyst+1","floor":40},{"not_picked":["Prepared","Dagger Spray","Flechettes"],"picked":"SKIP","floor":40},{"not_picked":["Masterful Stab+1","Footwork+1","Dagger Spray"],"picked":"SKIP","floor":42},{"not_picked":["Distraction","Acrobatics","Envenom"],"picked":"SKIP","floor":42},{"not_picked":["PiercingWail+1","Slice"],"picked":"Night Terror","floor":45},{"not_picked":["Sucker Punch+1","Acrobatics+1","Dagger Spray"],"picked":"SKIP","floor":45},{"not_picked":["Skewer","Masterful Stab+1","Leg Sweep"],"picked":"SKIP","floor":46},{"not_picked":["Bane+1","Backflip","Masterful Stab+1"],"picked":"SKIP","floor":46},{"not_picked":["PanicButton","Mind Blast"],"picked":"Trip","floor":47}],"player_experience":53499,"relics_obtained":[{"floor":9,"key":"Centennial Puzzle"},{"floor":12,"key":"Odd Mushroom"},{"floor":13,"key":"Bag of Preparation"},{"floor":24,"key":"Pear"},{"floor":26,"key":"Prayer Wheel"},{"floor":30,"key":"Enchiridion"},{"floor":43,"key":"Happy Flower"}],"event_choices":[{"damage_healed":0,"gold_gain":0,"player_choice":"Success","damage_taken":7,"relics_obtained":["Bag of Marbles"],"max_hp_gain":0,"max_hp_loss":0,"event_name":"Scrap Ooze","floor":3,"gold_loss":0},{"damage_healed":0,"gold_gain":0,"player_choice":"Fought Mushrooms","damage_taken":0,"max_hp_gain":0,"max_hp_loss":0,"event_name":"Mushrooms","floor":12,"gold_loss":0},{"damage_healed":0,"gold_gain":0,"player_choice":"Upgraded","damage_taken":0,"max_hp_gain":0,"max_hp_loss":0,"event_name":"Upgrade Shrine","floor":14,"gold_loss":0,"cards_upgraded":["Footwork"]},{"damage_healed":0,"gold_gain":0,"player_choice":"Shed Blood","damage_taken":18,"max_hp_gain":5,"max_hp_loss":0,"event_name":"Forgotten Altar","floor":21,"gold_loss":0},{"damage_healed":0,"gold_gain":0,"player_choice":"Obtained Book","damage_taken":16,"max_hp_gain":0,"max_hp_loss":0,"event_name":"Cursed Tome","floor":30,"gold_loss":0},{"cards_removed":["Strike_G"],"damage_healed":0,"gold_gain":0,"player_choice":"Gave Gold","damage_taken":0,"max_hp_gain":0,"max_hp_loss":0,"event_name":"Beggar","floor":31,"gold_loss":75},{"damage_healed":0,"gold_gain":0,"player_choice":"1 cards matched","damage_taken":0,"max_hp_gain":0,"max_hp_loss":0,"event_name":"Match and Keep!","floor":36,"gold_loss":0,"cards_obtained":["Blind"]},{"damage_healed":0,"gold_gain":0,"player_choice":"Memory 1","damage_taken":0,"max_hp_gain":0,"max_hp_loss":0,"event_name":"SensoryStone","floor":47,"gold_loss":0},{"damage_healed":21,"gold_gain":0,"player_choice":"Writhe","damage_taken":0,"max_hp_gain":0,"max_hp_loss":0,"event_name":"Winding Halls","floor":48,"gold_loss":0,"cards_obtained":["Writhe"]}],"is_beta":false,"boss_relics":[{"not_picked":["White Beast Statue","Tiny House"],"picked":"Ring of the Serpent"},{"not_picked":["Eternal Feather","Fusion Hammer"],"picked":"Cursed Key"}],"items_purged_floors":[7,20],"is_endless":false,"potions_floor_spawned":[2,5,13,22,25,37,42,45],"ascension_level":0}