{"path_per_floor":["M","M","M","M","?","R","M","R","T","R","?","E","M","M","R","B",null,"M","?","$","?","M"],"character_chosen":"THE_SILENT","items_purchased":["Letter Opener","Prepared","Calculated Gamble"],"gold_per_floor":[119,136,152,171,171,171,187,187,210,210,285,313,331,343,343,438,438,450,450,5,105,122],"floor_reached":23,"campfire_rested":0,"playtime":2051,"current_hp_per_floor":[70,67,65,65,62,62,56,56,56,56,45,40,40,40,40,10,70,70,70,70,70,70],"items_purged":["Writhe"],"gold":122,"score":305,"play_id":"10ea2e16-038c-4ac5-b90b-8f924fd86b07","is_prod":false,"is_daily":false,"is_ascension_mode":true,"campfire_upgraded":4,"path_taken":["M","M","M","M","?","R","?","R","T","R","?","E","M","M","R","BOSS","M","?","$","?","M","E"],"build_version":"2018-02-08-BETA1","purchased_purges":2,"victory":false,"master_deck":["Defend_G","Defend_G","Defend_G","Defend_G","Defend_G","Strike_G","Strike_G","Strike_G","Strike_G","Strike_G","Survivor","Neutralize+1","Infinite Blades","Slice","Tactician+1","Dagger Spray+1","Die Die Die","Bullet Time","Acrobatics+1","After Image","Doubt","Parasite","Decay","PiercingWail","Prepared","Calculated Gamble","Outmaneuver+1"],"max_hp_per_floor":[77,77,77,77,77,77,77,77,77,77,77,77,77,77,77,77,87,87,87,87,87,87],"relics":["Ring of the Snake","Mango","Bag of Marbles","Anchor","Oddly Smooth Stone","Calling Bell","Pear","Pen Nib","Ice Cream","Lantern","Letter Opener"],"card_choices":[{"not_picked":["Well Laid Plans","Bane"],"picked":"Infinite Blades"},{"not_picked":["Outmaneuver","Underhanded Strike"],"picked":"Slice"},{"not_picked":["Underhanded Strike","PiercingWail"],"picked":"Tactician"},{"not_picked":["Flying Knee","Dodge and Roll"],"picked":"Dagger Spray"},{"not_picked":["Dagger Throw","PiercingWail"],"picked":"Die Die Die"},{"not_picked":["Poisoned Stab","Outmaneuver"],"picked":"Bullet Time"},{"not_picked":["Quick Slash","Backflip"],"picked":"Acrobatics"},{"not_picked":["Tools of the Trade","Die Die Die"],"picked":"After Image"},{"not_picked":["Crippling Poison","Dodge and Roll"],"picked":"PiercingWail"},{"not_picked":["PiercingWail","Quick Slash"],"picked":"Outmaneuver"}],"player_experience":127886,"potions_floor_usage":[4,16,16],"damage_taken":[{"damage":7,"enemies":"Cultist","floor":1,"turns":5},{"damage":3,"enemies":"2 Louse","floor":2,"turns":3},{"damage":2,"enemies":"Jaw Worm","floor":3,"turns":4},{"damage":0,"enemies":"Lots of Slimes","floor":4,"turns":7},{"damage":6,"enemies":"2 Fungi Beasts","floor":7,"turns":4},{"damage":5,"enemies":"3 Sentries","floor":12,"turns":5},{"damage":0,"enemies":"Large Slime","floor":13,"turns":4},{"damage":0,"enemies":"Red Slaver","floor":14,"turns":2},{"damage":30,"enemies":"The Guardian","floor":16,"turns":17},{"damage":0,"enemies":"2 Thieves","floor":18,"turns":4},{"damage":0,"enemies":"3 Byrds","floor":22,"turns":3},{"damage":75,"enemies":"Book of Stabbing","floor":23,"turns":8}],"event_choices":[{"event_name":"Scrap Ooze","player_choice":"success","floor":5,"damage_taken":3},{"event_name":"World of Goop","player_choice":"Gather Gold","floor":11,"damage_taken":0},{"event_name":"The Mausoleum","player_choice":"Yes","floor":19,"damage_taken":0},{"event_name":"Golden Shrine","player_choice":"Pray","floor":21,"damage_taken":0}],"boss_relics":[{"not_picked":["Orrery","Eternal Feather"],"picked":"Calling Bell"}],"potions_floor_spawned":[2,7,13,14,16,18,22],"seed_played":"5420073502047892599","killed_by":"Book of Stabbing","ascension_level":9,"is_trial":false}