{"gold_per_floor":[114,114,114,114,129,129,154,166,166,177,197,208,226,226,226,326,326,340,325,27,41,41,41,66,66,135,164,164,182,182,182,182,182],"floor_reached":33,"playtime":2135,"items_purged":["Strike_G"],"score":456,"play_id":"9c6613f1-1b0b-4eec-8ff2-6d237a4ad9ba","local_time":"20190226141001","is_ascension_mode":true,"campfire_choices":[{"data":"Backstab","floor":6,"key":"SMITH"},{"floor":15,"key":"REST"},{"floor":23,"key":"REST"},{"floor":25,"key":"REST"},{"data":"Cloak And Dagger","floor":32,"key":"SMITH"}],"neow_cost":"NONE","seed_source_timestamp":3693606503952963,"circlet_count":0,"master_deck":["AscendersBane","Defend_G","Defend_G","Defend_G","Survivor","Neutralize+1","Poisoned Stab+1","Backstab+1","Cloak And Dagger","Backflip","Dodge and Roll","Dagger Spray","Cloak And Dagger+1","Burst","PiercingWail+1","Endless Agony+1","Cloak And Dagger","Noxious Fumes+1","Noxious Fumes","Dodge and Roll","Bite","Bite","Bite","Bite","Bite","Leg Sweep+1","Acrobatics"],"relics":["Ring of the Snake","Bottled Flame","Orichalcum","Kunai","Snake Skull","Smiling Mask","Blue Candle","Meat on the Bone","Nloth\u0027s Gift","MutagenicStrength"],"potions_floor_usage":[16,24,24],"damage_taken":[{"damage":0,"enemies":"Small Slimes","floor":1,"turns":4},{"damage":11,"enemies":"Jaw Worm","floor":5,"turns":4},{"damage":32,"enemies":"Lagavulin","floor":7,"turns":9},{"damage":0,"enemies":"Cultist","floor":8,"turns":2},{"damage":0,"enemies":"Lots of Slimes","floor":10,"turns":5},{"damage":0,"enemies":"3 Louse","floor":11,"turns":3},{"damage":0,"enemies":"Blue Slaver","floor":12,"turns":4},{"damage":0,"enemies":"2 Fungi Beasts","floor":13,"turns":3},{"damage":26,"enemies":"The Guardian","floor":16,"turns":18},{"damage":16,"enemies":"Spheric Guardian","floor":18,"turns":4},{"damage":7,"enemies":"2 Thieves","floor":19,"turns":4},{"damage":15,"enemies":"Snake Plant","floor":21,"turns":7},{"damage":22,"enemies":"Slavers","floor":24,"turns":11},{"damage":18,"enemies":"Book of Stabbing","floor":27,"turns":10},{"damage":8,"enemies":"Shelled Parasite and Fungi","floor":29,"turns":7},{"damage":51,"enemies":"Collector","floor":33,"turns":6}],"seed_played":"-10276719686616610","potions_obtained":[{"floor":5,"key":"SmokeBomb"},{"floor":10,"key":"Energy Potion"},{"floor":13,"key":"SkillPotion"},{"floor":16,"key":"Fire Potion"},{"floor":27,"key":"Poison Potion"}],"is_trial":false,"path_per_floor":["M","?","T","?","M","R","E","M","T","M","M","M","M","?","R","B",null,"M","M","$","M","?","R","E","R","T","E","?","M","?","?","R","B"],"character_chosen":"THE_SILENT","items_purchased":["Snake Skull","Noxious Fumes"],"campfire_rested":3,"item_purchase_floors":[20,20],"current_hp_per_floor":[70,70,70,70,59,59,27,27,27,27,27,27,27,27,50,24,64,48,41,41,26,26,41,35,50,50,41,41,41,41,41,41,0],"gold":182,"neow_bonus":"TEN_PERCENT_HP_BONUS","is_prod":false,"is_daily":false,"chose_seed":false,"campfire_upgraded":2,"win_rate":0,"timestamp":1551208201,"path_taken":["M","?","?","?","?","R","E","M","T","M","?","M","M","?","R","BOSS","M","M","$","M","?","R","E","R","T","E","?","?","?","?","R","BOSS"],"build_version":"2019-02-06","purchased_purges":1,"victory":false,"max_hp_per_floor":[77,77,77,77,77,77,77,77,77,77,77,77,77,77,77,77,77,77,77,77,77,53,53,53,53,53,53,53,53,53,53,53,53],"card_choices":[{"not_picked":["Acrobatics","Bouncing Flask"],"picked":"Poisoned Stab","floor":1},{"not_picked":["Expertise","Underhanded Strike"],"picked":"Backstab","floor":5},{"not_picked":["Acrobatics","Prepared"],"picked":"Cloak And Dagger","floor":7},{"not_picked":["Dagger Spray","Glass Knife"],"picked":"Backflip","floor":8},{"not_picked":["Catalyst","Underhanded Strike"],"picked":"Dodge and Roll","floor":10},{"not_picked":["Escape Plan","Deflect"],"picked":"Dagger Spray","floor":11},{"not_picked":["Dodge and Roll","Prepared"],"picked":"Cloak And Dagger","floor":12},{"not_picked":["Heel Hook","Bane","All Out Attack"],"picked":"SKIP","floor":13},{"not_picked":["Night Terror","Malaise"],"picked":"Burst","floor":16},{"not_picked":["Crippling Poison+1","Prepared"],"picked":"Cloak And Dagger","floor":18},{"not_picked":["Choke+1","Expertise"],"picked":"Noxious Fumes+1","floor":19},{"not_picked":["Terror","Deadly Poison+1"],"picked":"Dodge and Roll","floor":21},{"not_picked":["Blade Dance","Calculated Gamble+1"],"picked":"Leg Sweep+1","floor":24},{"not_picked":["Prepared","Choke+1","Masterful Stab"],"picked":"SKIP","floor":27},{"not_picked":["Skewer","Riddle With Holes"],"picked":"Acrobatics","floor":29}],"player_experience":257243,"relics_obtained":[{"floor":3,"key":"Bottled Flame"},{"floor":7,"key":"Orichalcum"},{"floor":9,"key":"Kunai"},{"floor":24,"key":"Smiling Mask"},{"floor":26,"key":"Blue Candle"},{"floor":27,"key":"Meat on the Bone"}],"event_choices":[{"damage_healed":0,"gold_gain":0,"player_choice":"Grow","damage_taken":0,"max_hp_gain":0,"max_hp_loss":0,"event_name":"Living Wall","floor":2,"gold_loss":0,"cards_upgraded":["Neutralize"]},{"damage_healed":0,"gold_gain":0,"player_choice":"Forge","damage_taken":0,"max_hp_gain":0,"max_hp_loss":0,"event_name":"Accursed Blacksmith","floor":4,"gold_loss":0,"cards_upgraded":["Poisoned Stab"]},{"damage_healed":0,"gold_gain":0,"player_choice":"Ignored","damage_taken":0,"max_hp_gain":0,"max_hp_loss":0,"event_name":"Liars Game","floor":14,"gold_loss":0},{"damage_healed":0,"gold_gain":0,"player_choice":"Became a vampire","damage_taken":0,"max_hp_gain":0,"max_hp_loss":24,"event_name":"Vampires","floor":22,"gold_loss":0,"cards_obtained":["Bite","Bite","Bite","Bite","Bite"]},{"damage_healed":0,"gold_gain":0,"player_choice":"Traded Relic","damage_taken":0,"relics_obtained":["Nloth\u0027s Gift"],"max_hp_gain":0,"max_hp_loss":0,"event_name":"N\u0027loth","floor":28,"relics_lost":["Astrolabe"],"gold_loss":0},{"cards_removed":["Night Terror"],"damage_healed":0,"gold_gain":0,"player_choice":"Elegance","damage_taken":0,"max_hp_gain":0,"max_hp_loss":0,"event_name":"Back to Basics","floor":30,"gold_loss":0},{"damage_healed":0,"gold_gain":0,"player_choice":"Inject Mutagens","damage_taken":0,"relics_obtained":["MutagenicStrength"],"max_hp_gain":0,"max_hp_loss":0,"event_name":"Drug Dealer","floor":31,"gold_loss":0}],"is_beta":true,"boss_relics":[{"not_picked":["Black Star","Snecko Eye"],"picked":"Astrolabe"}],"items_purged_floors":[20],"is_endless":false,"potions_floor_spawned":[5,10,13,16,18,27],"killed_by":"Collector","ascension_level":10}