{"path_per_floor":["M","?","M","?","M","R","M","E","T","?","R","M","?","$","R","B",null,"M","M","M","$","?","R","E","M","T","R","?","M","M","M","R","B",null,"M","$","?","M","$","R","?","R","T","R","M","?","R","?","R","B"],"character_chosen":"DEFECT","items_purchased":["Defragment","Capacitor","Apotheosis","Coolheaded","Sunder"],"gold_per_floor":[111,111,132,132,153,153,176,216,216,216,216,235,235,160,160,254,254,278,299,312,136,136,136,175,198,198,198,198,221,235,258,258,348,348,373,321,321,336,18,18,351,351,396,396,415,415,415,415,415,415],"floor_reached":51,"campfire_rested":6,"playtime":3918,"current_hp_per_floor":[63,63,60,53,46,46,44,24,24,24,44,37,37,37,37,13,54,47,47,40,40,19,39,35,35,35,35,35,35,35,37,58,25,59,48,48,44,30,30,53,53,53,53,53,51,51,74,74,78,20],"items_purged":["Strike_B","Strike_B"],"gold":415,"score":1076,"play_id":"e602a27c-2900-49ef-90cc-87e0ce09afe3","local_time":"20180518172237","is_prod":false,"is_daily":false,"chose_seed":false,"is_ascension_mode":true,"campfire_upgraded":5,"timestamp":1526689357,"campfire_choices":[{"data":"Streamline","floor":6,"key":"SMITH"},{"floor":11,"key":"REST"},{"data":"Defend_B","floor":15,"key":"SMITH"},{"floor":23,"key":"REST"},{"data":"Defragment","floor":27,"key":"SMITH"},{"floor":32,"key":"REST"},{"floor":40,"key":"REST"},{"data":"Capacitor","floor":42,"key":"SMITH"},{"data":"Loop","floor":44,"key":"SMITH"},{"floor":47,"key":"REST"},{"floor":49,"key":"REST"}],"path_taken":["M","?","M","?","M","R","M","E","T","?","R","?","?","?","R","BOSS","M","M","M","$","?","R","E","?","T","R","?","?","M","M","R","BOSS","M","$","?","M","$","R","?","R","T","R","M","?","R","?","R","BOSS"],"build_version":"2018-05-17","seed_source_timestamp":37670587351112,"purchased_purges":3,"victory":true,"master_deck":["Defend_B+1","Defend_B","Defend_B","Defend_B","Dualcast+1","AscendersBane","FTL","Darkness","Streamline+1","FTL","Genetic Algorithm","BootSequence","All For One","Leap+1","Melter","Coolheaded","Defragment+1","Hologram+1","Go for the Eyes","Skim","Double Energy+1","Creative AI","Loop+1","Capacitor+1","Apotheosis","Coolheaded","Sunder","Defragment+1","Defragment+1"],"max_hp_per_floor":[71,64,68,68,68,68,68,68,68,68,68,68,68,68,68,68,68,68,68,68,68,68,68,68,68,68,68,68,68,68,70,70,70,70,70,70,76,78,78,78,78,78,78,78,78,78,78,78,78,78],"relics":["Cracked Core","Singing Bowl","Symbiotic Virus","Bottled Lightning","Nuclear Battery","Enchiridion","Bottled Tornado","Vajra","Snecko Eye","Boot"],"card_choices":[{"not_picked":["Chill","Reinforced Body"],"picked":"FTL","floor":1},{"not_picked":["Turbo","Beam Cell"],"picked":"Darkness","floor":3},{"not_picked":["Rebound","Sweeping Beam"],"picked":"Streamline","floor":5},{"not_picked":["Beam Cell","Axe Kick"],"picked":"FTL","floor":7},{"not_picked":["Beam Cell","Go for the Eyes"],"picked":"Genetic Algorithm","floor":8},{"not_picked":["Chaos","Hologram"],"picked":"BootSequence","floor":12},{"not_picked":["Buffer","Machine Learning"],"picked":"All For One","floor":16},{"not_picked":["Turbo","Auto Shields"],"picked":"Leap+1","floor":18},{"not_picked":["Barrage","Beam Cell"],"picked":"Melter","floor":19},{"not_picked":["Buffer","Scrape"],"picked":"Coolheaded","floor":20},{"not_picked":["Sweeping Beam","Redo"],"picked":"Hologram+1","floor":24},{"not_picked":["Barrage","Axe Kick"],"picked":"Go for the Eyes","floor":25},{"not_picked":["Double Energy","Self Repair"],"picked":"Skim","floor":29},{"not_picked":["Stack","Doom and Gloom"],"picked":"Double Energy+1","floor":30},{"not_picked":["Thunder Strike","Aggregate","Consume"],"picked":"Singing Bowl","floor":31},{"not_picked":["Rainbow","Thunder Strike"],"picked":"Creative AI","floor":33},{"not_picked":["Rebound","Capacitor"],"picked":"Loop","floor":35},{"not_picked":["Flash of Steel","Enlightenment","Good Instincts"],"picked":"Singing Bowl","floor":37},{"not_picked":["Blind","Sadistic Nature","Dark Shackles"],"picked":"Singing Bowl","floor":37},{"not_picked":["Dark Shackles","Secret Weapon","Master of Strategy"],"picked":"Singing Bowl","floor":37},{"not_picked":["Leap","Storm","Streamline+1"],"picked":"Singing Bowl","floor":38},{"not_picked":["Capacitor+1","Doom and Gloom"],"picked":"Defragment+1","floor":45}],"player_experience":1523778,"potions_floor_usage":[3,24,33,33,50,50,50],"damage_taken":[{"damage":1,"enemies":"Cultist","floor":1,"turns":3},{"damage":7,"enemies":"Jaw Worm","floor":3,"turns":3},{"damage":7,"enemies":"Small Slimes","floor":5,"turns":4},{"damage":2,"enemies":"Looter","floor":7,"turns":3},{"damage":20,"enemies":"Lagavulin","floor":8,"turns":6},{"damage":7,"enemies":"Blue Slaver","floor":12,"turns":3},{"damage":24,"enemies":"Hexaghost","floor":16,"turns":9},{"damage":7,"enemies":"Spheric Guardian","floor":18,"turns":4},{"damage":0,"enemies":"3 Byrds","floor":19,"turns":6},{"damage":7,"enemies":"Centurion and Healer","floor":20,"turns":6},{"damage":4,"enemies":"Book of Stabbing","floor":24,"turns":4},{"damage":0,"enemies":"Cultist and Chosen","floor":25,"turns":4},{"damage":0,"enemies":"Snake Plant","floor":29,"turns":4},{"damage":0,"enemies":"Sentry and Sphere","floor":30,"turns":17},{"damage":0,"enemies":"Cultist and Chosen","floor":31,"turns":6},{"damage":33,"enemies":"Collector","floor":33,"turns":12},{"damage":11,"enemies":"Flame Bruiser 1 Orb","floor":35,"turns":5},{"damage":16,"enemies":"3 Shapes","floor":38,"turns":5},{"damage":2,"enemies":"Spire Growth","floor":45,"turns":5},{"damage":58,"enemies":"Awakened One","floor":50,"turns":11}],"relics_obtained":[{"floor":8,"key":"Symbiotic Virus"},{"floor":9,"key":"Bottled Lightning"},{"floor":22,"key":"Enchiridion"},{"floor":24,"key":"Bottled Tornado"},{"floor":26,"key":"Vajra"},{"floor":43,"key":"Boot"}],"event_choices":[{"event_name":"Golden Idol","player_choice":"Lose Max HP","floor":2,"damage_taken":0},{"event_name":"Golden Wing","player_choice":"Card Removal","floor":4,"damage_taken":0},{"event_name":"Living Wall","player_choice":"Forget","floor":10,"damage_taken":0},{"event_name":"Accursed Blacksmith","player_choice":"Forge","floor":13,"damage_taken":0},{"event_name":"Cursed Tome","player_choice":"Obtained Book","floor":22,"damage_taken":0},{"event_name":"Purifier","player_choice":"One Purge","floor":28,"damage_taken":0},{"event_name":"SensoryStone","player_choice":"Memory 3","floor":37,"damage_taken":0},{"event_name":"The Moai Head","player_choice":"Gave Idol","floor":41,"damage_taken":0},{"event_name":"Match and Keep!","player_choice":"0 cards matched","floor":46,"damage_taken":0},{"event_name":"Duplicator","player_choice":"One dupe","floor":48,"damage_taken":0}],"boss_relics":[{"not_picked":["White Beast Statue","Astrolabe"],"picked":"Nuclear Battery"},{"not_picked":["Tiny House","Black Star"],"picked":"Snecko Eye"}],"potions_floor_spawned":[1,3,8,12,18,19,25,29,33,45],"seed_played":"2355639911076334805","ascension_level":15,"potions_obtained":[{"floor":1,"key":"Fruit Juice"},{"floor":3,"key":"Strength Potion"},{"floor":8,"key":"AttackPotion"},{"floor":12,"key":"Energy Potion"},{"floor":18,"key":"Poison Potion"},{"floor":19,"key":"FearPotion"},{"floor":25,"key":"Weak Potion"},{"floor":29,"key":"LiquidBronze"},{"floor":33,"key":"EssenceOfSteel"},{"floor":45,"key":"Swift Potion"}],"is_trial":false}