{"gold_per_floor":[118,137,154,169,184,213,213,228,228,6,26,26,56,73,73,176,176,192,205,216,216,234,234,248,248,248,28,28,54,54,69,69,166,166,182,195,195,215,231,231,250,250,276,276,376,376,5,23,23,23],"floor_reached":51,"playtime":4624,"items_purged":["Strike_R"],"score":706,"play_id":"454155f0-e186-4622-89b4-192313eef397","local_time":"20190218114556","is_ascension_mode":true,"campfire_choices":[{"data":"Feel No Pain","floor":7,"key":"SMITH"},{"floor":15,"key":"REST"},{"data":"Body Slam","floor":23,"key":"SMITH"},{"data":"Body Slam","floor":25,"key":"SMITH"},{"data":"Metamorphosis","floor":28,"key":"SMITH"},{"data":"Pommel Strike","floor":30,"key":"SMITH"},{"data":"Bash","floor":32,"key":"SMITH"},{"data":"Reaper","floor":40,"key":"SMITH"},{"data":"Battle Trance","floor":42,"key":"SMITH"},{"data":"Cleave","floor":44,"key":"SMITH"},{"data":"Brutality","floor":49,"key":"SMITH"}],"neow_cost":"NONE","seed_source_timestamp":278637791526075,"circlet_count":0,"master_deck":["Strike_R+1","Strike_R+1","Strike_R+1","Defend_R+1","Defend_R+1","Defend_R+1","Defend_R+1","Bash+1","Double Tap","Feel No Pain+1","Cleave+1","True Grit","True Grit","Body Slam+1","Ghostly Armor","Battle Trance+1","Corruption+1","Pommel Strike+1","Impervious","Body Slam+1","Ghostly Armor","True Grit","Metamorphosis+1","Shrug It Off","Infernal Blade","Impervious","Pommel Strike+1","Body Slam+1","True Grit+1","Reaper+1","Entrench+1","Pommel Strike+1","Brutality+1","Offering","Armaments+1"],"relics":["Burning Blood","StoneCalendar","Darkstone Periapt","Philosopher\u0027s Stone","Vajra","Mummified Hand","Sozu","Smiling Mask","Torii","Ice Cream"],"potions_floor_usage":[11,16,16,29,33,45,50],"damage_taken":[{"damage":0,"enemies":"2 Louse","floor":1,"turns":2},{"damage":2,"enemies":"Small Slimes","floor":2,"turns":4},{"damage":6,"enemies":"Cultist","floor":3,"turns":3},{"damage":4,"enemies":"Exordium Wildlife","floor":4,"turns":5},{"damage":7,"enemies":"3 Louse","floor":5,"turns":5},{"damage":53,"enemies":"Gremlin Nob","floor":6,"turns":5},{"damage":10,"enemies":"Red Slaver","floor":8,"turns":5},{"damage":6,"enemies":"2 Fungi Beasts","floor":11,"turns":5},{"damage":0,"enemies":"Blue Slaver","floor":14,"turns":3},{"damage":4,"enemies":"Slime Boss","floor":16,"turns":7},{"damage":14,"enemies":"2 Thieves","floor":18,"turns":4},{"damage":3,"enemies":"3 Byrds","floor":19,"turns":5},{"damage":9,"enemies":"Cultist and Chosen","floor":20,"turns":7},{"damage":3,"enemies":"3 Cultists","floor":22,"turns":7},{"damage":0,"enemies":"Chosen and Byrds","floor":24,"turns":7},{"damage":24,"enemies":"Slavers","floor":29,"turns":6},{"damage":8,"enemies":"Cultist and Chosen","floor":31,"turns":5},{"damage":76,"enemies":"Champ","floor":33,"turns":11},{"damage":3,"enemies":"Orb Walker","floor":35,"turns":3},{"damage":5,"enemies":"3 Darklings","floor":36,"turns":5},{"damage":22,"enemies":"Transient","floor":38,"turns":5},{"damage":5,"enemies":"4 Shapes","floor":39,"turns":7},{"damage":0,"enemies":"Sphere and 2 Shapes","floor":41,"turns":7},{"damage":0,"enemies":"Mind Bloom Boss Battle","floor":45,"turns":5},{"damage":1,"enemies":"Jaw Worm Horde","floor":48,"turns":4},{"damage":71,"enemies":"Time Eater","floor":50,"turns":8}],"seed_played":"8738296070152141148","potions_obtained":[{"floor":1,"key":"Regen Potion"},{"floor":6,"key":"AttackPotion"},{"floor":8,"key":"SpeedPotion"},{"floor":11,"key":"Poison Potion"},{"floor":18,"key":"BloodPotion"},{"floor":20,"key":"Regen Potion"},{"floor":29,"key":"GamblersBrew"},{"floor":31,"key":"Fire Potion"},{"floor":33,"key":"Block Potion"}],"is_trial":false,"path_per_floor":["M","M","M","M","M","E","R","M","T","$","M","?","?","M","R","B",null,"M","M","M","?","M","R","M","R","T","$","R","E","R","M","R","B",null,"M","M","?","M","M","R","M","R","T","R","?","?","$","M","R","B",null],"character_chosen":"IRONCLAD","items_purchased":["Corruption","BloodPotion","Metamorphosis","Shrug It Off","Ice Cream","Offering"],"campfire_rested":1,"item_purchase_floors":[10,10,27,27,47,47],"current_hp_per_floor":[80,80,80,80,79,32,32,28,28,28,42,42,42,48,72,74,80,72,75,72,72,75,75,80,80,80,80,80,75,75,73,73,11,80,80,80,80,64,65,65,80,80,80,80,80,80,80,80,80,32],"gold":23,"neow_bonus":"TRANSFORM_CARD","is_prod":false,"is_daily":false,"chose_seed":false,"campfire_upgraded":10,"win_rate":0,"timestamp":1550486756,"path_taken":["M","M","M","M","M","E","R","M","T","$","M","?","?","M","R","BOSS","M","M","M","?","M","R","M","R","T","$","R","E","R","M","R","BOSS","M","M","?","?","M","R","M","R","T","R","?","?","$","M","R","BOSS"],"build_version":"2019-01-23","purchased_purges":1,"victory":true,"max_hp_per_floor":[80,80,80,80,80,80,80,80,80,80,80,80,80,80,80,80,80,80,80,80,80,80,80,80,80,80,80,80,80,80,80,80,80,80,80,80,80,80,80,80,80,80,80,80,80,80,80,80,80,80],"card_choices":[{"not_picked":["Anger","Hemokinesis"],"picked":"Feel No Pain","floor":1},{"not_picked":["Clash","Fire Breathing"],"picked":"Cleave","floor":2},{"not_picked":["Warcry","Havoc"],"picked":"True Grit","floor":3},{"not_picked":["Impervious","Spot Weakness"],"picked":"True Grit","floor":4},{"not_picked":["Thunderclap","True Grit"],"picked":"Body Slam","floor":5},{"not_picked":["Headbutt","Flex"],"picked":"Ghostly Armor","floor":6},{"not_picked":["Ghostly Armor","Inflame"],"picked":"Battle Trance","floor":8},{"not_picked":["Flex","Burning Pact","Clash"],"picked":"SKIP","floor":11},{"not_picked":["Offering","Havoc"],"picked":"Pommel Strike","floor":14},{"not_picked":["Double Tap","Reaper"],"picked":"Impervious","floor":16},{"not_picked":["Sever Soul+1","Dual Wield+1","Uppercut"],"picked":"SKIP","floor":18},{"not_picked":["Corruption","Havoc"],"picked":"Body Slam","floor":19},{"not_picked":["Feel No Pain+1","Clash+1","Anger"],"picked":"SKIP","floor":20},{"not_picked":["Cleave+1","Limit Break"],"picked":"Ghostly Armor","floor":22},{"not_picked":["Perfected Strike+1","Rupture"],"picked":"True Grit","floor":24},{"not_picked":["Anger","Dual Wield"],"picked":"Infernal Blade","floor":29},{"not_picked":["Spot Weakness","Power Through","Combust+1"],"picked":"SKIP","floor":31},{"not_picked":["Offering","Berserk"],"picked":"Impervious","floor":33},{"not_picked":["Havoc","Pummel+1"],"picked":"Pommel Strike+1","floor":35},{"not_picked":["Fire Breathing+1","Disarm"],"picked":"Body Slam+1","floor":36},{"not_picked":["Havoc+1","Hemokinesis+1"],"picked":"True Grit+1","floor":38},{"not_picked":["Sever Soul","Havoc+1"],"picked":"Reaper","floor":39},{"not_picked":["Whirlwind+1","Iron Wave"],"picked":"Entrench+1","floor":41},{"not_picked":["True Grit","Wild Strike"],"picked":"Pommel Strike+1","floor":45},{"not_picked":["Shrug It Off+1","Fiend Fire"],"picked":"Armaments+1","floor":48}],"player_experience":69183,"relics_obtained":[{"floor":6,"key":"StoneCalendar"},{"floor":9,"key":"Darkstone Periapt"},{"floor":26,"key":"Vajra"},{"floor":29,"key":"Mummified Hand"},{"floor":43,"key":"Smiling Mask"},{"floor":45,"key":"Torii"}],"event_choices":[{"damage_healed":0,"gold_gain":0,"player_choice":"Grow","damage_taken":0,"max_hp_gain":0,"max_hp_loss":0,"event_name":"Living Wall","floor":12,"gold_loss":0,"cards_upgraded":["Corruption"]},{"damage_healed":0,"gold_gain":30,"player_choice":"Searched \u00272\u0027 times","damage_taken":0,"max_hp_gain":0,"max_hp_loss":0,"event_name":"Dead Adventurer","floor":13,"gold_loss":0},{"damage_healed":0,"gold_gain":0,"player_choice":"Simplicity","damage_taken":0,"max_hp_gain":0,"max_hp_loss":0,"event_name":"Back to Basics","floor":21,"gold_loss":0,"cards_upgraded":["Strike_R","Strike_R","Strike_R","Defend_R","Defend_R","Defend_R","Defend_R"]},{"damage_healed":0,"gold_gain":0,"player_choice":"Got Potions","damage_taken":0,"max_hp_gain":0,"max_hp_loss":0,"event_name":"Lab","floor":37,"gold_loss":0},{"damage_healed":0,"gold_gain":0,"player_choice":"Fight","damage_taken":0,"max_hp_gain":0,"max_hp_loss":0,"event_name":"MindBloom","floor":45,"gold_loss":0},{"damage_healed":0,"gold_gain":0,"player_choice":"1 cards matched","damage_taken":0,"max_hp_gain":0,"max_hp_loss":0,"event_name":"Match and Keep!","floor":46,"gold_loss":0,"cards_obtained":["Brutality"]}],"is_beta":false,"boss_relics":[{"not_picked":["Runic Pyramid","Runic Dome"],"picked":"Philosopher\u0027s Stone"},{"not_picked":["Snecko Eye","Astrolabe"],"picked":"Sozu"}],"items_purged_floors":[10],"is_endless":false,"potions_floor_spawned":[1,6,8,11,14,18,20,29,31,33,36,45,48],"ascension_level":1}