{"path_per_floor":["M","M","$","?","M","R","E","R","T","R","?","E","M","?","R","B",null,"M","?","M","M","?","R"],"character_chosen":"DEFECT","items_purchased":["Ball Lightning","Block Potion"],"gold_per_floor":[113,125,23,23,39,39,66,66,92,92,92,125,138,138,138,243,243,262,262,276,292,292,292,292],"floor_reached":24,"campfire_rested":2,"playtime":1221,"current_hp_per_floor":[62,46,46,46,41,41,19,19,19,41,41,24,24,24,46,21,62,49,49,41,51,51,51,0],"items_purged":[],"gold":292,"score":351,"play_id":"da278a04-6524-46a5-954b-50435905d0f8","local_time":"20180429005923","is_prod":false,"is_daily":false,"chose_seed":false,"is_ascension_mode":true,"campfire_upgraded":3,"timestamp":1524988763,"path_taken":["M","M","$","?","M","R","E","R","T","R","?","E","M","?","R","BOSS","M","?","M","M","?","R","E"],"build_version":"2018-04-27v3","seed_source_timestamp":649492570630684,"purchased_purges":0,"victory":false,"master_deck":["Defend_B","Defend_B","Defend_B","Defend_B+1","Zap+1","AscendersBane","Rebound","Go for the Eyes+1","Ball Lightning","Cold Snap","Stack","FTL","Ball Lightning","Bite+1","Bite","Bite","Bite","Bite","Echo Form"],"max_hp_per_floor":[75,75,75,75,75,75,75,75,75,75,75,75,75,75,75,75,75,75,52,52,52,52,52,52],"relics":["Cracked Core","War Paint","Lantern","Cables","Inserter"],"card_choices":[{"not_picked":["Axe Kick","Self Repair"],"picked":"Rebound","floor":1},{"not_picked":["Skim","Static Discharge"],"picked":"Go for the Eyes","floor":2},{"not_picked":["Melter","Turbo"],"picked":"Cold Snap","floor":5},{"not_picked":["Ball Lightning","Undo"],"picked":"Stack","floor":7},{"not_picked":["Axe Kick","Turbo"],"picked":"FTL","floor":12},{"not_picked":["Skim","Turbo"],"picked":"Ball Lightning","floor":18},{"not_picked":["Capacitor","Axe Kick"],"picked":"Echo Form","floor":20}],"player_experience":1300526,"potions_floor_usage":[7,16,20,21,24],"damage_taken":[{"damage":6,"enemies":"Cultist","floor":1,"turns":3},{"damage":16,"enemies":"2 Louse","floor":2,"turns":3},{"damage":5,"enemies":"Small Slimes","floor":5,"turns":4},{"damage":22,"enemies":"3 Sentries","floor":7,"turns":6},{"damage":17,"enemies":"Lagavulin","floor":12,"turns":8},{"damage":0,"enemies":"2 Fungi Beasts","floor":13,"turns":2},{"damage":25,"enemies":"Slime Boss","floor":16,"turns":9},{"damage":13,"enemies":"Spheric Guardian","floor":18,"turns":4},{"damage":15,"enemies":"Chosen","floor":20,"turns":5},{"damage":10,"enemies":"Snecko","floor":21,"turns":5},{"damage":64,"enemies":"Slavers","floor":24,"turns":4}],"event_choices":[{"event_name":"The Cleric","player_choice":"Leave","floor":4,"damage_taken":0},{"event_name":"Liars Game","player_choice":"disagreed","floor":11,"damage_taken":0},{"event_name":"Living Wall","player_choice":"Forget","floor":14,"damage_taken":0},{"event_name":"Vampires","player_choice":"Became a vampire","floor":19,"damage_taken":0},{"event_name":"Back to Basics","player_choice":"Elegance","floor":22,"damage_taken":0}],"boss_relics":[{"not_picked":["Calling Bell","Cursed Key"],"picked":"Inserter"}],"potions_floor_spawned":[1,7,13,16,18],"seed_played":"-3711640547464658969","killed_by":"Slavers","ascension_level":12,"is_trial":false}