{"gold_per_floor":[362,238,251,265,277,277,333,333,356,356,420,420,439,465,465,543,543,556,556,656,316,333,333,365,377,389,415,73,73,103,123,123,195,195,214,233,233,285,295,295,627,269,293,293,307,354,2,21,21,21,21,21,21,51,51],"floor_reached":55,"playtime":3623,"items_purged":["Doubt","Strike_B","Strike_B","Strike_B","Strike_B"],"score":1193,"play_id":"21e19854-01a8-42ad-bbc8-99ab2386ca8d","local_time":"20190215124539","is_ascension_mode":true,"campfire_choices":[{"data":"Sunder","floor":6,"key":"SMITH"},{"data":"Defragment","floor":8,"key":"SMITH"},{"floor":10,"key":"REST"},{"data":"Self Repair","floor":15,"key":"SMITH"},{"floor":23,"key":"REST"},{"data":"Consume","floor":25,"key":"SMITH"},{"data":"Machine Learning","floor":29,"key":"SMITH"},{"floor":32,"key":"REST"},{"floor":40,"key":"RECALL"},{"data":"Thunder Strike","floor":44,"key":"SMITH"},{"data":"Coolheaded","floor":49,"key":"SMITH"},{"data":"BootSequence","floor":52,"key":"SMITH"}],"neow_cost":"CURSE","seed_source_timestamp":74245331913180,"circlet_count":0,"master_deck":["AscendersBane","Defend_B","Defend_B","Defend_B","Defend_B","Zap+1","Dualcast","Auto Shields","Ball Lightning","Sunder+1","Self Repair+1","Defragment+1","BootSequence+1","Conserve Battery+1","Steam","Machine Learning+1","Consume+1","Storm+1","Go for the Eyes+1","Defragment+1","Self Repair+1","Genetic Algorithm","Echo Form+1","Echo Form+1","Thunder Strike+1","Heatsinks+1","Defragment+1","Glacier","Coolheaded+1","Fission"],"relics":["Cracked Core","Tiny Chest","Orichalcum","Smiling Mask","FaceOfCleric","War Paint","Velvet Choker","Ginger","Pocketwatch","Frozen Egg 2","DataDisk","Bag of Preparation","MawBank","Mummified Hand","DollysMirror","Darkstone Periapt","Nuclear Battery","Oddly Smooth Stone","Old Coin","Pen Nib","Juzu Bracelet","Blood Vial","HandDrill","StoneCalendar"],"potions_floor_usage":[5,14,16,20,24,45,54,54,54,55],"damage_taken":[{"damage":5,"enemies":"Cultist","floor":1,"turns":4},{"damage":1,"enemies":"Jaw Worm","floor":3,"turns":2},{"damage":0,"enemies":"2 Louse","floor":4,"turns":2},{"damage":13,"enemies":"Exordium Thugs","floor":5,"turns":5},{"damage":23,"enemies":"Gremlin Nob","floor":7,"turns":4},{"damage":26,"enemies":"Lagavulin Event","floor":11,"turns":6},{"damage":0,"enemies":"2 Fungi Beasts","floor":13,"turns":2},{"damage":8,"enemies":"3 Sentries","floor":14,"turns":8},{"damage":22,"enemies":"Slime Boss","floor":16,"turns":9},{"damage":7,"enemies":"Shell Parasite","floor":18,"turns":4},{"damage":13,"enemies":"Colosseum Slavers","floor":20,"turns":4},{"damage":57,"enemies":"Colosseum Nobs","floor":20,"turns":5},{"damage":1,"enemies":"Spheric Guardian","floor":22,"turns":3},{"damage":31,"enemies":"Book of Stabbing","floor":24,"turns":6},{"damage":1,"enemies":"Chosen and Byrds","floor":27,"turns":4},{"damage":27,"enemies":"Gremlin Leader","floor":30,"turns":5},{"damage":14,"enemies":"Snake Plant","floor":31,"turns":3},{"damage":49,"enemies":"Collector","floor":33,"turns":9},{"damage":0,"enemies":"3 Shapes","floor":35,"turns":4},{"damage":1,"enemies":"Orb Walker","floor":36,"turns":3},{"damage":14,"enemies":"Sphere and 2 Shapes","floor":39,"turns":4},{"damage":39,"enemies":"Nemesis","floor":41,"turns":7},{"damage":17,"enemies":"Spire Growth","floor":45,"turns":3},{"damage":21,"enemies":"Maw","floor":48,"turns":5},{"damage":10,"enemies":"Donu and Deca","floor":50,"turns":9},{"damage":69,"enemies":"Shield and Spear","floor":54,"turns":6},{"damage":49,"enemies":"The Heart","floor":55,"turns":2}],"seed_played":"-7700503808213602835","potions_obtained":[{"floor":3,"key":"Weak Potion"},{"floor":7,"key":"SpeedPotion"},{"floor":13,"key":"Weak Potion"},{"floor":18,"key":"LiquidBronze"},{"floor":20,"key":"Weak Potion"},{"floor":31,"key":"Weak Potion"},{"floor":36,"key":"FearPotion"},{"floor":45,"key":"EntropicBrew"}],"is_trial":false,"path_per_floor":["M","$","M","M","M","R","E","R","T","R","?","?","M","E","R","B",null,"M","T","?","$","M","R","E","R","T","M","$","R","E","M","R","B",null,"M","M","T","T","M","R","E","$","T","R","M","T","$","M","R","B",null,"R","$","E","B"],"character_chosen":"DEFECT","items_purchased":["Ball Lightning","DataDisk","Bag of Preparation","DollysMirror","Self Repair+1","Genetic Algorithm","Pen Nib","Thunder Strike","Defragment+1","Glacier","HandDrill"],"campfire_rested":3,"item_purchase_floors":[2,21,21,28,28,28,42,42,47,47,47],"current_hp_per_floor":[63,63,62,62,56,56,33,33,33,55,36,36,44,44,44,23,64,68,68,20,20,30,54,34,34,34,44,44,44,38,45,70,52,78,88,89,89,89,90,90,82,82,82,82,86,86,86,93,93,94,94,94,94,36,0],"gold":51,"neow_bonus":"TWO_FIFTY_GOLD","is_prod":false,"is_daily":false,"chose_seed":false,"campfire_upgraded":8,"win_rate":0,"timestamp":1550263539,"path_taken":["M","$","?","M","M","R","E","R","T","R","?","?","M","E","R","BOSS","M","?","?","?","M","R","E","R","T","?","$","R","E","M","R","BOSS","M","?","?","?","?","R","E","?","T","R","M","?","$","M","R","BOSS","R","$","E","BOSS"],"build_version":"2019-02-06","purchased_purges":5,"victory":false,"max_hp_per_floor":[75,75,75,75,75,75,75,75,75,75,75,75,76,77,77,78,78,79,79,81,81,82,82,83,83,83,84,84,84,85,86,86,87,87,88,89,89,89,90,90,91,91,91,91,92,92,92,93,93,94,94,94,94,95,95],"card_choices":[{"not_picked":["Tempest","Streamline"],"picked":"Auto Shields","floor":1},{"not_picked":["Leap","Cold Snap"],"picked":"Sunder","floor":3},{"not_picked":["White Noise","Compile Driver"],"picked":"Self Repair","floor":4},{"not_picked":["Compile Driver","Turbo"],"picked":"Defragment","floor":5},{"not_picked":["Conserve Battery","Doom and Gloom"],"picked":"BootSequence","floor":7},{"not_picked":["Turbo","Ball Lightning"],"picked":"Conserve Battery","floor":11},{"not_picked":["Rebound","Reboot"],"picked":"Steam","floor":13},{"not_picked":["Barrage","Go for the Eyes","Hologram"],"picked":"SKIP","floor":14},{"not_picked":["Amplify","All For One"],"picked":"Machine Learning","floor":16},{"not_picked":["Conserve Battery+1","Tempest+1"],"picked":"Consume","floor":18},{"not_picked":["Cold Snap","Sweeping Beam","Melter"],"picked":"SKIP","floor":22},{"not_picked":["Loop+1","Blizzard"],"picked":"Storm+1","floor":24},{"not_picked":["Compile Driver+1","Redo"],"picked":"Go for the Eyes+1","floor":27},{"not_picked":["FTL","Stack"],"picked":"Echo Form+1","floor":30},{"not_picked":["White Noise","Stack","Leap"],"picked":"SKIP","floor":31},{"not_picked":["White Noise","Stack","Leap"],"picked":"SKIP","floor":31},{"not_picked":["Core Surge","Reboot"],"picked":"Echo Form+1","floor":33},{"not_picked":["Tempest","Cold Snap+1","Sweeping Beam+1"],"picked":"SKIP","floor":35},{"not_picked":["Conserve Battery","Hologram","Redo+1"],"picked":"SKIP","floor":36},{"not_picked":["Go for the Eyes","Undo","Rebound+1"],"picked":"SKIP","floor":39},{"not_picked":["Barrage+1","Genetic Algorithm","Ball Lightning"],"picked":"SKIP","floor":41},{"not_picked":["Redo","Go for the Eyes"],"picked":"Heatsinks+1","floor":45},{"not_picked":["Chaos","Redo"],"picked":"Coolheaded","floor":48},{"not_picked":["Steam","Chill"],"picked":"Fission","floor":54}],"player_experience":792405,"relics_obtained":[{"floor":7,"key":"Tiny Chest"},{"floor":9,"key":"Orichalcum"},{"floor":11,"key":"Smiling Mask"},{"floor":14,"key":"War Paint"},{"floor":19,"key":"Ginger"},{"floor":20,"key":"Pocketwatch"},{"floor":20,"key":"Frozen Egg 2"},{"floor":24,"key":"MawBank"},{"floor":26,"key":"Mummified Hand"},{"floor":30,"key":"Darkstone Periapt"},{"floor":38,"key":"Oddly Smooth Stone"},{"floor":41,"key":"Old Coin"},{"floor":43,"key":"Juzu Bracelet"},{"floor":46,"key":"Blood Vial"},{"floor":54,"key":"StoneCalendar"}],"event_choices":[{"damage_healed":0,"gold_gain":0,"player_choice":"Searched \u00272\u0027 times","damage_taken":0,"max_hp_gain":0,"max_hp_loss":0,"event_name":"Dead Adventurer","floor":11,"gold_loss":0},{"damage_healed":0,"gold_gain":0,"player_choice":"Trade","damage_taken":0,"relics_obtained":["FaceOfCleric"],"max_hp_gain":0,"max_hp_loss":0,"event_name":"FaceTrader","floor":12,"gold_loss":0},{"damage_healed":0,"gold_gain":0,"player_choice":"Fight","damage_taken":0,"max_hp_gain":0,"max_hp_loss":0,"event_name":"Colosseum","floor":20,"gold_loss":0},{"damage_healed":0,"gold_gain":0,"player_choice":"Fought Nobs","damage_taken":0,"max_hp_gain":0,"max_hp_loss":0,"event_name":"Colosseum","floor":20,"gold_loss":0}],"is_beta":true,"boss_relics":[{"not_picked":["Snecko Eye","Empty Cage"],"picked":"Velvet Choker"},{"not_picked":["Cursed Key","Fusion Hammer"],"picked":"Nuclear Battery"}],"items_purged_floors":[2,21,28,42,47],"is_endless":false,"potions_floor_spawned":[3,7,13,18,20,20,31,36,41,45,48],"killed_by":"The Heart","ascension_level":13}