{"gold_per_floor":[110,129,30,90,103,103,128,143,170,170,33,67,37,72,72,173,173,187,187,3,14,27,27,27],"floor_reached":24,"playtime":3764,"items_purged":[],"score":293,"play_id":"87ab6583-01af-4deb-bc53-078adece7616","local_time":"20190221175934","is_ascension_mode":true,"campfire_choices":[{"data":"Dodge and Roll","floor":6,"key":"SMITH"},{"data":"Dash","floor":10,"key":"SMITH"},{"data":"Dodge and Roll","floor":15,"key":"SMITH"},{"data":"Dodge and Roll","floor":23,"key":"SMITH"}],"neow_cost":"NONE","seed_source_timestamp":3273761589504132,"circlet_count":0,"master_deck":["Defend_G","Defend_G","Defend_G","Defend_G","Defend_G","Strike_G","Strike_G","Strike_G","Strike_G","Strike_G","Survivor","Neutralize","Dash+1","Dodge and Roll+1","Quick Slash","Dodge and Roll+1","Deadly Poison","Noxious Fumes","Acrobatics","Bane","Poisoned Stab","Die Die Die","Prepared","Dodge and Roll","Adrenaline","PiercingWail","Dodge and Roll+1"],"relics":["Coffee Dripper","Snake Skull","Orichalcum","Bag of Preparation","Prayer Wheel","Velvet Choker"],"potions_floor_usage":[7,14,14,16,16,21,22],"damage_taken":[{"damage":4,"enemies":"Small Slimes","floor":1,"turns":4},{"damage":0,"enemies":"Jaw Worm","floor":2,"turns":3},{"damage":3,"enemies":"2 Louse","floor":5,"turns":2},{"damage":18,"enemies":"Lagavulin","floor":7,"turns":8},{"damage":0,"enemies":"Large Slime","floor":8,"turns":8},{"damage":12,"enemies":"3 Sentries","floor":12,"turns":5},{"damage":9,"enemies":"Gremlin Nob","floor":14,"turns":3},{"damage":3,"enemies":"The Guardian","floor":16,"turns":9},{"damage":3,"enemies":"Spheric Guardian","floor":18,"turns":5},{"damage":18,"enemies":"2 Thieves","floor":21,"turns":5},{"damage":14,"enemies":"Snake Plant","floor":22,"turns":6},{"damage":23,"enemies":"Book of Stabbing","floor":24,"turns":6}],"seed_played":"3788603950650805754","potions_obtained":[{"floor":2,"key":"PowerPotion"},{"floor":7,"key":"Weak Potion"},{"floor":12,"key":"Dexterity Potion"},{"floor":14,"key":"Block Potion"}],"is_trial":false,"path_per_floor":["M","M","$","?","M","R","E","M","T","R","$","E","?","E","R","B",null,"M","?","$","M","M","R","E"],"character_chosen":"THE_SILENT","items_purchased":["Fire Potion","Dodge and Roll","Noxious Fumes","Acrobatics","Bane","Adrenaline","SpeedPotion","Swift Potion"],"campfire_rested":0,"item_purchase_floors":[3,3,11,11,11,20,20,20],"current_hp_per_floor":[66,66,66,66,63,63,45,45,45,45,45,33,33,24,24,21,58,55,55,55,37,23,23,0],"gold":27,"neow_bonus":"BOSS_RELIC","is_prod":false,"is_daily":false,"chose_seed":false,"campfire_upgraded":4,"win_rate":0,"timestamp":1550789974,"path_taken":["M","M","$","?","M","R","E","M","T","R","$","E","?","E","R","BOSS","M","?","$","M","M","R","E"],"build_version":"2019-02-06","purchased_purges":0,"victory":false,"max_hp_per_floor":[70,70,70,70,70,70,70,70,70,70,70,70,70,70,70,70,70,70,70,70,70,70,70,70],"card_choices":[{"not_picked":["Deflect","Slice"],"picked":"Dash","floor":1},{"not_picked":["Flechettes","Blade Dance","Eviscerate"],"picked":"SKIP","floor":2},{"not_picked":["Flying Knee","Reflex"],"picked":"Quick Slash","floor":5},{"not_picked":["Bane","PiercingWail"],"picked":"Dodge and Roll","floor":7},{"not_picked":["Flying Knee","Flechettes"],"picked":"Deadly Poison","floor":8},{"not_picked":["Dagger Spray","Bouncing Flask"],"picked":"Poisoned Stab","floor":12},{"not_picked":["Corpse Explosion","Deadly Poison","Bullet Time"],"picked":"SKIP","floor":14},{"not_picked":["Doppelganger","Grand Finale"],"picked":"Die Die Die","floor":16},{"not_picked":["Quick Slash","Catalyst"],"picked":"Prepared","floor":18},{"not_picked":["All Out Attack","Poisoned Stab"],"picked":"Dodge and Roll","floor":18},{"not_picked":["Cloak And Dagger+1","Reflex+1"],"picked":"PiercingWail","floor":21},{"not_picked":["Dagger Spray","Cloak And Dagger","Bane"],"picked":"SKIP","floor":21},{"not_picked":["Endless Agony","Underhanded Strike"],"picked":"Dodge and Roll","floor":22},{"not_picked":["Bullet Time","Dagger Spray","Eviscerate"],"picked":"SKIP","floor":22}],"player_experience":183258,"relics_obtained":[{"floor":7,"key":"Snake Skull"},{"floor":9,"key":"Orichalcum"},{"floor":12,"key":"Bag of Preparation"},{"floor":14,"key":"Prayer Wheel"}],"event_choices":[{"damage_healed":0,"gold_gain":60,"player_choice":"Gained Gold","damage_taken":0,"max_hp_gain":0,"max_hp_loss":0,"event_name":"Golden Wing","floor":4,"gold_loss":0},{"damage_healed":0,"gold_gain":0,"player_choice":"Left Gold","damage_taken":0,"max_hp_gain":0,"max_hp_loss":0,"event_name":"World of Goop","floor":13,"gold_loss":30}],"is_beta":true,"boss_relics":[{"not_picked":["Busted Crown","Tiny House"],"picked":"Velvet Choker"}],"items_purged_floors":[],"is_endless":false,"potions_floor_spawned":[2,7,12,14],"killed_by":"Book of Stabbing","ascension_level":5}