{"gold_per_floor":[119,119,132,21,21,52,52,91,145,145,176,189,232,54,54,178,178,203,78,78,99,99,99,118,118,118,149,173,173,187,211,211,337,337,352,366,384,234,234,234,258,32,32,45,45,63,63,14,14,14],"floor_reached":51,"playtime":4937,"items_purged":["Strike_G","Strike_G","Defend_G","Strike_G+1","Defend_G"],"score":834,"play_id":"f4001fd4-1989-4079-bb3b-d2968fba220d","local_time":"20190221175613","is_ascension_mode":true,"campfire_choices":[{"floor":10,"key":"REST"},{"floor":15,"key":"REST"},{"data":"Footwork","floor":23,"key":"SMITH"},{"data":"Deadly Poison","floor":25,"key":"SMITH"},{"floor":32,"key":"REST"},{"data":"Corpse Explosion","floor":40,"key":"SMITH"},{"data":"Defend_G","floor":45,"key":"SMITH"},{"floor":49,"key":"REST"}],"neow_cost":"NONE","seed_source_timestamp":559748659664838,"circlet_count":0,"master_deck":["Strike_G+1","Survivor","Neutralize+1","Deadly Poison+1","Footwork+1","Corpse Explosion+1","Blur+1","PiercingWail+1","Madness","Madness"],"relics":["Ring of the Serpent","Boot","Snake Skull","Golden Idol","Bag of Preparation","Anchor","Ancient Tea Set","Whetstone","Paper Crane","Bag of Marbles","Busted Crown","Mummified Hand"],"potions_floor_usage":[6,8,16,21,27,33,50,50,50],"damage_taken":[{"damage":0,"enemies":"Small Slimes","floor":1,"turns":5},{"damage":5,"enemies":"Cultist","floor":3,"turns":4},{"damage":3,"enemies":"Lagavulin","floor":6,"turns":9},{"damage":15,"enemies":"Gremlin Nob","floor":8,"turns":4},{"damage":9,"enemies":"Lagavulin","floor":11,"turns":6},{"damage":0,"enemies":"Jaw Worm","floor":12,"turns":3},{"damage":25,"enemies":"3 Sentries","floor":13,"turns":13},{"damage":23,"enemies":"The Guardian","floor":16,"turns":13},{"damage":0,"enemies":"Shell Parasite","floor":18,"turns":7},{"damage":15,"enemies":"2 Thieves","floor":21,"turns":3},{"damage":0,"enemies":"Sentry and Sphere","floor":24,"turns":9},{"damage":0,"enemies":"Slavers","floor":27,"turns":4},{"damage":1,"enemies":"Cultist and Chosen","floor":28,"turns":4},{"damage":0,"enemies":"Centurion and Healer","floor":30,"turns":4},{"damage":0,"enemies":"Chosen and Byrds","floor":31,"turns":5},{"damage":25,"enemies":"Collector","floor":33,"turns":10},{"damage":1,"enemies":"3 Darklings","floor":35,"turns":4},{"damage":0,"enemies":"3 Shapes","floor":36,"turns":3},{"damage":1,"enemies":"3 Darklings","floor":37,"turns":4},{"damage":0,"enemies":"Sphere and 2 Shapes","floor":41,"turns":4},{"damage":0,"enemies":"4 Shapes","floor":44,"turns":4},{"damage":9,"enemies":"Jaw Worm Horde","floor":46,"turns":3},{"damage":10,"enemies":"Donu and Deca","floor":50,"turns":5}],"seed_played":"1816579168769588658","potions_obtained":[{"floor":1,"key":"Fire Potion"},{"floor":3,"key":"FearPotion"},{"floor":16,"key":"SneckoOil"},{"floor":24,"key":"SkillPotion"},{"floor":27,"key":"PowerPotion"},{"floor":35,"key":"Swift Potion"},{"floor":37,"key":"Poison Potion"},{"floor":41,"key":"Explosive Potion"}],"is_trial":false,"path_per_floor":["M","?","M","$","?","E","?","E","T","R","E","M","E","$","R","B",null,"M","$","?","M","?","R","M","R","T","E","M","?","M","M","R","B",null,"M","M","M","$","?","R","M","$","T","M","R","M","?","$","R","B",null],"character_chosen":"THE_SILENT","items_purchased":["Footwork","Regen Potion","Dexterity Potion","SpeedPotion"],"campfire_rested":4,"item_purchase_floors":[4,14,42,48],"current_hp_per_floor":[70,70,65,65,62,59,42,27,27,48,39,39,14,14,35,27,70,70,70,70,55,55,55,55,55,55,55,54,54,54,54,70,45,70,69,69,68,68,59,59,59,59,59,59,59,50,50,50,70,60],"gold":14,"neow_bonus":"REMOVE_CARD","is_prod":false,"is_daily":false,"chose_seed":false,"campfire_upgraded":4,"win_rate":0,"timestamp":1550768173,"path_taken":["M","?","?","$","?","E","?","E","T","R","E","M","E","?","R","BOSS","M","$","?","M","?","R","M","R","T","E","M","?","?","M","R","BOSS","M","M","M","$","?","R","M","$","T","M","R","M","?","?","R","BOSS"],"build_version":"2019-01-23","purchased_purges":5,"victory":true,"max_hp_per_floor":[70,70,70,70,70,70,70,70,70,70,70,70,70,70,70,70,70,70,70,70,70,70,70,70,70,70,70,70,70,70,70,70,70,70,70,70,70,70,70,70,70,70,70,70,70,70,70,70,70,70],"card_choices":[{"not_picked":["Tactician","Acrobatics"],"picked":"Deadly Poison","floor":1},{"not_picked":["Dodge and Roll","Deflect","Sucker Punch"],"picked":"SKIP","floor":3},{"not_picked":["Eviscerate","Finisher","Blade Dance"],"picked":"SKIP","floor":6},{"not_picked":["Deflect","Quick Slash","Cloak And Dagger"],"picked":"SKIP","floor":8},{"not_picked":["Bane","Venomology","Flying Knee"],"picked":"SKIP","floor":11},{"not_picked":["Slice","Dagger Spray","Deadly Poison"],"picked":"SKIP","floor":12},{"not_picked":["Burst","Blade Dance","Flechettes"],"picked":"SKIP","floor":13},{"not_picked":["Venomology","After Image"],"picked":"Corpse Explosion","floor":16},{"not_picked":["Setup+1","Cloak And Dagger","Blade Dance"],"picked":"SKIP","floor":18},{"not_picked":["Sucker Punch","Flying Knee"],"picked":"Blur+1","floor":21},{"not_picked":["Expertise","Bane","Predator"],"picked":"SKIP","floor":24},{"not_picked":["Bane","Cloak And Dagger"],"picked":"PiercingWail+1","floor":27},{"not_picked":["Underhanded Strike+1","Outmaneuver","Infinite Blades+1"],"picked":"SKIP","floor":28},{"not_picked":["Dash+1","PiercingWail+1","Well Laid Plans"],"picked":"SKIP","floor":30},{"not_picked":["Underhanded Strike","Accuracy+1","PiercingWail+1"],"picked":"SKIP","floor":31},{"not_picked":["Prepared"],"picked":"SKIP","floor":35},{"not_picked":["Quick Slash"],"picked":"SKIP","floor":36},{"not_picked":["Flying Knee+1"],"picked":"SKIP","floor":37},{"not_picked":["Bane+1"],"picked":"SKIP","floor":41},{"not_picked":["Flechettes"],"picked":"SKIP","floor":44},{"not_picked":["Blade Dance+1"],"picked":"SKIP","floor":46}],"player_experience":313824,"relics_obtained":[{"floor":6,"key":"Snake Skull"},{"floor":8,"key":"Bag of Preparation"},{"floor":9,"key":"Anchor"},{"floor":11,"key":"Ancient Tea Set"},{"floor":13,"key":"Whetstone"},{"floor":26,"key":"Paper Crane"},{"floor":27,"key":"Bag of Marbles"},{"floor":43,"key":"Mummified Hand"}],"event_choices":[{"damage_healed":0,"gold_gain":0,"player_choice":"Forge","damage_taken":0,"max_hp_gain":0,"max_hp_loss":0,"event_name":"Accursed Blacksmith","floor":2,"gold_loss":0,"cards_upgraded":["Neutralize"]},{"damage_healed":0,"gold_gain":0,"player_choice":"Success","damage_taken":3,"relics_obtained":["Boot"],"max_hp_gain":0,"max_hp_loss":0,"event_name":"Scrap Ooze","floor":5,"gold_loss":0},{"damage_healed":0,"gold_gain":0,"player_choice":"Take Damage","damage_taken":17,"relics_obtained":["Golden Idol"],"max_hp_gain":0,"max_hp_loss":0,"event_name":"Golden Idol","floor":7,"gold_loss":0},{"damage_healed":0,"gold_gain":0,"player_choice":"Ignored","damage_taken":0,"max_hp_gain":0,"max_hp_loss":0,"event_name":"Ghosts","floor":20,"gold_loss":0},{"cards_removed":["Defend_G"],"damage_healed":0,"gold_gain":0,"player_choice":"Elegance","damage_taken":0,"max_hp_gain":0,"max_hp_loss":0,"event_name":"Back to Basics","floor":22,"gold_loss":0},{"cards_removed":["Defend_G"],"damage_healed":0,"gold_gain":0,"player_choice":"Purged","damage_taken":0,"max_hp_gain":0,"max_hp_loss":0,"event_name":"Purifier","floor":29,"gold_loss":0},{"damage_healed":0,"gold_gain":0,"player_choice":"Embrace Madness","damage_taken":9,"max_hp_gain":0,"max_hp_loss":0,"event_name":"Winding Halls","floor":39,"gold_loss":0,"cards_obtained":["Madness","Madness"]},{"cards_removed":["Defend_G"],"damage_healed":0,"gold_gain":0,"player_choice":"Removed Skill","damage_taken":0,"max_hp_gain":0,"max_hp_loss":0,"event_name":"Falling","floor":47,"gold_loss":0}],"is_beta":false,"boss_relics":[{"not_picked":["Pandora\u0027s Box","HoveringKite"],"picked":"Ring of the Serpent"},{"not_picked":["Fusion Hammer","Orrery"],"picked":"Busted Crown"}],"items_purged_floors":[4,14,19,38,42],"is_endless":false,"potions_floor_spawned":[1,3,16,24,27,35,37,41],"ascension_level":4}