{"gold_per_floor":[209,16,16,16,29,54,54,87,87,97,97,97,114,35,35,140,140,155,155,166,266,283,283],"floor_reached":23,"playtime":1736,"items_purged":["Strike_G"],"score":249,"play_id":"f74fc75c-136b-47a1-a415-568b295baf5e","local_time":"20190222102943","is_ascension_mode":true,"campfire_choices":[{"floor":7,"key":"REST"},{"floor":11,"key":"REST"},{"floor":15,"key":"REST"}],"neow_cost":"NONE","seed_source_timestamp":622573105630206,"circlet_count":0,"master_deck":["Defend_G","Defend_G","Defend_G","Defend_G","Defend_G","Strike_G","Strike_G","Strike_G","Survivor","Neutralize","Cloak And Dagger","Blur","Blade Dance","Cloak And Dagger","Neutralize","Accuracy","After Image"],"relics":["Ring of the Snake","Mummified Hand","Bronze Scales","Darkstone Periapt","Busted Crown"],"potions_floor_usage":[6,6,8,16,22,23],"damage_taken":[{"damage":13,"enemies":"Jaw Worm","floor":1,"turns":8},{"damage":0,"enemies":"Small Slimes","floor":5,"turns":5},{"damage":18,"enemies":"3 Sentries","floor":6,"turns":16},{"damage":48,"enemies":"Gremlin Nob","floor":8,"turns":5},{"damage":0,"enemies":"Cultist","floor":10,"turns":3},{"damage":5,"enemies":"Looter","floor":13,"turns":3},{"damage":28,"enemies":"Slime Boss","floor":16,"turns":9},{"damage":27,"enemies":"Chosen","floor":18,"turns":7},{"damage":2,"enemies":"3 Byrds","floor":20,"turns":3},{"damage":8,"enemies":"Snecko","floor":22,"turns":8},{"damage":27,"enemies":"Gremlin Leader","floor":23,"turns":6}],"seed_played":"-1433551611962857586","potions_obtained":[{"floor":5,"key":"Energy Potion"},{"floor":6,"key":"Strength Potion"},{"floor":13,"key":"PowerPotion"},{"floor":18,"key":"SkillPotion"},{"floor":20,"key":"SteroidPotion"}],"is_trial":false,"path_per_floor":["M","$","?","?","M","E","R","E","T","M","R","?","M","$","R","B",null,"M","?","M","?","M","E"],"character_chosen":"THE_SILENT","items_purchased":["Blur","Block Potion","Accuracy"],"campfire_rested":3,"item_purchase_floors":[2,2,14],"current_hp_per_floor":[57,57,57,57,57,39,60,12,12,12,33,33,28,28,49,21,58,31,31,29,29,21,0],"gold":283,"neow_bonus":"HUNDRED_GOLD","is_prod":false,"is_daily":false,"chose_seed":false,"campfire_upgraded":0,"win_rate":0,"timestamp":1550827783,"path_taken":["M","$","?","?","M","E","R","E","T","M","R","?","?","$","R","BOSS","M","?","M","?","?","E"],"build_version":"2019-01-23","purchased_purges":1,"victory":false,"max_hp_per_floor":[70,70,70,70,70,70,70,70,70,70,70,70,70,70,70,70,70,70,70,70,70,70,70],"card_choices":[{"not_picked":["Quick Slash","Deadly Poison"],"picked":"Cloak And Dagger","floor":1},{"not_picked":["Deflect","Flying Knee","All Out Attack"],"picked":"SKIP","floor":5},{"not_picked":["Flying Knee","Acrobatics"],"picked":"Blade Dance","floor":6},{"not_picked":["Endless Agony","Phantasmal Killer","Flying Knee"],"picked":"SKIP","floor":8},{"not_picked":["Bane","Caltrops"],"picked":"Cloak And Dagger","floor":10},{"not_picked":["Heel Hook","Distraction","Dagger Spray"],"picked":"SKIP","floor":13},{"not_picked":["Tools of the Trade","Doppelganger"],"picked":"After Image","floor":16},{"not_picked":["Quick Slash"],"picked":"SKIP","floor":18},{"not_picked":["Distraction"],"picked":"SKIP","floor":20},{"not_picked":["Dagger Throw"],"picked":"SKIP","floor":22}],"player_experience":340251,"relics_obtained":[{"floor":6,"key":"Mummified Hand"},{"floor":8,"key":"Bronze Scales"},{"floor":9,"key":"Darkstone Periapt"}],"event_choices":[{"damage_healed":0,"gold_gain":0,"player_choice":"Ignored","damage_taken":0,"max_hp_gain":0,"max_hp_loss":0,"event_name":"Liars Game","floor":3,"gold_loss":0},{"damage_healed":0,"gold_gain":0,"player_choice":"Leave","damage_taken":0,"max_hp_gain":0,"max_hp_loss":0,"event_name":"The Cleric","floor":4,"gold_loss":0},{"damage_healed":0,"gold_gain":0,"player_choice":"1 cards matched","damage_taken":0,"max_hp_gain":0,"max_hp_loss":0,"event_name":"Match and Keep!","floor":12,"gold_loss":0,"cards_obtained":["Neutralize"]},{"cards_removed":["Strike_G"],"damage_healed":0,"gold_gain":0,"player_choice":"Elegance","damage_taken":0,"max_hp_gain":0,"max_hp_loss":0,"event_name":"Back to Basics","floor":19,"gold_loss":0},{"damage_healed":0,"gold_gain":100,"player_choice":"Pray","damage_taken":0,"max_hp_gain":0,"max_hp_loss":0,"event_name":"Golden Shrine","floor":21,"gold_loss":0}],"is_beta":false,"boss_relics":[{"not_picked":["HoveringKite","Ectoplasm"],"picked":"Busted Crown"}],"items_purged_floors":[2],"is_endless":false,"potions_floor_spawned":[5,6,13,18,20],"killed_by":"Gremlin Leader","ascension_level":5}