{"path_per_floor":["M","M","$","M","M","E","R","E","T","R","M","M","M","?","R","B",null,"M","$","M","M","M","R","E","R","T","M","?","R","M","M","R","B",null,"M","?","M","$","M","E","R","?","T","R","E","M","R","$","R","B"],"character_chosen":"DEFECT","items_purchased":["Girya","Vajra"],"gold_per_floor":[116,128,53,69,79,104,104,137,137,137,147,167,179,179,179,279,279,297,3,14,33,51,51,82,82,82,95,10,10,28,40,40,145,145,163,163,175,75,90,118,118,118,118,118,147,157,157,8,8,8],"floor_reached":51,"campfire_rested":4,"playtime":2584,"item_purchase_floors":[19,48],"current_hp_per_floor":[75,75,75,75,72,39,39,30,30,30,25,25,21,21,21,19,75,75,75,73,72,64,64,60,60,60,59,59,59,49,47,69,17,75,75,75,63,63,61,36,58,58,58,75,72,56,56,56,75,35],"items_purged":["Strike_B","Strike_B"],"gold":8,"score":791,"play_id":"44c40769-c3a4-40fc-9f61-d5fe8cfefca5","local_time":"20180602122432","is_prod":false,"is_daily":false,"chose_seed":false,"is_ascension_mode":false,"campfire_upgraded":4,"win_rate":0,"timestamp":1527967472,"campfire_choices":[{"data":"Barrage","floor":7,"key":"SMITH"},{"data":"Hologram","floor":10,"key":"SMITH"},{"data":"Defend_B","floor":15,"key":"SMITH"},{"data":"1","floor":23,"key":"LIFT"},{"data":"2","floor":25,"key":"LIFT"},{"data":"3","floor":29,"key":"LIFT"},{"floor":32,"key":"REST"},{"floor":41,"key":"REST"},{"floor":44,"key":"REST"},{"data":"Leap","floor":47,"key":"SMITH"},{"floor":49,"key":"REST"}],"path_taken":["M","M","$","M","M","E","R","E","T","R","M","M","M","?","R","BOSS","M","$","?","M","M","R","E","R","T","M","?","R","M","M","R","BOSS","M","?","M","?","M","E","R","?","T","R","E","M","R","$","R","BOSS"],"build_version":"2018-05-30v2","seed_source_timestamp":424139037952421,"purchased_purges":2,"victory":true,"master_deck":["Strike_B","Defend_B+1","Defend_B+1","Defend_B","Defend_B","Zap+1","Dualcast","Leap+1","Barrage+1","Hologram+1","Cold Snap+1","Streamline+1","Go for the Eyes+1","Rebound+1","Stack","Compile Driver+1","Leap","Streamline+1","Steam","Leap","Cold Snap+1","Barrage+1","Beam Cell+1"],"max_hp_per_floor":[75,75,75,75,75,75,75,75,75,75,75,75,75,75,75,75,75,75,75,75,75,75,75,75,75,75,75,75,75,75,75,75,75,75,75,75,75,75,75,75,75,75,75,75,75,75,75,75,75,75],"relics":["Cracked Core","Letter Opener","Molten Egg 2","Centennial Puzzle","Sozu","Girya","Bronze Scales","Omamori","Frozen Egg 2","Lizard Tail","Blue Candle","Darkstone Periapt","Regal Pillow","Vajra"],"card_choices":[{"not_picked":["Go for the Eyes","Steam","Lockon"],"picked":"SKIP","floor":1},{"not_picked":["Hologram","Auto Shields"],"picked":"Leap","floor":2},{"not_picked":["Conserve Battery","Fusion"],"picked":"Barrage","floor":4},{"not_picked":["Stack","Go for the Eyes","Thunder Strike"],"picked":"SKIP","floor":5},{"not_picked":["Redo","Leap"],"picked":"Hologram","floor":6},{"not_picked":["Reinforced Body","Conserve Battery"],"picked":"Cold Snap","floor":8},{"not_picked":["Reprogram","Doom and Gloom+1"],"picked":"Streamline+1","floor":11},{"not_picked":["Cold Snap+1","Steam Power"],"picked":"Go for the Eyes+1","floor":12},{"not_picked":["Steam Power","Turbo"],"picked":"Rebound+1","floor":13},{"not_picked":["Hello World","Reprogram+1","Go for the Eyes+1"],"picked":"SKIP","floor":18},{"not_picked":["Cold Snap+1","Go for the Eyes+1"],"picked":"Stack","floor":20},{"not_picked":["Sunder+1","Loop+1"],"picked":"Compile Driver+1","floor":21},{"not_picked":["Capacitor+1","Reprogram+1"],"picked":"Leap","floor":22},{"not_picked":["Consume","Sunder+1","Chill"],"picked":"SKIP","floor":24},{"not_picked":["Stack","Lockon+1"],"picked":"Streamline+1","floor":27},{"not_picked":["Reprogram","Streamline+1"],"picked":"Steam","floor":30},{"not_picked":["Creative AI+1","Redo"],"picked":"Leap","floor":31},{"not_picked":["Heatsinks+1","Turbo"],"picked":"Cold Snap+1","floor":35},{"not_picked":["Conserve Battery","Streamline+1","Fusion+1"],"picked":"SKIP","floor":37},{"not_picked":["Steam","Skim","Turbo+1"],"picked":"SKIP","floor":39},{"not_picked":["Self Repair+1","Undo","Scrape+1"],"picked":"SKIP","floor":40},{"not_picked":["Tempest","Reprogram+1"],"picked":"Barrage+1","floor":45},{"not_picked":["Cold Snap+1","Gash+1"],"picked":"Beam Cell+1","floor":46}],"player_experience":1750783,"potions_floor_usage":[6,50,50,50],"damage_taken":[{"damage":0,"enemies":"Cultist","floor":1,"turns":4},{"damage":0,"enemies":"Small Slimes","floor":2,"turns":3},{"damage":0,"enemies":"Jaw Worm","floor":4,"turns":3},{"damage":3,"enemies":"Red Slaver","floor":5,"turns":4},{"damage":33,"enemies":"Gremlin Nob","floor":6,"turns":4},{"damage":9,"enemies":"3 Sentries","floor":8,"turns":6},{"damage":5,"enemies":"Exordium Thugs","floor":11,"turns":4},{"damage":0,"enemies":"3 Louse","floor":12,"turns":2},{"damage":4,"enemies":"Blue Slaver","floor":13,"turns":2},{"damage":2,"enemies":"The Guardian","floor":16,"turns":9},{"damage":0,"enemies":"Chosen","floor":18,"turns":3},{"damage":2,"enemies":"2 Thieves","floor":20,"turns":4},{"damage":1,"enemies":"Centurion and Healer","floor":21,"turns":5},{"damage":8,"enemies":"Chosen and Byrds","floor":22,"turns":5},{"damage":4,"enemies":"Gremlin Leader","floor":24,"turns":6},{"damage":1,"enemies":"3 Cultists","floor":27,"turns":4},{"damage":10,"enemies":"Snake Plant","floor":30,"turns":3},{"damage":2,"enemies":"Chosen and Byrds","floor":31,"turns":3},{"damage":52,"enemies":"Collector","floor":33,"turns":11},{"damage":0,"enemies":"3 Shapes","floor":35,"turns":4},{"damage":12,"enemies":"3 Darklings","floor":37,"turns":6},{"damage":2,"enemies":"Transient","floor":39,"turns":5},{"damage":25,"enemies":"2 Orb Walkers","floor":40,"turns":4},{"damage":3,"enemies":"Nemesis","floor":45,"turns":7},{"damage":16,"enemies":"Spire Growth","floor":46,"turns":4},{"damage":40,"enemies":"Donu and Deca","floor":50,"turns":10}],"relics_obtained":[{"floor":6,"key":"Letter Opener"},{"floor":8,"key":"Molten Egg 2"},{"floor":9,"key":"Centennial Puzzle"},{"floor":24,"key":"Bronze Scales"},{"floor":26,"key":"Omamori"},{"floor":40,"key":"Blue Candle"},{"floor":43,"key":"Darkstone Periapt"},{"floor":45,"key":"Regal Pillow"}],"event_choices":[{"event_name":"Upgrade Shrine","player_choice":"Upgraded","floor":14,"damage_taken":0},{"event_name":"Addict","player_choice":"Obtained Relic","floor":28,"damage_taken":0},{"event_name":"Bonfire Elementals","player_choice":"BASIC","floor":36,"damage_taken":0},{"event_name":"Tomb of Lord Red Mask","player_choice":"Ignored","floor":42,"damage_taken":0}],"boss_relics":[{"not_picked":["White Beast Statue","Cursed Key"],"picked":"Sozu"},{"not_picked":["Runic Pyramid","Nuclear Battery"],"picked":"Lizard Tail"}],"items_purged_floors":[3,38],"potions_floor_spawned":[4,5,11,13,22,24,27,37,40],"seed_played":"8151522134187306104","ascension_level":0,"potions_obtained":[{"floor":4,"key":"Explosive Potion"},{"floor":5,"key":"SteroidPotion"},{"floor":11,"key":"Fire Potion"},{"floor":13,"key":"LiquidBronze"}],"is_trial":false}