{"gold_per_floor":[118,193,193,1,14,14,27,27,53,53,72,100,113,38,38,138,138,152,252,252,114,128,128,173,173,242,39,54,54,70,70,70,167,167,181,181,198,248,1247,1247,1247],"floor_reached":41,"playtime":5164,"items_purged":["Defend_B","Defend_B"],"score":457,"play_id":"540f755e-e2f3-4804-b24d-b1647344c437","local_time":"20190301001916","is_ascension_mode":false,"campfire_choices":[{"data":"Hello World","floor":6,"key":"SMITH"},{"data":"Glacier","floor":8,"key":"SMITH"},{"data":"Compile Driver","floor":10,"key":"SMITH"},{"floor":15,"key":"REST"},{"floor":23,"key":"REST"},{"data":"Ghostly","floor":25,"key":"SMITH"},{"data":"Go for the Eyes","floor":29,"key":"SMITH"},{"data":"Ghostly","floor":32,"key":"SMITH"},{"floor":40,"key":"REST"}],"neow_cost":"NONE","seed_source_timestamp":7081168327900,"circlet_count":0,"master_deck":["Strike_B","Strike_B","Strike_B","Defend_B","Defend_B","Zap","Dualcast","Compile Driver+1","Hello World+1","Glacier+1","Sweeping Beam","Static Discharge","Turbo","Electrodynamics","Redo","Coolheaded+1","Ghostly+1","Ghostly+1","Ghostly","Ghostly","Ghostly","Self Repair","Ball Lightning+1","Go for the Eyes+1","BootSequence+1","Streamline+1","Reboot","Steam","Jack Of All Trades","Deep Breath","Stack+1","Gash","Normality","Normality"],"relics":["Cracked Core","Toolbox","Bag of Preparation","Question Card","Busted Crown","Gambling Chip","Pear","Regal Pillow","Mummified Hand","Chemical X","Black Star","Girya"],"potions_floor_usage":[12,19,24,24,33,33,38],"damage_taken":[{"damage":1,"enemies":"Jaw Worm","floor":1,"turns":4},{"damage":6,"enemies":"2 Louse","floor":5,"turns":2},{"damage":3,"enemies":"Cultist","floor":7,"turns":4},{"damage":8,"enemies":"Red Slaver","floor":11,"turns":3},{"damage":11,"enemies":"3 Sentries","floor":12,"turns":8},{"damage":0,"enemies":"Large Slime","floor":13,"turns":4},{"damage":33,"enemies":"The Guardian","floor":16,"turns":8},{"damage":10,"enemies":"2 Thieves","floor":18,"turns":3},{"damage":21,"enemies":"Colosseum Slavers","floor":19,"turns":3},{"damage":33,"enemies":"Colosseum Nobs","floor":19,"turns":4},{"damage":7,"enemies":"Shell Parasite","floor":22,"turns":6},{"damage":9,"enemies":"Slavers","floor":24,"turns":8},{"damage":4,"enemies":"Cultist and Chosen","floor":28,"turns":6},{"damage":2,"enemies":"Centurion and Healer","floor":30,"turns":3},{"damage":3,"enemies":"Automaton","floor":33,"turns":10},{"damage":14,"enemies":"Orb Walker","floor":35,"turns":3},{"damage":1,"enemies":"3 Shapes","floor":37,"turns":6},{"damage":24,"enemies":"2 Orb Walkers","floor":38,"turns":4},{"damage":60,"enemies":"Giant Head","floor":41,"turns":10}],"seed_played":"-2744067086823976446","potions_obtained":[{"floor":1,"key":"EssenceOfSteel"},{"floor":11,"key":"Ancient Potion"},{"floor":16,"key":"Fire Potion"},{"floor":18,"key":"SteroidPotion"},{"floor":24,"key":"LiquidBronze"},{"floor":28,"key":"PowerPotion"},{"floor":37,"key":"PowerPotion"}],"is_trial":false,"path_per_floor":["M","?","?","$","M","R","M","R","T","R","M","E","M","$","R","B",null,"M","?","?","$","M","R","E","R","T","$","M","R","M","?","R","B",null,"M","?","M","?","?","R","E"],"character_chosen":"DEFECT","items_purchased":["Toolbox","Self Repair","Chemical X"],"campfire_rested":3,"item_purchase_floors":[4,21,27],"current_hp_per_floor":[81,70,70,70,64,64,61,61,61,61,53,42,42,42,66,33,82,72,28,28,28,28,41,39,39,39,39,42,42,46,46,46,46,46,39,34,40,23,23,46,0],"gold":1247,"neow_bonus":"TEN_PERCENT_HP_BONUS","is_prod":false,"is_daily":false,"chose_seed":false,"campfire_upgraded":6,"win_rate":0,"timestamp":1551395956,"path_taken":["M","?","?","$","M","R","M","R","T","R","?","E","M","?","R","BOSS","M","?","?","$","M","R","E","R","T","$","M","R","M","?","R","BOSS","M","?","M","?","?","R","E"],"build_version":"2019-01-23","purchased_purges":2,"victory":false,"max_hp_per_floor":[82,82,82,82,82,82,82,82,82,82,82,82,82,82,82,82,82,82,92,46,46,46,46,46,46,46,46,46,46,46,46,46,46,46,46,46,46,46,46,46,46],"card_choices":[{"not_picked":["Undo","Scrape"],"picked":"Compile Driver","floor":1},{"not_picked":["Cold Snap","Leap"],"picked":"Hello World","floor":5},{"not_picked":["Steam","Barrage"],"picked":"Glacier","floor":7},{"not_picked":["Leap","Recycle"],"picked":"Sweeping Beam","floor":11},{"not_picked":["Sweeping Beam","Streamline"],"picked":"Static Discharge","floor":12},{"not_picked":["Rebound","Leap","Coolheaded"],"picked":"Turbo","floor":13},{"not_picked":["Amplify","Machine Learning","Seek"],"picked":"Electrodynamics","floor":16},{"not_picked":["Turbo"],"picked":"Redo","floor":18},{"not_picked":["Static Discharge"],"picked":"Coolheaded+1","floor":19},{"not_picked":["Cold Snap"],"picked":"Ball Lightning+1","floor":22},{"not_picked":["Hello World"],"picked":"Go for the Eyes","floor":24},{"not_picked":["Cold Snap+1"],"picked":"BootSequence+1","floor":28},{"not_picked":["Hologram+1"],"picked":"Streamline+1","floor":30},{"not_picked":["Machine Learning"],"picked":"Reboot","floor":33},{"not_picked":["Darkness+1"],"picked":"Steam","floor":35},{"not_picked":["Good Instincts"],"picked":"Jack Of All Trades","floor":36},{"not_picked":["Good Instincts"],"picked":"Deep Breath","floor":36},{"not_picked":["Chaos+1"],"picked":"Stack+1","floor":37},{"not_picked":["Streamline+1"],"picked":"Gash","floor":38}],"player_experience":74097,"relics_obtained":[{"floor":9,"key":"Bag of Preparation"},{"floor":12,"key":"Question Card"},{"floor":19,"key":"Gambling Chip"},{"floor":19,"key":"Pear"},{"floor":24,"key":"Regal Pillow"},{"floor":26,"key":"Mummified Hand"},{"floor":38,"key":"Girya"}],"event_choices":[{"damage_healed":0,"gold_gain":75,"player_choice":"Gather Gold","damage_taken":11,"max_hp_gain":0,"max_hp_loss":0,"event_name":"World of Goop","floor":2,"gold_loss":0},{"cards_removed":["Strike_B"],"damage_healed":0,"gold_gain":0,"player_choice":"Offered Basic","damage_taken":0,"max_hp_gain":0,"max_hp_loss":0,"event_name":"Bonfire Elementals","floor":3,"gold_loss":0},{"damage_healed":0,"gold_gain":0,"player_choice":"Fight","damage_taken":0,"max_hp_gain":0,"max_hp_loss":0,"event_name":"Colosseum","floor":19,"gold_loss":0},{"damage_healed":0,"gold_gain":0,"player_choice":"Fought Nobs","damage_taken":0,"max_hp_gain":0,"max_hp_loss":0,"event_name":"Colosseum","floor":19,"gold_loss":0},{"damage_healed":0,"gold_gain":0,"player_choice":"Became a Ghost","damage_taken":0,"max_hp_gain":0,"max_hp_loss":46,"event_name":"Ghosts","floor":20,"gold_loss":0,"cards_obtained":["Ghostly","Ghostly","Ghostly","Ghostly","Ghostly"]},{"damage_healed":0,"gold_gain":0,"player_choice":"Full Heal","damage_taken":0,"max_hp_gain":0,"max_hp_loss":0,"event_name":"Wheel of Change","floor":31,"gold_loss":0},{"damage_healed":0,"gold_gain":0,"player_choice":"Memory 2","damage_taken":5,"max_hp_gain":0,"max_hp_loss":0,"event_name":"SensoryStone","floor":36,"gold_loss":0},{"damage_healed":0,"gold_gain":0,"player_choice":"Fight","damage_taken":0,"max_hp_gain":0,"max_hp_loss":0,"event_name":"Mysterious Sphere","floor":38,"gold_loss":0},{"damage_healed":0,"gold_gain":999,"player_choice":"Gold","damage_taken":0,"max_hp_gain":0,"max_hp_loss":0,"event_name":"MindBloom","floor":39,"gold_loss":0,"cards_obtained":["Normality","Normality"]}],"is_beta":false,"boss_relics":[{"not_picked":["Ectoplasm","Inserter"],"picked":"Busted Crown"},{"not_picked":["White Beast Statue","Coffee Dripper"],"picked":"Black Star"}],"items_purged_floors":[14,21],"is_endless":false,"potions_floor_spawned":[1,11,16,18,24,28,37],"killed_by":"Giant Head","ascension_level":0}