{"gold_per_floor":[113,124,144,144,144,172,192,192,192,217,217,232,257,64,64,136,136,154,174,194,207,207],"floor_reached":22,"playtime":1805,"items_purged":[],"score":426,"play_id":"ef2c17af-b507-4bbd-ace8-3a62523e58cc","local_time":"20190215114417","is_ascension_mode":true,"campfire_choices":[{"floor":8,"key":"REST"},{"floor":11,"key":"REST"},{"floor":15,"key":"DIG"}],"neow_cost":"NONE","seed_source_timestamp":72383385329215,"circlet_count":0,"master_deck":["AscendersBane","Strike_B","Strike_B","Strike_B","Strike_B","Defend_B","Defend_B","Defend_B","Defend_B","Zap","Dualcast","Defragment","Ball Lightning","BootSequence","Coolheaded","Hologram","Biased Cognition","Doom and Gloom","Loop","Core Surge","Conserve Battery","Leap","Hologram"],"relics":["Philosopher\u0027s Stone","FossilizedHelix","Shovel","Prayer Wheel","Calipers","OrangePellets","Ice Cream","Inserter"],"potions_floor_usage":[6,6,16,20,22],"damage_taken":[{"damage":4,"enemies":"Small Slimes","floor":1,"turns":3},{"damage":6,"enemies":"2 Louse","floor":2,"turns":3},{"damage":8,"enemies":"Jaw Worm","floor":3,"turns":3},{"damage":8,"enemies":"3 Sentries","floor":6,"turns":7},{"damage":0,"enemies":"Red Slaver","floor":7,"turns":4},{"damage":26,"enemies":"Gremlin Nob","floor":10,"turns":5},{"damage":0,"enemies":"2 Fungi Beasts","floor":12,"turns":3},{"damage":0,"enemies":"Lagavulin","floor":13,"turns":5},{"damage":22,"enemies":"The Guardian","floor":16,"turns":7},{"damage":8,"enemies":"Shell Parasite","floor":18,"turns":5},{"damage":7,"enemies":"Spheric Guardian","floor":19,"turns":6},{"damage":17,"enemies":"3 Cultists","floor":20,"turns":6},{"damage":13,"enemies":"Cultist and Chosen","floor":21,"turns":6},{"damage":20,"enemies":"Centurion and Healer","floor":22,"turns":4}],"seed_played":"-4274676934497590888","potions_obtained":[{"floor":1,"key":"SteroidPotion"},{"floor":2,"key":"Block Potion"},{"floor":10,"key":"Poison Potion"},{"floor":12,"key":"Swift Potion"},{"floor":19,"key":"Explosive Potion"},{"floor":20,"key":"PowerPotion"}],"is_trial":false,"path_per_floor":["M","M","M","?","?","E","M","R","T","E","R","M","E","$","R","B",null,"M","M","M","M","M"],"character_chosen":"DEFECT","items_purchased":["OrangePellets"],"campfire_rested":2,"item_purchase_floors":[14],"current_hp_per_floor":[64,58,50,38,38,30,30,52,52,26,48,48,48,48,48,26,63,55,48,31,18,0],"gold":207,"neow_bonus":"BOSS_RELIC","is_prod":false,"is_daily":false,"chose_seed":false,"campfire_upgraded":0,"win_rate":0,"timestamp":1550259857,"path_taken":["M","M","M","?","?","E","M","R","T","E","R","?","E","$","R","BOSS","M","M","M","M","M"],"build_version":"2019-02-06","purchased_purges":0,"victory":false,"max_hp_per_floor":[75,75,75,75,75,75,75,75,75,75,75,75,75,75,75,75,75,75,75,75,75,75],"card_choices":[{"not_picked":["Steam Power","Reinforced Body"],"picked":"Defragment","floor":1},{"not_picked":["Chill","Sunder"],"picked":"Ball Lightning","floor":2},{"not_picked":["Stack","Gash"],"picked":"BootSequence","floor":3},{"not_picked":["Gash","Heatsinks"],"picked":"Coolheaded","floor":6},{"not_picked":["Static Discharge","Ball Lightning"],"picked":"Hologram","floor":7},{"not_picked":["Stack","Coolheaded"],"picked":"Biased Cognition","floor":10},{"not_picked":["Coolheaded","Sweeping Beam"],"picked":"Doom and Gloom","floor":12},{"not_picked":["Beam Cell","Self Repair"],"picked":"Loop","floor":12},{"not_picked":["Tempest","White Noise","Barrage"],"picked":"SKIP","floor":13},{"not_picked":["Seek","All For One"],"picked":"Core Surge","floor":16},{"not_picked":["Reprogram","Rebound"],"picked":"Conserve Battery","floor":18},{"not_picked":["Beam Cell","Gash+1","Rebound"],"picked":"SKIP","floor":18},{"not_picked":["Sweeping Beam","Scrape"],"picked":"Leap","floor":19},{"not_picked":["Fusion","Rebound","Streamline"],"picked":"SKIP","floor":19},{"not_picked":["Static Discharge","Conserve Battery+1","Beam Cell"],"picked":"SKIP","floor":20},{"not_picked":["Conserve Battery","Undo","Auto Shields"],"picked":"SKIP","floor":20},{"not_picked":["Rebound+1","Recycle"],"picked":"Hologram","floor":21},{"not_picked":["Hologram","Barrage","Ball Lightning"],"picked":"SKIP","floor":21}],"player_experience":790600,"relics_obtained":[{"floor":6,"key":"FossilizedHelix"},{"floor":9,"key":"Shovel"},{"floor":10,"key":"Prayer Wheel"},{"floor":13,"key":"Calipers"},{"floor":15,"key":"Ice Cream"}],"event_choices":[{"damage_healed":0,"gold_gain":0,"player_choice":"Fled","damage_taken":12,"max_hp_gain":0,"max_hp_loss":0,"event_name":"Scrap Ooze","floor":4,"gold_loss":0},{"damage_healed":0,"gold_gain":0,"player_choice":"Ignored","damage_taken":0,"max_hp_gain":0,"max_hp_loss":0,"event_name":"Golden Idol","floor":5,"gold_loss":0}],"is_beta":true,"boss_relics":[{"not_picked":["Nuclear Battery","Ectoplasm"],"picked":"Inserter"}],"items_purged_floors":[],"is_endless":false,"potions_floor_spawned":[1,2,10,12,19,20],"killed_by":"Centurion and Healer","ascension_level":13}