{"path_per_floor":["M","M","?","$","M","E","R","E","T","E","M","T","R","$","R","B",null,"M","M","?","M","$","R","E","M","T","M","R","E","?","E","R","B",null,"M","?","M","M","M","R","E","?","T","?","?","$","R","M","R","B"],"character_chosen":"DEFECT","items_purchased":["Ball Lightning","Capacitor","Regen Potion","Blind","Calipers"],"gold_per_floor":[211,222,297,175,192,227,227,254,254,280,296,296,296,97,97,196,196,209,229,229,243,17,17,47,64,88,100,100,129,129,161,161,258,258,272,272,291,311,331,331,361,361,388,388,388,88,88,105,105,105],"floor_reached":51,"campfire_rested":0,"playtime":4988,"current_hp_per_floor":[75,75,64,64,64,48,48,31,31,23,22,22,22,22,22,44,67,60,60,60,75,75,75,73,67,67,75,75,75,75,66,66,72,74,75,75,75,75,75,75,75,75,75,75,75,75,75,75,75,55],"items_purged":["Strike_B","Strike_B","Strike_B"],"gold":105,"score":973,"play_id":"a36db8b9-da9b-4e76-a3d3-c01504d3e5fd","local_time":"20180427152923","is_prod":false,"is_daily":false,"chose_seed":false,"is_ascension_mode":true,"campfire_upgraded":7,"timestamp":1524868163,"path_taken":["M","M","?","?","M","E","R","E","T","E","M","?","R","$","R","BOSS","M","M","?","M","$","R","E","M","T","M","R","E","?","E","R","BOSS","M","?","M","M","M","R","E","?","T","?","?","$","R","M","R","BOSS"],"build_version":"2018-04-26v2","seed_source_timestamp":525116942134379,"purchased_purges":3,"victory":true,"master_deck":["Defend_B+1","Defend_B+1","Defend_B+1","Defend_B+1","Zap","Chill","Defragment+1","Ball Lightning+1","Creative AI","Stack","Buffer+1","Capacitor+1","Amplify","Coolheaded+1","Self Repair+1","Blind+1","Skim+1","Coolheaded+1","Capacitor+1","Echo Form","Barrage+1","Streamline+1","Ball Lightning+1"],"max_hp_per_floor":[75,75,75,75,75,75,75,75,75,75,75,75,75,75,75,75,75,75,75,75,75,75,75,75,75,75,75,75,75,75,75,75,75,75,75,75,75,75,75,75,75,75,75,75,75,75,75,75,75,75],"relics":["Cracked Core","Mercury Hourglass","Ginger","Peace Pipe","Juzu Bracelet","Ornamental Fan","Snecko Eye","Pantograph","Regal Pillow","Omamori","Bird Faced Urn","Nuclear Battery","Toolbox","Bag of Marbles","Calipers"],"card_choices":[{"not_picked":["Storm","White Noise"],"picked":"Chill","floor":1},{"not_picked":["Hello World","Ball Lightning"],"picked":"Defragment","floor":2},{"not_picked":["Multi-Cast","Heatsinks"],"picked":"Creative AI","floor":6},{"not_picked":["Hologram","Axe Kick"],"picked":"Stack","floor":10},{"not_picked":["Coolheaded","Sunder"],"picked":"Buffer","floor":11},{"not_picked":["Fission","Rainbow"],"picked":"Amplify","floor":16},{"not_picked":["Darkness","Beam Cell"],"picked":"Coolheaded","floor":18},{"not_picked":["Beam Cell","Rebound"],"picked":"Self Repair","floor":19},{"not_picked":["Leap","Biased Cognition"],"picked":"Skim","floor":24},{"not_picked":["Streamline","Leap"],"picked":"Coolheaded","floor":29},{"not_picked":["Chill","Leap"],"picked":"Capacitor","floor":31},{"not_picked":["Machine Learning","Reboot"],"picked":"Echo Form","floor":33},{"not_picked":["Stack","FTL"],"picked":"Barrage","floor":39},{"not_picked":["Hello World","Gash"],"picked":"Streamline","floor":41},{"not_picked":["Cold Snap","Axe Kick"],"picked":"Ball Lightning","floor":48}],"player_experience":1264342,"potions_floor_usage":[8,8,16,16,16,29,29,31,37,37,50,50,50],"damage_taken":[{"damage":0,"enemies":"2 Louse","floor":1,"turns":3},{"damage":0,"enemies":"Jaw Worm","floor":2,"turns":5},{"damage":0,"enemies":"Cultist","floor":5,"turns":3},{"damage":16,"enemies":"Lagavulin","floor":6,"turns":5},{"damage":17,"enemies":"Gremlin Nob","floor":8,"turns":4},{"damage":8,"enemies":"Lagavulin","floor":10,"turns":6},{"damage":1,"enemies":"Exordium Thugs","floor":11,"turns":4},{"damage":0,"enemies":"Slime Boss","floor":16,"turns":9},{"damage":7,"enemies":"Shell Parasite","floor":18,"turns":7},{"damage":0,"enemies":"Chosen","floor":19,"turns":5},{"damage":1,"enemies":"3 Cultists","floor":21,"turns":6},{"damage":19,"enemies":"Slavers","floor":24,"turns":7},{"damage":16,"enemies":"Snake Plant","floor":25,"turns":6},{"damage":1,"enemies":"Snecko","floor":27,"turns":6},{"damage":7,"enemies":"Gremlin Leader","floor":29,"turns":8},{"damage":19,"enemies":"Slavers","floor":31,"turns":7},{"damage":41,"enemies":"Champ","floor":33,"turns":11},{"damage":0,"enemies":"Orb Walker","floor":35,"turns":5},{"damage":15,"enemies":"3 Shapes","floor":37,"turns":5},{"damage":30,"enemies":"Sphere and 2 Shapes","floor":38,"turns":10},{"damage":0,"enemies":"Spire Growth","floor":39,"turns":8},{"damage":0,"enemies":"Giant Head","floor":41,"turns":8},{"damage":0,"enemies":"4 Shapes","floor":48,"turns":5},{"damage":46,"enemies":"Awakened One","floor":50,"turns":13}],"event_choices":[{"event_name":"World of Goop","player_choice":"Gather Gold","floor":3,"damage_taken":0},{"event_name":"Back to Basics","player_choice":"Simplicity","floor":20,"damage_taken":0},{"event_name":"The Library","player_choice":"Read","floor":30,"damage_taken":0},{"event_name":"The Lab","player_choice":"Got Potions","floor":36,"damage_taken":0},{"event_name":"Tomb of Lord Red Mask","player_choice":"Ignored","floor":42,"damage_taken":0},{"event_name":"Mysterious Sphere","player_choice":"Ignore","floor":44,"damage_taken":0}],"boss_relics":[{"not_picked":["Cursed Key","Lizard Tail"],"picked":"Snecko Eye"},{"not_picked":["Black Star","Orrery"],"picked":"Nuclear Battery"}],"potions_floor_spawned":[1,2,8,11,16,21,25,31,37,39,41],"seed_played":"5300263337041472557","ascension_level":5,"is_trial":false}