{"gold_per_floor":[118,118,90,90,55,88,112,112,112,142,167,167,181,212,212,341,341,366,387,412,327,327,327,366,366,366,366,389,407,450,549,549,680,680,695,795,795,580,913,927,944,944,968,1014,1014,1014,1014,1044,1044,1044],"floor_reached":51,"playtime":3432,"items_purged":[],"score":951,"play_id":"115d1d42-eaaf-41ca-b7d6-bc498dddf8e6","local_time":"20190219230539","is_ascension_mode":true,"campfire_choices":[{"data":"Neutralize","floor":8,"key":"SMITH"},{"data":"Noxious Fumes","floor":12,"key":"SMITH"},{"floor":15,"key":"REST"},{"floor":23,"key":"REST"},{"data":"Survivor","floor":25,"key":"SMITH"},{"data":"Blade Dance","floor":27,"key":"SMITH"},{"floor":32,"key":"REST"},{"floor":45,"key":"REST"},{"floor":49,"key":"REST"}],"neow_cost":"NONE","seed_source_timestamp":3119627030479669,"circlet_count":0,"master_deck":["Defend_G","Defend_G","Defend_G","Defend_G","Defend_G","Strike_G","Strike_G","Strike_G","Strike_G","Strike_G","Survivor+1","Neutralize+1","All Out Attack","Blade Dance+1","Noxious Fumes+1","Backflip+1","Blade Dance+1","PiercingWail+1","Prepared+1","Adrenaline+1","Escape Plan+1","Cloak And Dagger+1","PiercingWail+1","Backflip+1","A Thousand Cuts","Finisher+1","Panache","Infinite Blades+1","Calculated Gamble+1","Outmaneuver+1","Prepared+1","Prepared+1","Madness+1","Madness+1","Acrobatics+1","Catalyst+1"],"relics":["Ring of the Snake","NeowsBlessing","Juzu Bracelet","Dead Branch","Toxic Egg 2","Odd Mushroom","Omamori","Cursed Key","Mummified Hand","Bronze Scales","Boot","Blue Candle","WristBlade","Bag of Preparation","Pocketwatch","Happy Flower"],"potions_floor_usage":[10,16,24,33],"damage_taken":[{"damage":0,"enemies":"Cultist","floor":1,"turns":1},{"damage":0,"enemies":"Gremlin Nob","floor":6,"turns":1},{"damage":0,"enemies":"2 Louse","floor":7,"turns":1},{"damage":9,"enemies":"The Mushroom Lair","floor":10,"turns":4},{"damage":7,"enemies":"Small Slimes","floor":11,"turns":3},{"damage":1,"enemies":"2 Fungi Beasts","floor":13,"turns":3},{"damage":20,"enemies":"Lagavulin","floor":14,"turns":8},{"damage":12,"enemies":"Hexaghost","floor":16,"turns":10},{"damage":0,"enemies":"Spheric Guardian","floor":18,"turns":3},{"damage":0,"enemies":"2 Thieves","floor":19,"turns":2},{"damage":22,"enemies":"Snecko","floor":20,"turns":5},{"damage":0,"enemies":"Colosseum Slavers","floor":22,"turns":4},{"damage":9,"enemies":"Slavers","floor":24,"turns":5},{"damage":0,"enemies":"3 Cultists","floor":28,"turns":3},{"damage":0,"enemies":"Snake Plant","floor":29,"turns":2},{"damage":20,"enemies":"Gremlin Leader","floor":30,"turns":5},{"damage":0,"enemies":"Champ","floor":33,"turns":10},{"damage":0,"enemies":"Orb Walker","floor":35,"turns":3},{"damage":0,"enemies":"3 Shapes","floor":40,"turns":2},{"damage":12,"enemies":"Maw","floor":41,"turns":5},{"damage":0,"enemies":"2 Orb Walkers","floor":44,"turns":2},{"damage":16,"enemies":"Jaw Worm Horde","floor":46,"turns":3},{"damage":0,"enemies":"Reptomancer","floor":48,"turns":3},{"damage":32,"enemies":"Donu and Deca","floor":50,"turns":5}],"seed_played":"8435205724459227142","potions_obtained":[{"floor":1,"key":"SpeedPotion"},{"floor":6,"key":"GhostInAJar"},{"floor":13,"key":"Explosive Potion"},{"floor":14,"key":"Block Potion"},{"floor":16,"key":"SteroidPotion"},{"floor":18,"key":"Energy Potion"},{"floor":24,"key":"Weak Potion"},{"floor":29,"key":"Block Potion"},{"floor":35,"key":"LiquidBronze"},{"floor":41,"key":"FairyPotion"},{"floor":44,"key":"GhostInAJar"}],"is_trial":false,"path_per_floor":["M","?","?","?","?","E","M","R","T","?","M","R","M","E","R","B",null,"M","M","M","?","?","R","E","R","T","R","M","M","E","?","R","B",null,"M","?","?","$","?","M","M","?","T","?","R","M","?","E","R","B",null],"character_chosen":"THE_SILENT","items_purchased":["Infinite Blades","Calculated Gamble+1","Outmaneuver+1"],"campfire_rested":5,"item_purchase_floors":[38,38,38],"current_hp_per_floor":[70,67,67,50,67,67,67,67,67,58,51,51,50,30,51,39,70,70,70,48,48,48,69,60,60,60,60,60,60,40,40,61,61,70,70,70,70,70,70,70,58,49,49,49,70,54,54,54,70,38],"gold":1044,"neow_bonus":"THREE_ENEMY_KILL","is_prod":false,"is_daily":false,"chose_seed":false,"campfire_upgraded":4,"win_rate":0,"timestamp":1550635539,"path_taken":["M","?","?","?","?","E","M","R","T","?","M","R","M","E","R","BOSS","M","M","M","?","?","R","E","R","T","R","M","M","E","?","R","BOSS","M","?","?","$","?","M","M","?","T","?","R","M","?","E","R","BOSS"],"build_version":"2019-02-06","purchased_purges":0,"victory":true,"max_hp_per_floor":[70,70,70,70,70,70,70,70,70,70,70,70,70,70,70,70,70,70,70,70,70,70,70,70,70,70,70,70,70,70,70,70,70,70,70,70,70,70,70,70,70,70,70,70,70,70,70,70,70,70],"card_choices":[{"not_picked":["Backstab","Slice"],"picked":"All Out Attack","floor":1},{"not_picked":["Predator","Dagger Spray"],"picked":"Blade Dance","floor":6},{"not_picked":["Accuracy","Deadly Poison"],"picked":"Noxious Fumes","floor":7},{"not_picked":["Acrobatics+1","Dodge and Roll+1"],"picked":"Backflip+1","floor":10},{"not_picked":["Dagger Throw","Crippling Poison+1"],"picked":"Blade Dance+1","floor":11},{"not_picked":["Underhanded Strike","Well Laid Plans"],"picked":"PiercingWail+1","floor":13},{"not_picked":["Poisoned Stab","Distraction+1"],"picked":"Prepared+1","floor":14},{"not_picked":["Malaise+1","Burst+1"],"picked":"Adrenaline+1","floor":16},{"not_picked":["Riddle With Holes","Bane","Quick Slash"],"picked":"SKIP","floor":18},{"not_picked":["Slice","Backflip+1"],"picked":"Escape Plan+1","floor":19},{"not_picked":["Dagger Throw","Bane"],"picked":"Cloak And Dagger+1","floor":20},{"not_picked":["Masterful Stab","Cloak And Dagger+1"],"picked":"PiercingWail+1","floor":24},{"not_picked":["Underhanded Strike","Deflect+1","Grand Finale"],"picked":"SKIP","floor":28},{"not_picked":["Leg Sweep+1","Flying Knee"],"picked":"Backflip+1","floor":29},{"not_picked":["Dagger Throw","Bane","Tools of the Trade"],"picked":"SKIP","floor":30},{"not_picked":["Glass Knife","Envenom"],"picked":"A Thousand Cuts","floor":33},{"not_picked":["Poisoned Stab+1","Deflect+1"],"picked":"Finisher+1","floor":35},{"not_picked":["Finesse+1","PanicButton+1"],"picked":"Panache","floor":37},{"not_picked":["Cloak And Dagger+1","Blade Dance+1"],"picked":"Prepared+1","floor":40},{"not_picked":["Cloak And Dagger+1","Leg Sweep+1"],"picked":"Prepared+1","floor":41},{"not_picked":["Slice","Dodge and Roll+1"],"picked":"Acrobatics+1","floor":46},{"not_picked":["Flying Knee","Noxious Fumes"],"picked":"Catalyst+1","floor":48}],"player_experience":164007,"relics_obtained":[{"floor":6,"key":"Dead Branch"},{"floor":9,"key":"Toxic Egg 2"},{"floor":10,"key":"Odd Mushroom"},{"floor":14,"key":"Omamori"},{"floor":24,"key":"Bronze Scales"},{"floor":26,"key":"Boot"},{"floor":30,"key":"Blue Candle"},{"floor":43,"key":"Bag of Preparation"},{"floor":44,"key":"Pocketwatch"},{"floor":48,"key":"Happy Flower"}],"event_choices":[{"damage_healed":0,"gold_gain":0,"player_choice":"Success","damage_taken":3,"relics_obtained":["Juzu Bracelet"],"max_hp_gain":0,"max_hp_loss":0,"event_name":"Scrap Ooze","floor":2,"gold_loss":0},{"damage_healed":0,"gold_gain":0,"player_choice":"Left Gold","damage_taken":0,"max_hp_gain":0,"max_hp_loss":0,"event_name":"World of Goop","floor":3,"gold_loss":28},{"damage_healed":0,"gold_gain":0,"player_choice":"Take Damage","damage_taken":17,"relics_obtained":["Golden Idol"],"max_hp_gain":0,"max_hp_loss":0,"event_name":"Golden Idol","floor":4,"gold_loss":0},{"damage_healed":17,"gold_gain":0,"player_choice":"Healed","damage_taken":0,"max_hp_gain":0,"max_hp_loss":0,"event_name":"The Cleric","floor":5,"gold_loss":35},{"damage_healed":0,"gold_gain":0,"player_choice":"Fought Mushrooms","damage_taken":0,"max_hp_gain":0,"max_hp_loss":0,"event_name":"Mushrooms","floor":10,"gold_loss":0},{"damage_healed":0,"gold_gain":0,"player_choice":"Obtained Relic","damage_taken":0,"relics_obtained":["Mummified Hand"],"max_hp_gain":0,"max_hp_loss":0,"event_name":"Addict","floor":21,"gold_loss":85},{"damage_healed":0,"gold_gain":0,"player_choice":"Fight","damage_taken":0,"max_hp_gain":0,"max_hp_loss":0,"event_name":"Colosseum","floor":22,"gold_loss":0},{"damage_healed":0,"gold_gain":0,"player_choice":"Fled From Nobs","damage_taken":0,"max_hp_gain":0,"max_hp_loss":0,"event_name":"Colosseum","floor":22,"gold_loss":0},{"damage_healed":0,"gold_gain":99,"player_choice":"Stole From Cult","damage_taken":0,"max_hp_gain":0,"max_hp_loss":0,"event_name":"Nest","floor":31,"gold_loss":0},{"damage_healed":0,"gold_gain":100,"player_choice":"Pray","damage_taken":0,"max_hp_gain":0,"max_hp_loss":0,"event_name":"Golden Shrine","floor":36,"gold_loss":0},{"damage_healed":0,"gold_gain":0,"player_choice":"Memory 1","damage_taken":0,"max_hp_gain":0,"max_hp_loss":0,"event_name":"SensoryStone","floor":37,"gold_loss":0},{"damage_healed":0,"gold_gain":333,"player_choice":"Gave Idol","damage_taken":0,"max_hp_gain":0,"max_hp_loss":0,"event_name":"The Moai Head","floor":39,"relics_lost":["Golden Idol"],"gold_loss":0},{"damage_healed":0,"gold_gain":0,"player_choice":"Embrace Madness","damage_taken":9,"max_hp_gain":0,"max_hp_loss":0,"event_name":"Winding Halls","floor":42,"gold_loss":0,"cards_obtained":["Madness","Madness"]},{"damage_healed":0,"gold_gain":0,"player_choice":"Fight","damage_taken":0,"max_hp_gain":0,"max_hp_loss":0,"event_name":"Mysterious Sphere","floor":44,"gold_loss":0},{"damage_healed":0,"gold_gain":0,"player_choice":"Forge","damage_taken":0,"max_hp_gain":0,"max_hp_loss":0,"event_name":"Accursed Blacksmith","floor":47,"gold_loss":0,"cards_upgraded":["Infinite Blades"]}],"is_beta":true,"boss_relics":[{"not_picked":["Calling Bell","Velvet Choker"],"picked":"Cursed Key"},{"not_picked":["Tiny House","Runic Pyramid"],"picked":"WristBlade"}],"items_purged_floors":[],"is_endless":false,"potions_floor_spawned":[1,6,13,14,16,18,24,29,35,40,41,44],"ascension_level":2}