{"gold_per_floor":[113,113,113,130,53,53,53,53,53,104,145,161,199,5,5,135,135,149,169,182,206,206],"floor_reached":22,"playtime":1178,"items_purged":["Defend_B"],"score":274,"play_id":"4ad951af-be86-40c6-a10a-72383f8ac079","local_time":"20190222131154","is_ascension_mode":true,"campfire_choices":[{"data":"Dualcast","floor":7,"key":"SMITH"},{"floor":15,"key":"REST"}],"neow_cost":"NONE","seed_source_timestamp":632857939891941,"circlet_count":0,"master_deck":["Strike_B+1","Strike_B+1","Strike_B+1","Defend_B","Defend_B","Defend_B","Zap+1","Dualcast+1","Storm","Conserve Battery","Machine Learning","Auto Shields","Auto Shields"],"relics":["Cracked Core","NeowsBlessing","Golden Idol","Mercury Hourglass","Kunai","Happy Flower","Smiling Mask","Bottled Flame","Whetstone","Nuclear Battery"],"potions_floor_usage":[13,21,21],"damage_taken":[{"damage":0,"enemies":"Small Slimes","floor":1,"turns":1},{"damage":0,"enemies":"Jaw Worm","floor":4,"turns":1},{"damage":0,"enemies":"Lagavulin","floor":11,"turns":1},{"damage":3,"enemies":"2 Louse","floor":12,"turns":2},{"damage":18,"enemies":"3 Sentries","floor":13,"turns":6},{"damage":7,"enemies":"The Guardian","floor":16,"turns":9},{"damage":19,"enemies":"2 Thieves","floor":18,"turns":4},{"damage":14,"enemies":"Spheric Guardian","floor":19,"turns":5},{"damage":30,"enemies":"Cultist and Chosen","floor":20,"turns":6},{"damage":2,"enemies":"Centurion and Healer","floor":21,"turns":6},{"damage":2,"enemies":"Shelled Parasite and Fungi","floor":22,"turns":2}],"seed_played":"6704283692471813522","potions_obtained":[{"floor":4,"key":"Regen Potion"},{"floor":16,"key":"Poison Potion"},{"floor":20,"key":"GamblersBrew"},{"floor":21,"key":"SneckoOil"}],"is_trial":false,"path_per_floor":["M","?","?","M","$","?","R","T","T","T","E","M","E","$","R","B",null,"M","M","M","M","M"],"character_chosen":"DEFECT","items_purchased":["Storm","Whetstone"],"campfire_rested":1,"item_purchase_floors":[5,14],"current_hp_per_floor":[75,68,53,53,53,35,35,35,35,35,35,32,29,29,51,44,67,48,34,4,2,0],"gold":206,"neow_bonus":"THREE_ENEMY_KILL","is_prod":false,"is_daily":false,"chose_seed":false,"campfire_upgraded":1,"win_rate":0,"timestamp":1550837514,"path_taken":["M","?","?","M","$","?","R","?","T","?","E","M","E","?","R","BOSS","M","?","M","M","?"],"build_version":"2019-01-23","purchased_purges":1,"victory":false,"max_hp_per_floor":[75,75,75,75,75,75,75,75,75,75,75,75,75,75,75,75,75,75,75,75,75,75],"card_choices":[{"not_picked":["Turbo","Barrage","Steam"],"picked":"SKIP","floor":1},{"not_picked":["Undo","Scrape","Leap"],"picked":"SKIP","floor":4},{"not_picked":["Turbo","Streamline","Cold Snap"],"picked":"SKIP","floor":11},{"not_picked":["Storm","Chaos"],"picked":"Conserve Battery","floor":12},{"not_picked":["Cold Snap","Streamline"],"picked":"Machine Learning","floor":13},{"not_picked":["Streamline","Rebound"],"picked":"Auto Shields","floor":18},{"not_picked":["Go for the Eyes","Leap+1","Sweeping Beam"],"picked":"SKIP","floor":19},{"not_picked":["Doom and Gloom","Leap","Hello World"],"picked":"SKIP","floor":20},{"not_picked":["Redo+1","Streamline"],"picked":"Auto Shields","floor":21}],"player_experience":347757,"relics_obtained":[{"floor":8,"key":"Mercury Hourglass"},{"floor":9,"key":"Kunai"},{"floor":10,"key":"Happy Flower"},{"floor":11,"key":"Smiling Mask"},{"floor":13,"key":"Bottled Flame"}],"event_choices":[{"cards_removed":["Strike_B"],"damage_healed":0,"gold_gain":0,"player_choice":"Card Removal","damage_taken":7,"max_hp_gain":0,"max_hp_loss":0,"event_name":"Golden Wing","floor":2,"gold_loss":0},{"damage_healed":0,"gold_gain":0,"player_choice":"Entered Light","damage_taken":15,"max_hp_gain":0,"max_hp_loss":0,"event_name":"Shining Light","floor":3,"gold_loss":0,"cards_upgraded":["Zap","Strike_B"]},{"damage_healed":0,"gold_gain":0,"player_choice":"Take Damage","damage_taken":18,"relics_obtained":["Golden Idol"],"max_hp_gain":0,"max_hp_loss":0,"event_name":"Golden Idol","floor":6,"gold_loss":0}],"is_beta":false,"boss_relics":[{"not_picked":["Fusion Hammer","Ectoplasm"],"picked":"Nuclear Battery"}],"items_purged_floors":[14],"is_endless":false,"potions_floor_spawned":[4,16,20,21],"killed_by":"Shelled Parasite and Fungi","ascension_level":5}