{"gold_per_floor":[112,112,129,139,139,170,48,48,123,133,146,195,195,229,229,331,331,347,287,287,307,322,322,37,71,71,71,100,110,110,140,140,239,239,257,157,176,176,176,176,211,211,256,290,290,303,59,75,75,75],"floor_reached":51,"playtime":4130,"items_purged":["Strike_G","Strike_G","Defend_G","Defend_G"],"score":970,"play_id":"be28e429-27b4-4833-a6a8-02bda1663073","local_time":"20190224203148","is_ascension_mode":true,"campfire_choices":[{"data":"Leg Sweep","floor":8,"key":"SMITH"},{"data":"Caltrops","floor":15,"key":"SMITH"},{"data":"After Image","floor":23,"key":"SMITH"},{"data":"After Image","floor":27,"key":"SMITH"},{"data":"Noxious Fumes","floor":30,"key":"SMITH"},{"floor":32,"key":"REST"},{"floor":40,"key":"REST"},{"floor":42,"key":"REST"},{"floor":45,"key":"RECALL"},{"floor":49,"key":"REST"}],"neow_cost":"NONE","seed_source_timestamp":829091940757786,"circlet_count":0,"master_deck":["Defend_G","Defend_G+1","Defend_G","Strike_G+1","Strike_G+1","Strike_G","Survivor+1","Neutralize+1","Leg Sweep+1","Dagger Spray","Terror","Cloak And Dagger","PiercingWail","Caltrops+1","After Image+1","Infinite Blades","After Image+1","Noxious Fumes+1","Backflip+1","Adrenaline","Crippling Poison+1","Backstab+1","Accuracy","Accuracy+1"],"relics":["White Beast Statue","The Courier","Pen Nib","PreservedInsect","Darkstone Periapt","Bag of Marbles","Tough Bandages","Art of War","Black Star","Meat on the Bone","Ginger","Juzu Bracelet","Nunchaku","War Paint","Sundial","Omamori","Bottled Tornado","Fusion Hammer","Dream Catcher","Blood Vial","Paper Crane","Whetstone","Boot","Anchor"],"potions_floor_usage":[4,6,6,11,16,16,25,28,31,31,33,41,41,44,48,50,50],"damage_taken":[{"damage":2,"enemies":"2 Louse","floor":1,"turns":3},{"damage":7,"enemies":"Jaw Worm","floor":3,"turns":8},{"damage":0,"enemies":"Small Slimes","floor":4,"turns":3},{"damage":14,"enemies":"Gremlin Nob","floor":6,"turns":4},{"damage":0,"enemies":"Red Slaver","floor":10,"turns":5},{"damage":1,"enemies":"Exordium Thugs","floor":11,"turns":5},{"damage":7,"enemies":"3 Sentries","floor":14,"turns":7},{"damage":14,"enemies":"Hexaghost","floor":16,"turns":9},{"damage":0,"enemies":"Chosen","floor":18,"turns":5},{"damage":0,"enemies":"Shell Parasite","floor":21,"turns":7},{"damage":0,"enemies":"Chosen and Byrds","floor":22,"turns":7},{"damage":7,"enemies":"Book of Stabbing","floor":25,"turns":5},{"damage":23,"enemies":"Gremlin Leader","floor":28,"turns":8},{"damage":0,"enemies":"Centurion and Healer","floor":29,"turns":10},{"damage":19,"enemies":"Slavers","floor":31,"turns":7},{"damage":16,"enemies":"Automaton","floor":33,"turns":11},{"damage":1,"enemies":"Orb Walker","floor":35,"turns":5},{"damage":12,"enemies":"3 Shapes","floor":37,"turns":8},{"damage":5,"enemies":"Reptomancer","floor":41,"turns":6},{"damage":0,"enemies":"Nemesis","floor":44,"turns":7},{"damage":0,"enemies":"Writhing Mass","floor":46,"turns":6},{"damage":12,"enemies":"3 Darklings","floor":48,"turns":4},{"damage":13,"enemies":"Awakened One","floor":50,"turns":15}],"seed_played":"3733123832760717805","potions_obtained":[{"floor":1,"key":"Poison Potion"},{"floor":3,"key":"Swift Potion"},{"floor":4,"key":"Block Potion"},{"floor":6,"key":"Explosive Potion"},{"floor":10,"key":"Weak Potion"},{"floor":11,"key":"Weak Potion"},{"floor":14,"key":"AttackPotion"},{"floor":16,"key":"Swift Potion"},{"floor":18,"key":"PowerPotion"},{"floor":21,"key":"LiquidBronze"},{"floor":25,"key":"LiquidBronze"},{"floor":28,"key":"Fire Potion"},{"floor":29,"key":"PowerPotion"},{"floor":31,"key":"Strength Potion"},{"floor":33,"key":"PowerPotion"},{"floor":35,"key":"SkillPotion"},{"floor":37,"key":"SteroidPotion"},{"floor":41,"key":"Fire Potion"},{"floor":44,"key":"Ancient Potion"},{"floor":46,"key":"Poison Potion"},{"floor":48,"key":"PowerPotion"}],"is_trial":false,"path_per_floor":["M","?","M","M","T","E","$","R","T","M","M","T","?","E","R","B",null,"M","$","?","M","M","R","$","E","T","R","E","M","R","E","R","B",null,"M","$","M","?","T","R","E","R","T","E","R","M","$","M","R","B",null],"character_chosen":"THE_SILENT","items_purchased":["PreservedInsect","Meat on the Bone","Accuracy","EssenceOfSteel"],"campfire_rested":4,"item_purchase_floors":[7,24,47,47],"current_hp_per_floor":[61,61,54,54,54,40,40,40,40,40,39,39,32,25,25,11,55,55,55,55,55,55,55,55,48,48,48,37,37,37,30,51,47,64,63,63,51,51,51,70,65,70,70,70,70,70,70,58,70,57],"gold":75,"neow_bonus":"BOSS_RELIC","is_prod":false,"is_daily":false,"chose_seed":false,"campfire_upgraded":5,"win_rate":0,"timestamp":1551036708,"path_taken":["M","?","M","M","?","E","$","R","T","M","M","?","?","E","R","BOSS","M","$","?","M","?","R","$","E","T","R","E","M","R","E","R","BOSS","M","$","M","?","?","R","E","R","T","E","R","M","$","M","R","BOSS"],"build_version":"2019-01-23","purchased_purges":4,"victory":true,"max_hp_per_floor":[70,70,70,70,70,70,70,70,70,70,70,70,70,70,70,70,70,70,70,70,70,70,70,70,70,70,70,70,70,70,70,70,70,70,70,70,70,70,70,70,70,70,70,70,70,70,70,70,70,70],"card_choices":[{"not_picked":["Deflect","Cloak And Dagger"],"picked":"Leg Sweep","floor":1},{"not_picked":["Finisher","Underhanded Strike"],"picked":"Dagger Spray","floor":3},{"not_picked":["Poisoned Stab","Slice"],"picked":"Terror","floor":4},{"not_picked":["Quick Slash","Underhanded Strike"],"picked":"Cloak And Dagger","floor":6},{"not_picked":["Cloak And Dagger","Die Die Die","Deflect"],"picked":"SKIP","floor":10},{"not_picked":["Concentrate","Prepared"],"picked":"PiercingWail","floor":11},{"not_picked":["Dagger Throw","Slice"],"picked":"Caltrops","floor":14},{"not_picked":["Wraith Form v2","Storm of Steel"],"picked":"After Image","floor":16},{"not_picked":["Deflect","Catalyst+1"],"picked":"Infinite Blades","floor":18},{"not_picked":["Dagger Throw+1","Flying Knee"],"picked":"Noxious Fumes","floor":21},{"not_picked":["Dash","Distraction"],"picked":"Backflip+1","floor":22},{"not_picked":["Dagger Throw+1","Corpse Explosion","Poisoned Stab"],"picked":"SKIP","floor":25},{"not_picked":["Sucker Punch","Slice+1","Choke"],"picked":"SKIP","floor":28},{"not_picked":["Deflect+1","Backstab","Predator"],"picked":"SKIP","floor":29},{"not_picked":["Venomology","Sucker Punch","Flechettes"],"picked":"SKIP","floor":31},{"not_picked":["Storm of Steel","Malaise"],"picked":"Adrenaline","floor":33},{"not_picked":["All Out Attack+1","Acrobatics","Endless Agony+1"],"picked":"SKIP","floor":35},{"not_picked":["Underhanded Strike","Heel Hook+1","Dagger Throw+1"],"picked":"SKIP","floor":37},{"not_picked":["Underhanded Strike","Heel Hook+1","Dagger Throw+1"],"picked":"SKIP","floor":37},{"not_picked":["Blade Dance","Slice+1"],"picked":"Crippling Poison+1","floor":41},{"not_picked":["Well Laid Plans+1","Prepared+1","Backflip+1"],"picked":"SKIP","floor":44},{"not_picked":["Dagger Spray+1","Quick Slash+1"],"picked":"Backstab+1","floor":46},{"not_picked":["Skewer","Flying Knee+1","All Out Attack"],"picked":"SKIP","floor":48},{"not_picked":["All Out Attack+1","Dodge and Roll"],"picked":"Accuracy+1","floor":49}],"player_experience":455713,"relics_obtained":[{"floor":5,"key":"The Courier"},{"floor":6,"key":"Pen Nib"},{"floor":9,"key":"Darkstone Periapt"},{"floor":12,"key":"Bag of Marbles"},{"floor":14,"key":"Art of War"},{"floor":25,"key":"Ginger"},{"floor":25,"key":"Juzu Bracelet"},{"floor":26,"key":"Nunchaku"},{"floor":28,"key":"War Paint"},{"floor":28,"key":"Sundial"},{"floor":31,"key":"Omamori"},{"floor":31,"key":"Bottled Tornado"},{"floor":39,"key":"Dream Catcher"},{"floor":41,"key":"Blood Vial"},{"floor":41,"key":"Paper Crane"},{"floor":43,"key":"Whetstone"},{"floor":44,"key":"Boot"},{"floor":44,"key":"Anchor"}],"event_choices":[{"damage_healed":0,"gold_gain":0,"player_choice":"Grow","damage_taken":0,"max_hp_gain":0,"max_hp_loss":0,"event_name":"Living Wall","floor":2,"gold_loss":0,"cards_upgraded":["Neutralize"]},{"damage_healed":0,"gold_gain":0,"player_choice":"Success","damage_taken":7,"relics_obtained":["Tough Bandages"],"max_hp_gain":0,"max_hp_loss":0,"event_name":"Scrap Ooze","floor":13,"gold_loss":0},{"damage_healed":0,"gold_gain":0,"player_choice":"Copied","damage_taken":0,"max_hp_gain":0,"max_hp_loss":0,"event_name":"Duplicator","floor":20,"gold_loss":0,"cards_obtained":["After Image"]},{"damage_healed":0,"gold_gain":0,"player_choice":"Ignored","damage_taken":0,"max_hp_gain":0,"max_hp_loss":0,"event_name":"Mysterious Sphere","floor":38,"gold_loss":0}],"is_beta":false,"boss_relics":[{"not_picked":["Busted Crown","Sozu"],"picked":"Black Star"},{"not_picked":["Eternal Feather","Runic Dome"],"picked":"Fusion Hammer"}],"items_purged_floors":[19,24,36,47],"is_endless":false,"potions_floor_spawned":[1,3,4,6,10,11,14,16,18,21,22,25,28,29,31,33,35,37,41,44,46,48],"ascension_level":6}