{"path_per_floor":["M","?","M","$","M","R","?","E","T","E","R","$","$","M","R","B",null,"M","?","?","M","?","R","$","M","T","E","$","?","R","?","R","B",null,"M","?","M","?","?","R","M","?","T","R","?"],"character_chosen":"THE_SILENT","items_purchased":["Noxious Fumes"],"gold_per_floor":[118,118,138,59,70,70,70,105,105,132,132,82,32,44,44,149,149,169,169,94,110,110,110,60,79,79,111,61,61,61,61,61,164,164,182,182,192,192,192,192,208,263,263,263,263],"floor_reached":46,"campfire_rested":2,"playtime":3334,"current_hp_per_floor":[62,67,66,66,66,66,63,57,57,19,19,19,19,32,32,14,58,38,38,38,37,37,58,58,53,53,14,14,5,28,28,28,34,66,66,66,58,58,58,58,54,46,46,46,46],"items_purged":["Parasite","Strike_G","Strike_G","Defend_G"],"gold":263,"play_id":"1e1b9687-bbbc-4693-b728-17c671d8356a","is_prod":false,"is_daily":false,"is_ascension_mode":true,"campfire_upgraded":6,"path_taken":["M","?","M","$","M","R","?","E","T","E","R","?","$","M","R","BOSS","M","?","?","M","?","R","$","M","T","E","$","?","R","?","R","BOSS","M","?","M","?","?","R","M","?","T","R","?","E"],"build_version":"2018-02-01-PROD3","purchased_purges":4,"victory":false,"master_deck":["Defend_G","Defend_G","Defend_G","Defend_G","Strike_G+1","Strike_G+1","Survivor+1","Neutralize+1","Deadly Poison","Footwork+1","Noxious Fumes+1","Noxious Fumes+1","Burst+1","Heel Hook","Footwork+1","Flechettes+1","Dodge and Roll+1","Catalyst+1"],"max_hp_per_floor":[70,75,75,75,75,75,75,75,75,75,75,72,72,72,72,72,72,72,72,72,72,72,72,72,72,72,72,72,77,77,77,77,77,77,77,77,77,77,77,77,77,77,77,77,77],"relics":["Ring of the Snake","Ancient Tea Set","Whetstone","Juzu Bracelet","Smiling Mask","Lizard Tail","Thread and Needle","Vajra","Cursed Key","Gambling Chip","Bottled Flame","Spirit Poop"],"card_choices":[{"not_picked":["Venomology","Dagger Throw"],"picked":"Deadly Poison"},{"not_picked":["Infinite Blades","Heel Hook"],"picked":"Footwork"},{"not_picked":["Calculated Gamble","Dagger Throw"],"picked":"Noxious Fumes"},{"not_picked":["Storm of Steel","Phantasmal Killer"],"picked":"Burst"},{"not_picked":["Slice","Sucker Punch"],"picked":"Outmaneuver"},{"not_picked":["Backstab","Terror"],"picked":"Footwork"},{"not_picked":["Dagger Throw","Prepared"],"picked":"Flechettes"},{"not_picked":["Well Laid Plans","Sucker Punch"],"picked":"Dodge and Roll"},{"not_picked":["Prepared","Concentrate"],"picked":"Catalyst"}],"player_experience":666220,"potions_floor_usage":[8,14,21,27,42],"damage_taken":[{"damage":1,"enemies":"Cultist","floor":1,"turns":4},{"damage":1,"enemies":"Jaw Worm","floor":3,"turns":5},{"damage":0,"enemies":"2 Louse","floor":5,"turns":5},{"damage":6,"enemies":"3 Sentries","floor":8,"turns":8},{"damage":38,"enemies":"Gremlin Nob","floor":10,"turns":5},{"damage":2,"enemies":"Exordium Thugs","floor":14,"turns":5},{"damage":18,"enemies":"The Guardian","floor":16,"turns":9},{"damage":20,"enemies":"3 Byrds","floor":18,"turns":6},{"damage":1,"enemies":"Chosen","floor":21,"turns":6},{"damage":5,"enemies":"Centurion and Healer","floor":25,"turns":7},{"damage":39,"enemies":"Slavers","floor":27,"turns":7},{"damage":35,"enemies":"Collector","floor":33,"turns":12},{"damage":0,"enemies":"3 Shapes","floor":35,"turns":6},{"damage":8,"enemies":"3 Darklings","floor":37,"turns":6},{"damage":4,"enemies":"4 Shapes","floor":41,"turns":7},{"damage":8,"enemies":"Mysterious Sphere","floor":42,"turns":7},{"damage":46,"enemies":"2 Orb Walkers","floor":46,"turns":4}],"event_choices":[{"event_name":"Big Fish","player_choice":"Donut","floor":2,"damage_taken":0},{"event_name":"Scrap Ooze","player_choice":"success","floor":7,"damage_taken":3},{"event_name":"Match and Keep!","player_choice":"1 cards matched","floor":19,"damage_taken":0},{"event_name":"Beggar","player_choice":"Gave Gold","floor":20,"damage_taken":0},{"event_name":"Drug Dealer","player_choice":"Ignored","floor":22,"damage_taken":0},{"event_name":"Forgotten Altar","player_choice":"Shed Blood","floor":29,"damage_taken":0},{"event_name":"The Mausoleum","player_choice":"No","floor":31,"damage_taken":0},{"event_name":"Accursed Blacksmith","player_choice":"Forge","floor":38,"damage_taken":0},{"event_name":"The Lab","player_choice":"Got Potions","floor":39,"damage_taken":0},{"event_name":"Mysterious Sphere","player_choice":"Fight","floor":42,"damage_taken":0},{"event_name":"Bonfire Elementals","player_choice":"CURSE","floor":45,"damage_taken":0}],"boss_relics":[{"not_picked":["Ectoplasm","Calling Bell"],"picked":"Lizard Tail"},{"not_picked":["White Beast Statue","Black Star"],"picked":"Cursed Key"}],"potions_floor_spawned":[1,10,18,21,27,33,37,41],"seed_played":"-791370303359842719","killed_by":"2 Orb Walkers","ascension_level":10,"is_trial":false}