{"gold_per_floor":[117,133,149,164,174,209,209,223,305,305,305,230,260,271,271,376,376,389,389],"floor_reached":19,"playtime":1336,"items_purged":["Strike_B"],"score":171,"play_id":"124a04e8-3bd5-4ef0-9c56-76357b314fc5","local_time":"20190216232154","is_ascension_mode":false,"campfire_choices":[{"floor":7,"key":"REST"},{"data":"Zap","floor":10,"key":"SMITH"},{"floor":15,"key":"REST"}],"neow_cost":"NONE","seed_source_timestamp":150896966853116,"circlet_count":0,"master_deck":["Strike_B","Strike_B","Defend_B","Defend_B","Defend_B","Defend_B","Zap+1","Dualcast","Ball Lightning","Beam Cell","Storm","Coolheaded"],"relics":["Cracked Core","Anchor","Pantograph","Sozu"],"potions_floor_usage":[6,16,16,16],"damage_taken":[{"damage":5,"enemies":"Small Slimes","floor":1,"turns":4},{"damage":0,"enemies":"2 Louse","floor":2,"turns":4},{"damage":3,"enemies":"Jaw Worm","floor":3,"turns":4},{"damage":0,"enemies":"Looter","floor":4,"turns":3},{"damage":25,"enemies":"Exordium Thugs","floor":5,"turns":4},{"damage":14,"enemies":"Gremlin Nob","floor":6,"turns":3},{"damage":0,"enemies":"Red Slaver","floor":8,"turns":3},{"damage":10,"enemies":"Looter","floor":14,"turns":3},{"damage":39,"enemies":"The Guardian","floor":16,"turns":10},{"damage":11,"enemies":"Chosen","floor":18,"turns":5},{"damage":79,"enemies":"Masked Bandits","floor":19,"turns":5}],"seed_played":"4696673402772185028","potions_obtained":[{"floor":2,"key":"Dexterity Potion"},{"floor":3,"key":"SkillPotion"},{"floor":5,"key":"GamblersBrew"},{"floor":8,"key":"SkillPotion"},{"floor":14,"key":"Block Potion"}],"is_trial":false,"path_per_floor":["M","M","M","M","M","E","R","M","T","R","?","$","?","M","R","B",null,"M","?"],"character_chosen":"DEFECT","items_purchased":[],"campfire_rested":2,"item_purchase_floors":[],"current_hp_per_floor":[70,70,67,67,42,28,50,50,50,50,50,50,50,40,62,36,75,64,0],"gold":389,"neow_bonus":"REMOVE_CARD","is_prod":false,"is_daily":false,"chose_seed":false,"campfire_upgraded":1,"win_rate":0.0,"timestamp":1550355714,"path_taken":["M","M","M","M","M","E","R","M","T","R","?","$","?","M","R","BOSS","M","?"],"build_version":"2019-01-23","purchased_purges":1,"victory":false,"max_hp_per_floor":[75,75,75,75,75,75,75,75,75,75,75,75,75,75,75,75,75,75,75],"card_choices":[{"not_picked":["Streamline","Auto Shields","Double Energy"],"picked":"SKIP","floor":1},{"not_picked":["Steam","Cold Snap"],"picked":"Ball Lightning","floor":2},{"not_picked":["Consume","Go for the Eyes","Rebound"],"picked":"SKIP","floor":3},{"not_picked":["Cold Snap","Sunder","Undo"],"picked":"SKIP","floor":4},{"not_picked":["Streamline","Redo"],"picked":"Beam Cell","floor":5},{"not_picked":["Streamline","Go for the Eyes"],"picked":"Storm","floor":6},{"not_picked":["Barrage","Beam Cell","Redo"],"picked":"SKIP","floor":8},{"not_picked":["Turbo","Sweeping Beam","BootSequence"],"picked":"SKIP","floor":14},{"not_picked":["Gash+1","Tempest"],"picked":"Coolheaded","floor":18}],"player_experience":30446,"relics_obtained":[{"floor":6,"key":"Anchor"},{"floor":9,"key":"Pantograph"}],"event_choices":[{"damage_healed":0,"gold_gain":0,"player_choice":"Ignored","damage_taken":0,"max_hp_gain":0,"max_hp_loss":0,"event_name":"Liars Game","floor":11,"gold_loss":0},{"damage_healed":0,"gold_gain":30,"player_choice":"Searched \u00271\u0027 times","damage_taken":0,"max_hp_gain":0,"max_hp_loss":0,"event_name":"Dead Adventurer","floor":13,"gold_loss":0},{"damage_healed":0,"gold_gain":0,"player_choice":"Fought Bandits","damage_taken":0,"max_hp_gain":0,"max_hp_loss":0,"event_name":"Masked Bandits","floor":19,"gold_loss":0}],"is_beta":false,"boss_relics":[{"not_picked":["Cursed Key","Calling Bell"],"picked":"Sozu"}],"items_purged_floors":[12],"is_endless":false,"potions_floor_spawned":[2,3,5,8,14],"killed_by":"Masked Bandits","ascension_level":0}