{"path_per_floor":["M","M","$","M","M","E","?","R","T","?","R","M","E","M","R","B",null,"M","M","T","$","M","E","R","M","T","E","$","M","T","M","R","B",null,"M","M","$","?","?","E","R","$","T","E","M","M","?","$","R","B"],"character_chosen":"DEFECT","items_purchased":["Defragment","Leap","Capacitor","Coolheaded","Capacitor+1","Leap","Capacitor+1","Deep Breath"],"gold_per_floor":[114,126,8,18,33,68,68,68,68,68,68,80,109,129,129,201,201,214,232,232,51,65,92,92,108,162,192,43,53,53,64,64,141,141,151,167,24,24,24,58,58,20,43,78,95,109,109,27,27,27],"floor_reached":51,"campfire_rested":0,"playtime":4473,"item_purchase_floors":[3,3,21,21,28,37,42,48],"current_hp_per_floor":[64,57,57,56,56,53,58,58,58,58,58,58,55,53,53,35,66,72,58,58,58,57,76,76,68,68,67,67,68,68,76,76,68,74,76,76,76,76,66,76,76,76,76,76,76,76,76,76,76,76],"items_purged":["Strike_B","Strike_B","Darkness+1"],"gold":27,"score":1375,"play_id":"58829c73-25af-4801-9920-23551d54fc60","local_time":"20180521215513","is_prod":false,"is_daily":false,"chose_seed":false,"is_ascension_mode":true,"campfire_upgraded":7,"timestamp":1526964913,"campfire_choices":[{"data":"Defragment","floor":8,"key":"SMITH"},{"data":"Zap","floor":11,"key":"SMITH"},{"data":"Redo","floor":15,"key":"SMITH"},{"data":"Capacitor","floor":24,"key":"SMITH"},{"data":"Consume","floor":32,"key":"SMITH"},{"data":"Madness","floor":41,"key":"SMITH"},{"data":"Deep Breath","floor":49,"key":"SMITH"}],"path_taken":["M","M","$","M","M","E","?","R","T","?","R","M","E","M","R","BOSS","M","?","?","$","?","E","R","M","T","E","$","?","?","M","R","BOSS","M","M","$","?","?","E","R","?","T","E","?","M","?","$","R","BOSS"],"build_version":"2018-05-18","seed_source_timestamp":312668869262152,"purchased_purges":3,"victory":true,"master_deck":["Defend_B","Defend_B","Defend_B","Defend_B","Zap+1","Dualcast","AscendersBane","Rebound","Cold Snap","Defragment+1","Leap","Cold Snap","All For One","Buffer","Redo+1","Hello World","Buffer","Cold Snap","Capacitor+1","Coolheaded","Steam Power","Skim","Leap+1","Consume+1","Capacitor+1","Coolheaded","Turbo","Creative AI+1","Amplify+1","Conserve Battery+1","Steam+1","Defragment+1","Leap","Echo Form+1","Flash of Steel","Madness+1","Good Instincts","Leap+1","Capacitor+1","Leap","Force Field+1","Deep Breath+1"],"max_hp_per_floor":[71,71,71,71,71,71,76,76,76,76,76,76,76,76,76,76,76,76,76,76,76,76,76,76,76,76,76,76,76,76,76,76,76,76,76,76,76,76,76,76,76,76,76,76,76,76,76,76,76,76],"relics":["Cracked Core","Anchor","Symbiotic Virus","Turnip","Bird Faced Urn","Sozu","Bottled Tornado","Mercury Hourglass","Bag of Marbles","Frozen Egg 2","The Courier","Astrolabe","Happy Flower","Regal Pillow","Ancient Tea Set"],"card_choices":[{"not_picked":["Steam","Lockon"],"picked":"Rebound","floor":1},{"not_picked":["Hologram","Coolheaded"],"picked":"Cold Snap","floor":2},{"not_picked":["Ball Lightning","Hologram"],"picked":"Cold Snap","floor":4},{"not_picked":["Streamline","Stack"],"picked":"Doom and Gloom","floor":5},{"not_picked":["Axe Kick","Steam","Beam Cell"],"picked":"SKIP","floor":6},{"not_picked":["Streamline","Force Field"],"picked":"Buffer","floor":12},{"not_picked":["Coolheaded","Chaos"],"picked":"Redo","floor":13},{"not_picked":["Turbo","Rebound"],"picked":"Hello World","floor":14},{"not_picked":["Electrodynamics","Nova"],"picked":"Buffer","floor":16},{"not_picked":["Melter","Heatsinks","Axe Kick"],"picked":"SKIP","floor":18},{"not_picked":["Melter","Heatsinks","Axe Kick"],"picked":"SKIP","floor":18},{"not_picked":["Streamline","Axe Kick"],"picked":"Cold Snap","floor":19},{"not_picked":["White Noise","Double Energy"],"picked":"Steam Power","floor":22},{"not_picked":["Rebound","Undo"],"picked":"Skim","floor":23},{"not_picked":["Hologram","Beam Cell"],"picked":"Leap+1","floor":25},{"not_picked":["Cold Snap","Coolheaded"],"picked":"Consume","floor":27},{"not_picked":["Steam","Doom and Gloom"],"picked":"Coolheaded","floor":29},{"not_picked":["Tempest","Streamline"],"picked":"Turbo","floor":31},{"not_picked":["Amplify","Machine Learning+1"],"picked":"Creative AI+1","floor":33},{"not_picked":["BootSequence","Leap+1"],"picked":"Steam+1","floor":35},{"not_picked":["Rebound","Axe Kick"],"picked":"Defragment+1","floor":36},{"not_picked":["Jack Of All Trades","Mind Blast"],"picked":"Flash of Steel","floor":39},{"not_picked":["Enlightenment","Purity"],"picked":"Madness","floor":39},{"not_picked":["Trip","Deep Breath"],"picked":"Good Instincts","floor":39},{"not_picked":["Hello World+1","Darkness"],"picked":"Leap+1","floor":40},{"not_picked":["Capacitor+1","Barrage"],"picked":"Leap","floor":44},{"not_picked":["Barrage","Beam Cell","Ball Lightning+1"],"picked":"SKIP","floor":45},{"not_picked":["Genetic Algorithm","Scrape"],"picked":"Force Field+1","floor":46}],"player_experience":1569412,"potions_floor_usage":[23,50,50],"damage_taken":[{"damage":0,"enemies":"Small Slimes","floor":1,"turns":3},{"damage":7,"enemies":"Jaw Worm","floor":2,"turns":3},{"damage":1,"enemies":"Cultist","floor":4,"turns":4},{"damage":0,"enemies":"Blue Slaver","floor":5,"turns":3},{"damage":3,"enemies":"3 Sentries","floor":6,"turns":6},{"damage":0,"enemies":"Gremlin Gang","floor":12,"turns":3},{"damage":3,"enemies":"Lagavulin","floor":13,"turns":6},{"damage":6,"enemies":"Exordium Thugs","floor":14,"turns":4},{"damage":26,"enemies":"Hexaghost","floor":16,"turns":8},{"damage":0,"enemies":"Chosen","floor":18,"turns":4},{"damage":22,"enemies":"Shell Parasite","floor":19,"turns":7},{"damage":11,"enemies":"Snecko","floor":22,"turns":6},{"damage":27,"enemies":"Slavers","floor":23,"turns":36},{"damage":8,"enemies":"3 Cultists","floor":25,"turns":5},{"damage":7,"enemies":"Book of Stabbing","floor":27,"turns":5},{"damage":7,"enemies":"Snake Plant","floor":29,"turns":5},{"damage":0,"enemies":"Centurion and Healer","floor":31,"turns":7},{"damage":16,"enemies":"Automaton","floor":33,"turns":11},{"damage":2,"enemies":"Flame Bruiser 1 Orb","floor":35,"turns":6},{"damage":0,"enemies":"3 Darklings","floor":36,"turns":11},{"damage":37,"enemies":"Nemesis","floor":40,"turns":13},{"damage":0,"enemies":"Giant Head","floor":44,"turns":16},{"damage":0,"enemies":"Spire Growth","floor":45,"turns":7},{"damage":23,"enemies":"4 Shapes","floor":46,"turns":9},{"damage":57,"enemies":"Awakened One","floor":50,"turns":32}],"relics_obtained":[{"floor":6,"key":"Symbiotic Virus"},{"floor":9,"key":"Turnip"},{"floor":13,"key":"Bird Faced Urn"},{"floor":20,"key":"Bottled Tornado"},{"floor":23,"key":"Mercury Hourglass"},{"floor":26,"key":"Bag of Marbles"},{"floor":27,"key":"Frozen Egg 2"},{"floor":30,"key":"The Courier"},{"floor":40,"key":"Happy Flower"},{"floor":43,"key":"Regal Pillow"},{"floor":44,"key":"Ancient Tea Set"}],"event_choices":[{"event_name":"Big Fish","player_choice":"Donut","floor":7,"damage_taken":0},{"event_name":"Match and Keep!","player_choice":"1 cards matched","floor":10,"damage_taken":0},{"event_name":"Match and Keep!","player_choice":"1 cards matched","floor":38,"damage_taken":0},{"event_name":"SensoryStone","player_choice":"Memory 3","floor":39,"damage_taken":0},{"event_name":"Mysterious Sphere","player_choice":"Ignore","floor":47,"damage_taken":0}],"boss_relics":[{"not_picked":["Tiny House","Inserter"],"picked":"Sozu"},{"not_picked":["Pandora\u0027s Box","Orrery"],"picked":"Astrolabe"}],"items_purged_floors":[21,28,37],"potions_floor_spawned":[6,12,13,14,18,23,25,31,36,40],"seed_played":"5510380110530275375","ascension_level":15,"potions_obtained":[{"floor":6,"key":"Regen Potion"},{"floor":12,"key":"AttackPotion"},{"floor":13,"key":"SkillPotion"},{"floor":14,"key":"Dexterity Potion"}],"is_trial":false}