{"gold_per_floor":[209,220,220,232,242,271,271,302,372,399,410,430,73,90,90,186,186,198,1,17,37,37,37,68,68,68,84,104,4,24,36,36,36],"floor_reached":33,"playtime":2021,"items_purged":["Strike_R","Strike_R"],"score":352,"play_id":"12466430-421e-41cb-a91c-59fc9969d1e6","local_time":"20190226012534","is_ascension_mode":true,"campfire_choices":[{"data":"Armaments","floor":7,"key":"SMITH"},{"floor":15,"key":"REST"},{"data":"1","floor":23,"key":"LIFT"},{"data":"2","floor":25,"key":"LIFT"},{"floor":32,"key":"REST"}],"neow_cost":"NONE","seed_source_timestamp":3647872476317767,"circlet_count":0,"master_deck":["Strike_R","Strike_R","Strike_R+1","Defend_R","Defend_R","Defend_R","Defend_R","Bash","Thunderclap+1","Iron Wave","Twin Strike","Armaments+1","Clothesline","Battle Trance","Shrug It Off","Metallicize","Fire Breathing","Flex","Shockwave","Demon Form","Dropkick+1","Thunderclap","Havoc","Ghostly Armor","Pommel Strike","True Grit+1","Havoc+1","Infernal Blade+1"],"relics":["Burning Blood","Happy Flower","Girya","Shuriken","Bag of Marbles","Pen Nib","Runic Cube","Anchor","Lantern","Question Card"],"potions_floor_usage":[6,8,16,16,20,24,24,30,33,33],"damage_taken":[{"damage":0,"enemies":"Small Slimes","floor":1,"turns":4},{"damage":10,"enemies":"2 Louse","floor":2,"turns":4},{"damage":1,"enemies":"Cultist","floor":4,"turns":3},{"damage":2,"enemies":"2 Fungi Beasts","floor":5,"turns":4},{"damage":15,"enemies":"3 Sentries","floor":6,"turns":6},{"damage":15,"enemies":"Gremlin Nob","floor":8,"turns":4},{"damage":25,"enemies":"3 Sentries","floor":10,"turns":6},{"damage":0,"enemies":"Looter","floor":11,"turns":3},{"damage":3,"enemies":"Large Slime","floor":12,"turns":4},{"damage":0,"enemies":"2 Fungi Beasts","floor":14,"turns":5},{"damage":62,"enemies":"Slime Boss","floor":16,"turns":11},{"damage":15,"enemies":"3 Byrds","floor":18,"turns":5},{"damage":13,"enemies":"Chosen","floor":20,"turns":5},{"damage":14,"enemies":"Centurion and Healer","floor":21,"turns":5},{"damage":12,"enemies":"Gremlin Leader","floor":24,"turns":4},{"damage":7,"enemies":"Snecko","floor":27,"turns":4},{"damage":21,"enemies":"Sentry and Sphere","floor":28,"turns":6},{"damage":0,"enemies":"Snake Plant","floor":30,"turns":2},{"damage":11,"enemies":"3 Cultists","floor":31,"turns":5},{"damage":64,"enemies":"Collector","floor":33,"turns":8}],"seed_played":"-6138720426550808584","potions_obtained":[{"floor":1,"key":"SteroidPotion"},{"floor":2,"key":"Explosive Potion"},{"floor":6,"key":"Explosive Potion"},{"floor":8,"key":"Strength Potion"},{"floor":10,"key":"Weak Potion"},{"floor":16,"key":"Swift Potion"},{"floor":20,"key":"Weak Potion"},{"floor":24,"key":"Dexterity Potion"},{"floor":27,"key":"AttackPotion"},{"floor":31,"key":"SkillPotion"}],"is_trial":false,"path_per_floor":["M","M","?","M","M","E","R","E","T","E","M","M","$","M","R","B",null,"M","$","M","M","?","R","E","R","T","M","M","$","M","M","R","B"],"character_chosen":"IRONCLAD","items_purchased":["Fire Breathing","Pen Nib","Flex","Anchor","Thunderclap"],"campfire_rested":2,"item_purchase_floors":[13,13,13,19,19],"current_hp_per_floor":[80,76,60,65,69,60,60,51,51,32,38,41,41,47,71,15,80,71,71,64,56,56,56,50,50,50,49,34,34,40,35,59,0],"gold":36,"neow_bonus":"HUNDRED_GOLD","is_prod":false,"is_daily":false,"chose_seed":false,"campfire_upgraded":1,"win_rate":0,"timestamp":1551162334,"path_taken":["M","M","?","M","M","E","R","E","T","E","M","M","$","M","R","BOSS","M","$","M","M","?","R","E","R","T","M","M","$","M","M","R","BOSS"],"build_version":"2019-02-06","purchased_purges":2,"victory":false,"max_hp_per_floor":[80,80,80,80,80,80,80,80,80,80,80,80,80,80,80,80,80,80,80,80,80,80,80,80,80,80,80,80,80,80,80,80,80],"card_choices":[{"not_picked":["True Grit","Blood for Blood"],"picked":"Thunderclap","floor":1},{"not_picked":["Feel No Pain","Rage"],"picked":"Iron Wave","floor":2},{"not_picked":["Warcry","Brutality"],"picked":"Twin Strike","floor":4},{"not_picked":["Heavy Blade","Anger"],"picked":"Armaments","floor":5},{"not_picked":["Second Wind","Warcry"],"picked":"Clothesline","floor":6},{"not_picked":["Dual Wield","Searing Blow"],"picked":"Entrench","floor":8},{"not_picked":["Brutality","Combust"],"picked":"Battle Trance","floor":10},{"not_picked":["Cleave","Clothesline"],"picked":"Shrug It Off","floor":11},{"not_picked":["Shockwave","Bloodletting"],"picked":"Metallicize","floor":12},{"not_picked":["Flex","Anger"],"picked":"Shockwave","floor":14},{"not_picked":["Dark Embrace","Barricade"],"picked":"Demon Form","floor":16},{"not_picked":["Inflame","Heavy Blade"],"picked":"Dropkick+1","floor":18},{"not_picked":["Perfected Strike+1","Twin Strike"],"picked":"Havoc","floor":20},{"not_picked":["Seeing Red","Headbutt","Searing Blow+1"],"picked":"SKIP","floor":21},{"not_picked":["Dual Wield","Shockwave"],"picked":"Ghostly Armor","floor":24},{"not_picked":["Warcry","Twin Strike","Barricade"],"picked":"Pommel Strike","floor":27},{"not_picked":["Shockwave","Sword Boomerang","Ghostly Armor"],"picked":"True Grit+1","floor":28},{"not_picked":["Warcry+1","Body Slam+1","Shrug It Off+1"],"picked":"Havoc+1","floor":30},{"not_picked":["Flex","Inflame","Havoc"],"picked":"Infernal Blade+1","floor":31}],"player_experience":248978,"relics_obtained":[{"floor":6,"key":"Happy Flower"},{"floor":8,"key":"Girya"},{"floor":9,"key":"Shuriken"},{"floor":10,"key":"Bag of Marbles"},{"floor":24,"key":"Lantern"},{"floor":26,"key":"Question Card"}],"event_choices":[{"damage_healed":0,"gold_gain":0,"player_choice":"Entered Light","damage_taken":16,"max_hp_gain":0,"max_hp_loss":0,"event_name":"Shining Light","floor":3,"gold_loss":0,"cards_upgraded":["Strike_R","Thunderclap"]},{"cards_removed":["Entrench"],"damage_healed":0,"gold_gain":0,"player_choice":"Purged","damage_taken":0,"max_hp_gain":0,"max_hp_loss":0,"event_name":"Purifier","floor":22,"gold_loss":0}],"is_beta":true,"boss_relics":[{"not_picked":["Fusion Hammer","Ectoplasm"],"picked":"Runic Cube"}],"items_purged_floors":[13,29],"is_endless":false,"potions_floor_spawned":[1,2,6,8,10,16,20,24,27,31],"killed_by":"Collector","ascension_level":4}