{"gold_per_floor":[117,137,11,11,11,43,53,71,71,71,91,191,191,202,202,202],"floor_reached":16,"playtime":745,"items_purged":["Strike_B"],"score":102,"play_id":"6adce0b1-aa67-4a7a-b575-214f58b2a208","local_time":"20190215125759","is_ascension_mode":false,"campfire_choices":[{"floor":10,"key":"REST"},{"floor":13,"key":"REST"},{"floor":15,"key":"REST"}],"neow_cost":"NONE","seed_source_timestamp":2740300583569037,"circlet_count":0,"master_deck":["Strike_B","Strike_B","Defend_B","Defend_B","Defend_B","Defend_B","Zap","Dualcast","Redo","Loop","Turbo","All For One","Steam","Glacier","Compile Driver"],"relics":["Cracked Core","Ornamental Fan","Matryoshka"],"potions_floor_usage":[7,11,16,16],"damage_taken":[{"damage":2,"enemies":"2 Louse","floor":1,"turns":3},{"damage":5,"enemies":"Small Slimes","floor":2,"turns":3},{"damage":61,"enemies":"Gremlin Nob","floor":6,"turns":5},{"damage":0,"enemies":"Cultist","floor":7,"turns":3},{"damage":0,"enemies":"Large Slime","floor":8,"turns":5},{"damage":3,"enemies":"Gremlin Gang","floor":11,"turns":2},{"damage":0,"enemies":"3 Louse","floor":14,"turns":5},{"damage":70,"enemies":"Hexaghost","floor":16,"turns":18}],"seed_played":"4438126079600098777","potions_obtained":[{"floor":1,"key":"Fire Potion"},{"floor":6,"key":"Poison Potion"},{"floor":8,"key":"Explosive Potion"},{"floor":11,"key":"SpeedPotion"}],"is_trial":false,"path_per_floor":["M","M","$","?","?","E","M","M","T","R","M","?","R","M","R","B"],"character_chosen":"DEFECT","items_purchased":["Turbo"],"campfire_rested":3,"item_purchase_floors":[3],"current_hp_per_floor":[73,68,68,68,68,7,7,7,7,29,26,26,48,48,70,0],"gold":202,"neow_bonus":"THREE_CARDS","is_prod":false,"is_daily":false,"chose_seed":false,"campfire_upgraded":0,"win_rate":0.0,"timestamp":1550253479,"path_taken":["M","M","$","?","?","E","M","?","T","R","M","?","R","?","R","BOSS"],"build_version":"2019-02-06","purchased_purges":1,"victory":false,"max_hp_per_floor":[75,75,75,75,75,75,75,75,75,75,75,75,75,75,75,75],"card_choices":[{"not_picked":["Conserve Battery","Ball Lightning"],"picked":"Redo","floor":0},{"not_picked":["Coolheaded","Static Discharge"],"picked":"Loop","floor":1},{"not_picked":["Ball Lightning","Rip and Tear","Streamline"],"picked":"SKIP","floor":2},{"not_picked":["Hologram","Reinforced Body"],"picked":"All For One","floor":6},{"not_picked":["Redo","Coolheaded"],"picked":"Steam","floor":7},{"not_picked":["Lockon","Reinforced Body"],"picked":"Glacier","floor":8},{"not_picked":["Reinforced Body","Blizzard","Turbo"],"picked":"SKIP","floor":11},{"not_picked":["Conserve Battery","Auto Shields"],"picked":"Compile Driver","floor":14}],"player_experience":118812,"relics_obtained":[{"floor":6,"key":"Ornamental Fan"},{"floor":9,"key":"Matryoshka"}],"event_choices":[{"damage_healed":0,"gold_gain":0,"player_choice":"Fled","damage_taken":0,"max_hp_gain":0,"max_hp_loss":0,"event_name":"Scrap Ooze","floor":4,"gold_loss":0},{"cards_removed":["Strike_B"],"damage_healed":0,"gold_gain":0,"player_choice":"Purged","damage_taken":0,"max_hp_gain":0,"max_hp_loss":0,"event_name":"Purifier","floor":5,"gold_loss":0},{"damage_healed":0,"gold_gain":100,"player_choice":"Gold","damage_taken":0,"max_hp_gain":0,"max_hp_loss":0,"event_name":"Wheel of Change","floor":12,"gold_loss":0}],"is_beta":true,"boss_relics":[],"items_purged_floors":[3],"is_endless":false,"potions_floor_spawned":[1,6,8,11],"killed_by":"Hexaghost","ascension_level":0}