{"gold_per_floor":[113,127,127,144,160,160,176,188,270,270,288,302,302,315,315,412,412,425,443,455,55,20,20],"floor_reached":23,"playtime":1534,"items_purged":[],"score":265,"play_id":"cb668033-70cc-4f46-8b0e-ad6348505aca","local_time":"20190225143536","is_ascension_mode":true,"campfire_choices":[{"data":"Tools of the Trade","floor":6,"key":"SMITH"},{"data":"Infinite Blades","floor":10,"key":"SMITH"},{"data":"Neutralize","floor":13,"key":"SMITH"},{"floor":15,"key":"REST"}],"neow_cost":"TEN_PERCENT_HP_LOSS","seed_source_timestamp":896730752444031,"circlet_count":0,"master_deck":["Defend_G","Defend_G","Defend_G","Defend_G","Defend_G","Strike_G","Strike_G","Strike_G","Strike_G","Strike_G","Survivor","Neutralize+1","Tools of the Trade+1","PiercingWail","Infinite Blades+1","Cloak And Dagger","PiercingWail","Blade Dance","Dagger Spray","Infinite Blades","Adrenaline","Footwork","Backflip+1","Leg Sweep"],"relics":["Ring of the Serpent","FaceOfCleric","Question Card","Bottled Tornado","Happy Flower"],"potions_floor_usage":[5,5,5,20],"damage_taken":[{"damage":0,"enemies":"Jaw Worm","floor":1,"turns":5},{"damage":0,"enemies":"Cultist","floor":2,"turns":4},{"damage":0,"enemies":"2 Louse","floor":4,"turns":5},{"damage":7,"enemies":"Gremlin Gang","floor":5,"turns":5},{"damage":9,"enemies":"2 Fungi Beasts","floor":7,"turns":5},{"damage":46,"enemies":"Exordium Thugs","floor":8,"turns":9},{"damage":4,"enemies":"Looter","floor":11,"turns":4},{"damage":0,"enemies":"2 Fungi Beasts","floor":12,"turns":3},{"damage":2,"enemies":"3 Louse","floor":14,"turns":4},{"damage":30,"enemies":"Slime Boss","floor":16,"turns":13},{"damage":17,"enemies":"Chosen","floor":18,"turns":8},{"damage":1,"enemies":"3 Byrds","floor":19,"turns":6},{"damage":29,"enemies":"Shelled Parasite and Fungi","floor":20,"turns":9},{"damage":11,"enemies":"Book of Stabbing","floor":23,"turns":5}],"seed_played":"-4828596987041859551","potions_obtained":[{"floor":1,"key":"Strength Potion"},{"floor":2,"key":"EssenceOfSteel"},{"floor":4,"key":"LiquidBronze"},{"floor":7,"key":"FairyPotion"},{"floor":19,"key":"AttackPotion"}],"is_trial":false,"path_per_floor":["M","M","?","M","M","R","M","M","T","R","M","M","R","M","R","B",null,"M","M","M","$","$","E"],"character_chosen":"THE_SILENT","items_purchased":["Bottled Tornado","Happy Flower","Leg Sweep"],"campfire_rested":1,"item_purchase_floors":[21,21,22],"current_hp_per_floor":[63,63,63,64,58,58,50,5,5,5,2,3,3,2,23,8,55,39,39,11,11,11,0],"gold":20,"neow_bonus":"THREE_RARE_CARDS","is_prod":false,"is_daily":false,"chose_seed":false,"campfire_upgraded":3,"win_rate":0,"timestamp":1551101736,"path_taken":["M","M","?","M","M","R","M","M","T","R","M","M","R","?","R","BOSS","M","M","M","?","$","E"],"build_version":"2019-01-23","purchased_purges":0,"victory":false,"max_hp_per_floor":[63,63,63,64,65,65,66,67,67,67,68,69,69,70,70,71,71,72,73,74,74,74,74],"card_choices":[{"not_picked":["Bullet Time","Phantasmal Killer"],"picked":"Tools of the Trade","floor":0},{"not_picked":["Flechettes","Flying Knee","Slice"],"picked":"SKIP","floor":1},{"not_picked":["Concentrate","Acrobatics"],"picked":"PiercingWail","floor":2},{"not_picked":["Flying Knee","Sucker Punch"],"picked":"Infinite Blades","floor":4},{"not_picked":["Infinite Blades","Dagger Throw"],"picked":"Cloak And Dagger","floor":5},{"not_picked":["Distraction","Unload"],"picked":"PiercingWail","floor":7},{"not_picked":["Deflect","Acrobatics"],"picked":"Blade Dance","floor":8},{"not_picked":["Deadly Poison","Quick Slash","Reflex"],"picked":"Dagger Spray","floor":11},{"not_picked":["Quick Slash","Skewer","PiercingWail","Deadly Poison"],"picked":"SKIP","floor":12},{"not_picked":["Corpse Explosion","Blade Dance","Prepared"],"picked":"Infinite Blades","floor":14},{"not_picked":["Tools of the Trade","Venomology","Malaise"],"picked":"Adrenaline","floor":16},{"not_picked":["Poisoned Stab","Blade Dance+1","Sucker Punch"],"picked":"Footwork","floor":18},{"not_picked":["Setup","Poisoned Stab","Dagger Spray","Reflex"],"picked":"SKIP","floor":19},{"not_picked":["Catalyst","PiercingWail+1","Acrobatics"],"picked":"Backflip+1","floor":20}],"player_experience":496603,"relics_obtained":[{"floor":9,"key":"Question Card"}],"event_choices":[{"damage_healed":0,"gold_gain":0,"player_choice":"Trade","damage_taken":0,"relics_obtained":["FaceOfCleric"],"max_hp_gain":0,"max_hp_loss":0,"event_name":"FaceTrader","floor":3,"gold_loss":0}],"is_beta":false,"boss_relics":[{"not_picked":["Coffee Dripper","Cursed Key"],"picked":"Ring of the Serpent"}],"items_purged_floors":[],"is_endless":false,"potions_floor_spawned":[1,2,4,7,19],"killed_by":"Book of Stabbing","ascension_level":8}