{"path_per_floor":["M","M","M","?","M","R","E","M","T","E","R","M","E","M","R","B",null,"M","M","M","M","$","R","M","E","T","E","M","M","R","$","R","B",null,"M","?","M","M","M","E","R","E","T","R","M","?","M","?","R","B"],"character_chosen":"IRONCLAD","items_purchased":["Bag of Preparation","Thinking Ahead"],"gold_per_floor":[113,128,142,217,237,237,272,286,286,318,318,328,354,370,370,469,469,469,469,469,469,35,35,35,35,35,35,35,35,35,35,35,35,35,35,35,35,35,35,35,35,35,35,35,35,35,35,35,35,35],"floor_reached":51,"campfire_rested":1,"playtime":7040,"current_hp_per_floor":[72,72,72,61,52,52,50,53,67,42,42,44,45,47,47,23,93,60,52,38,18,18,45,44,62,62,57,75,83,83,83,83,91,93,93,93,93,93,71,90,90,63,63,63,93,93,93,93,93,93],"items_purged":["Strike_R"],"gold":35,"score":600,"play_id":"9dce96b4-1330-4ba5-b6e8-6ab003c23a32","is_prod":false,"is_daily":false,"is_ascension_mode":false,"campfire_upgraded":2,"path_taken":["M","M","M","?","M","R","E","M","T","E","R","M","E","M","R","BOSS","M","?","?","M","$","R","M","E","T","E","M","M","R","$","R","BOSS","M","?","M","M","M","E","R","E","T","R","M","?","M","?","R","BOSS"],"build_version":"2018-02-15-PROD1","purchased_purges":1,"victory":true,"master_deck":["Strike_R","Strike_R","Defend_R","Defend_R","Defend_R","Defend_R","Bash","Limit Break+1","Iron Wave","Spot Weakness","Cleave","Twin Strike","Thunderclap","Offering+1","Shrug It Off","Pommel Strike","Battle Trance","Impervious","Iron Wave+1","Twin Strike","Seeing Red","Metallicize+1","Thinking Ahead","Reaper","Headbutt","Inflame+1","Rage","Reaper","Shockwave","Armaments+1","Dual Wield+1","Barricade+1","Battle Trance+1","Evolve+1","Feel No Pain+1"],"max_hp_per_floor":[72,72,72,72,72,72,79,79,93,93,93,93,93,93,93,93,93,93,93,93,93,93,93,93,93,93,93,93,93,93,93,93,93,93,93,93,93,93,93,93,93,93,93,93,93,93,93,93,93,93],"relics":["Burning Blood","Strawberry","Mango","Frozen Egg 2","Shovel","Lantern","Ectoplasm","Bag of Preparation","Vajra","Charon\u0027s Ashes","Mummified Hand","Dream Catcher","Paper Frog","Mark of Pain","Regal Pillow","Letter Opener","Juzu Bracelet","Oddly Smooth Stone","Bronze Scales","Sundial","Prayer Wheel"],"card_choices":[{"not_picked":["Brutality","Juggernaut"],"picked":"Limit Break"},{"not_picked":["Clash","Sever Soul"],"picked":"Iron Wave"},{"not_picked":["Corruption","Disarm"],"picked":"Spot Weakness"},{"not_picked":["Iron Wave","Dual Wield"],"picked":"Cleave"},{"not_picked":["Armaments","Clash"],"picked":"Twin Strike"},{"not_picked":["Wild Strike","Rampage"],"picked":"Thunderclap"},{"not_picked":["Cleave","True Grit"],"picked":"Offering"},{"not_picked":["Rampage","Cleave"],"picked":"Shrug It Off"},{"not_picked":["Perfected Strike","Clash"],"picked":"Pommel Strike"},{"not_picked":["Iron Wave","Immolate"],"picked":"Battle Trance"},{"not_picked":["Brutality","Offering"],"picked":"Impervious"},{"not_picked":["Body Slam","Clash"],"picked":"Iron Wave"},{"not_picked":["Power Through","Infernal Blade"],"picked":"Twin Strike"},{"not_picked":["Clothesline","Perfected Strike"],"picked":"Seeing Red"},{"not_picked":["Warcry","Flex"],"picked":"Metallicize"},{"not_picked":["Warcry","Wild Strike"],"picked":"Reaper"},{"not_picked":["Clash","Sword Boomerang"],"picked":"Headbutt"},{"not_picked":["Evolve","Clash"],"picked":"Inflame"},{"not_picked":["Thunderclap","Fire Breathing"],"picked":"Rage"},{"not_picked":["Dark Embrace","Feed"],"picked":"Reaper"},{"not_picked":["Wild Strike","Combust"],"picked":"Shockwave"},{"not_picked":["Perfected Strike","Disarm"],"picked":"Armaments"},{"not_picked":["Twin Strike","Heavy Blade"],"picked":"Dual Wield"},{"not_picked":["Armaments","Clothesline"],"picked":"Barricade"},{"not_picked":["Second Wind","Feed"],"picked":"Battle Trance"},{"not_picked":["Pommel Strike","Perfected Strike"],"picked":"Evolve"},{"not_picked":["Infernal Blade","Anger"],"picked":"Feel No Pain"}],"player_experience":59603,"potions_floor_usage":[50,50,50],"damage_taken":[{"damage":5.0,"enemies":"Small Slimes","floor":1.0,"turns":4.0},{"damage":0.0,"enemies":"Cultist","floor":2.0,"turns":4.0},{"damage":3.0,"enemies":"2 Louse","floor":3.0,"turns":3.0},{"damage":15.0,"enemies":"Large Slime","floor":5.0,"turns":7.0},{"damage":15.0,"enemies":"Lagavulin","floor":7.0,"turns":7.0},{"damage":3.0,"enemies":"Lots of Slimes","floor":8.0,"turns":2.0},{"damage":31.0,"enemies":"Gremlin Nob","floor":10.0,"turns":5.0},{"damage":4.0,"enemies":"Blue Slaver","floor":12.0,"turns":4.0},{"damage":5.0,"enemies":"3 Sentries","floor":13.0,"turns":4.0},{"damage":4.0,"enemies":"2 Fungi Beasts","floor":14.0,"turns":2.0},{"damage":30.0,"enemies":"The Guardian","floor":16.0,"turns":9.0},{"damage":39.0,"enemies":"Chosen","floor":18.0,"turns":9.0},{"damage":14.0,"enemies":"Shell Parasite","floor":19.0,"turns":5.0},{"damage":20.0,"enemies":"Snake Plant","floor":20.0,"turns":5.0},{"damage":26.0,"enemies":"Centurion and Healer","floor":21.0,"turns":7.0},{"damage":7.0,"enemies":"Slaver and Parasite","floor":24.0,"turns":5.0},{"damage":18.0,"enemies":"Slavers","floor":25.0,"turns":3.0},{"damage":22.0,"enemies":"Gremlin Leader","floor":27.0,"turns":4.0},{"damage":1.0,"enemies":"Chosen and Byrds","floor":28.0,"turns":4.0},{"damage":13.0,"enemies":"Cultist and Chosen","floor":29.0,"turns":5.0},{"damage":16.0,"enemies":"Automaton","floor":33.0,"turns":6.0},{"damage":5.0,"enemies":"Orb Walker","floor":35.0,"turns":3.0},{"damage":16.0,"enemies":"3 Shapes","floor":37.0,"turns":4.0},{"damage":5.0,"enemies":"Sphere and 2 Shapes","floor":38.0,"turns":4.0},{"damage":28.0,"enemies":"4 Shapes","floor":39.0,"turns":3.0},{"damage":32.0,"enemies":"2 Orb Walkers","floor":40.0,"turns":4.0},{"damage":34.0,"enemies":"Nemesis","floor":42.0,"turns":7.0},{"damage":0,"enemies":"Maw","floor":45,"turns":7},{"damage":14,"enemies":"Mysterious Sphere","floor":46,"turns":5},{"damage":4,"enemies":"3 Darklings","floor":47,"turns":2},{"damage":40,"enemies":"Donu and Deca","floor":50,"turns":5}],"event_choices":[{"event_name":"World of Goop","player_choice":"Gather Gold","floor":4.0,"damage_taken":0.0},{"event_name":"Mysterious Sphere","player_choice":"Fight","floor":46,"damage_taken":0},{"event_name":"Wheel of Change","player_choice":"Card Removal","floor":48,"damage_taken":0}],"boss_relics":[],"potions_floor_spawned":[3,5,10,13,14,18,20,21,28,29,33,37,45,46,47],"seed_played":"1261020298584311578","ascension_level":0,"is_trial":false}