{"gold_per_floor":[118,129,148,166,181,181,194,224,224,224,243,243,258,277,277,376,376,357,369,384,242,2,2,15,15,15,15,28,28,48,58,58,58],"floor_reached":33,"playtime":1351,"items_purged":["Strike_R","Strike_R"],"score":409,"play_id":"72c6bcc1-03cc-4f4e-98f0-b43525d94f11","local_time":"20190226000700","is_ascension_mode":true,"campfire_choices":[{"data":"Inflame","floor":6,"key":"SMITH"},{"data":"Limit Break","floor":10,"key":"SMITH"},{"data":"Metallicize","floor":12,"key":"SMITH"},{"data":"Armaments","floor":15,"key":"SMITH"},{"data":"Metallicize","floor":23,"key":"SMITH"},{"floor":27,"key":"REST"},{"data":"Heavy Blade","floor":29,"key":"SMITH"},{"data":"Juggernaut","floor":32,"key":"SMITH"}],"neow_cost":"NONE","seed_source_timestamp":931201289011948,"circlet_count":0,"master_deck":["Strike_R","Strike_R","Defend_R","Defend_R","Defend_R","Defend_R","Bash","Pummel","Flame Barrier","Heavy Blade+1","Inflame+1","Metallicize+1","Limit Break+1","Armaments+1","Juggernaut+1","Iron Wave+1","Feel No Pain","Whirlwind","Metallicize+1","Disarm"],"relics":["Burning Blood","Matryoshka","Lantern","Torii","Mark of Pain","Meat on the Bone","Red Skull"],"potions_floor_usage":[8,16,16,24,24,30,33,33,33],"damage_taken":[{"damage":10,"enemies":"Cultist","floor":1,"turns":5},{"damage":3,"enemies":"Jaw Worm","floor":2,"turns":5},{"damage":5,"enemies":"Small Slimes","floor":3,"turns":4},{"damage":7,"enemies":"2 Fungi Beasts","floor":4,"turns":5},{"damage":28,"enemies":"Gremlin Gang","floor":5,"turns":6},{"damage":11,"enemies":"3 Louse","floor":7,"turns":4},{"damage":18,"enemies":"Gremlin Nob","floor":8,"turns":4},{"damage":4,"enemies":"Lots of Slimes","floor":11,"turns":6},{"damage":0,"enemies":"Exordium Wildlife","floor":13,"turns":3},{"damage":0,"enemies":"Large Slime","floor":14,"turns":3},{"damage":23,"enemies":"The Guardian","floor":16,"turns":7},{"damage":22,"enemies":"2 Thieves","floor":18,"turns":5},{"damage":14,"enemies":"Shell Parasite","floor":19,"turns":4},{"damage":33,"enemies":"Chosen and Byrds","floor":20,"turns":7},{"damage":25,"enemies":"Shelled Parasite and Fungi","floor":24,"turns":5},{"damage":0,"enemies":"Centurion and Healer","floor":28,"turns":5},{"damage":4,"enemies":"Snake Plant","floor":30,"turns":4},{"damage":6,"enemies":"Cultist and Chosen","floor":31,"turns":7},{"damage":68,"enemies":"Automaton","floor":33,"turns":8}],"seed_played":"2856398443536090861","potions_obtained":[{"floor":1,"key":"Weak Potion"},{"floor":11,"key":"Poison Potion"},{"floor":13,"key":"BloodPotion"},{"floor":14,"key":"PowerPotion"},{"floor":20,"key":"Regen Potion"},{"floor":28,"key":"BloodPotion"},{"floor":30,"key":"Explosive Potion"},{"floor":31,"key":"Dexterity Potion"}],"is_trial":false,"path_per_floor":["M","M","M","M","M","R","M","E","T","R","M","R","M","M","R","B",null,"M","M","M","$","$","R","M","?","T","R","M","R","M","M","R","B"],"character_chosen":"IRONCLAD","items_purchased":["Whirlwind","Ancient Potion","Metallicize"],"campfire_rested":1,"item_purchase_floors":[21,22,22],"current_hp_per_floor":[68,71,72,71,49,49,44,32,32,32,34,34,40,46,46,29,67,51,43,16,16,16,16,19,4,4,29,47,47,57,57,57,0],"gold":58,"neow_bonus":"TRANSFORM_CARD","is_prod":false,"is_daily":false,"chose_seed":false,"campfire_upgraded":7,"win_rate":0,"timestamp":1551136020,"path_taken":["M","M","M","M","M","R","M","E","T","R","?","R","M","M","R","BOSS","M","M","?","?","$","R","M","?","T","R","M","R","M","M","R","BOSS"],"build_version":"2019-01-23","purchased_purges":2,"victory":false,"max_hp_per_floor":[80,80,80,80,80,80,80,80,80,80,80,80,80,80,80,80,80,80,80,80,80,80,80,80,85,85,85,85,85,85,85,85,85],"card_choices":[{"not_picked":["Shockwave","Shrug It Off"],"picked":"Flame Barrier","floor":1},{"not_picked":["Anger","Sword Boomerang","Iron Wave"],"picked":"SKIP","floor":2},{"not_picked":["Power Through","Infernal Blade"],"picked":"Heavy Blade","floor":3},{"not_picked":["Twin Strike","Perfected Strike"],"picked":"Inflame","floor":4},{"not_picked":["Thunderclap","Body Slam","Clash"],"picked":"SKIP","floor":5},{"not_picked":["Clothesline","Carnage"],"picked":"Metallicize","floor":7},{"not_picked":["Sword Boomerang","Wild Strike"],"picked":"Limit Break","floor":8},{"not_picked":["Reckless Charge","Iron Wave","Thunderclap"],"picked":"SKIP","floor":11},{"not_picked":["Dropkick","Hemokinesis","Carnage"],"picked":"SKIP","floor":13},{"not_picked":["Inflame","Twin Strike"],"picked":"Armaments","floor":14},{"not_picked":["Bludgeon","Brutality"],"picked":"Juggernaut","floor":16},{"not_picked":["Body Slam","Clothesline"],"picked":"Iron Wave+1","floor":18},{"not_picked":["Perfected Strike","Anger","Wild Strike"],"picked":"SKIP","floor":19},{"not_picked":["Body Slam","Iron Wave"],"picked":"Feel No Pain","floor":20},{"not_picked":["Anger","Reckless Charge+1"],"picked":"Disarm","floor":24},{"not_picked":["Clash","Wild Strike","Bloodletting"],"picked":"SKIP","floor":28},{"not_picked":["Wild Strike+1","True Grit","Cleave"],"picked":"SKIP","floor":30},{"not_picked":["Twin Strike+1","Reckless Charge","Searing Blow"],"picked":"SKIP","floor":31}],"player_experience":530431,"relics_obtained":[{"floor":8,"key":"Matryoshka"},{"floor":9,"key":"Lantern"},{"floor":9,"key":"Torii"},{"floor":26,"key":"Meat on the Bone"},{"floor":26,"key":"Red Skull"}],"event_choices":[{"damage_healed":0,"gold_gain":0,"player_choice":"Shed Blood","damage_taken":20,"max_hp_gain":5,"max_hp_loss":0,"event_name":"Forgotten Altar","floor":25,"gold_loss":0}],"is_beta":false,"boss_relics":[{"not_picked":["Runic Dome","Calling Bell"],"picked":"Mark of Pain"}],"items_purged_floors":[21,22],"is_endless":false,"potions_floor_spawned":[1,11,13,14,20,28,30,31],"killed_by":"Automaton","ascension_level":9}