{"gold_per_floor":[117,134,149,161,172,172,191,191,216,216,226,191,221,101,101,204,204,223,123,140,154,154,187,199,231,243,255,287,299,311,342,354,469,481,512,537,564,587,174,174,174,174,220,220,320,94,94,104,104,104],"floor_reached":51,"playtime":2061,"items_purged":["Strike_B","Strike_B","Strike_B","Strike_B"],"score":1059,"play_id":"fa0e3c9b-41a3-4fd6-85a1-cc130a442e8b","local_time":"20190225202425","is_ascension_mode":true,"campfire_choices":[{"data":"Defragment","floor":6,"key":"SMITH"},{"data":"Dualcast","floor":8,"key":"SMITH"},{"data":"Lockon","floor":10,"key":"SMITH"},{"data":"Capacitor","floor":15,"key":"SMITH"},{"data":"Electrodynamics","floor":24,"key":"SMITH"},{"data":"Consume","floor":27,"key":"SMITH"},{"data":"Glacier","floor":30,"key":"SMITH"},{"data":"Cold Snap","floor":32,"key":"SMITH"},{"data":"Ball Lightning","floor":40,"key":"SMITH"},{"data":"Core Surge","floor":41,"key":"SMITH"},{"data":"Defend_B","floor":44,"key":"SMITH"},{"data":"Defragment","floor":47,"key":"SMITH"},{"floor":49,"key":"REST"}],"neow_cost":"NONE","seed_source_timestamp":917127732730417,"circlet_count":0,"master_deck":["Defend_B+1","Defend_B","Defend_B+1","Defend_B+1","Zap+1","Dualcast+1","Lockon+1","Defragment+1","Glacier+1","Capacitor+1","Ball Lightning+1","Electrodynamics+1","Cold Snap+1","BootSequence+1","Consume+1","Coolheaded+1","Core Surge+1","Consume+1","Reinforced Body+1","Barrage+1","Defragment+1"],"relics":["FrozenCore","DataDisk","Ancient Tea Set","Inserter","MawBank","Toxic Egg 2","WingedGreaves","War Paint","Unceasing Top"],"potions_floor_usage":[4,13,23,23,33,50,50,50,50,50,50],"damage_taken":[{"damage":1,"enemies":"Cultist","floor":1,"turns":3},{"damage":4,"enemies":"2 Louse","floor":2,"turns":2},{"damage":6,"enemies":"Jaw Worm","floor":3,"turns":4},{"damage":17,"enemies":"Lots of Slimes","floor":4,"turns":4},{"damage":7,"enemies":"Looter","floor":5,"turns":3},{"damage":11,"enemies":"Large Slime","floor":7,"turns":5},{"damage":0,"enemies":"Blue Slaver","floor":11,"turns":2},{"damage":0,"enemies":"3 Sentries","floor":13,"turns":9},{"damage":11,"enemies":"Hexaghost","floor":16,"turns":10},{"damage":7,"enemies":"Chosen","floor":18,"turns":4},{"damage":1,"enemies":"3 Byrds","floor":20,"turns":3},{"damage":0,"enemies":"3 Cultists","floor":21,"turns":3},{"damage":40,"enemies":"Slavers","floor":23,"turns":4},{"damage":0,"enemies":"Chosen and Byrds","floor":25,"turns":5},{"damage":0,"enemies":"Centurion and Healer","floor":28,"turns":4},{"damage":9,"enemies":"Sentry and Sphere","floor":31,"turns":4},{"damage":11,"enemies":"Automaton","floor":33,"turns":9},{"damage":0,"enemies":"3 Shapes","floor":35,"turns":4},{"damage":13,"enemies":"3 Darklings","floor":36,"turns":6},{"damage":4,"enemies":"Jaw Worm Horde","floor":37,"turns":3},{"damage":0,"enemies":"Maw","floor":38,"turns":8},{"damage":0,"enemies":"Mind Bloom Boss Battle","floor":45,"turns":5},{"damage":5,"enemies":"3 Darklings","floor":48,"turns":5},{"damage":0,"enemies":"Time Eater","floor":50,"turns":8}],"seed_played":"-3087534630815047669","potions_obtained":[{"floor":3,"key":"Swift Potion"},{"floor":4,"key":"SpeedPotion"},{"floor":7,"key":"FocusPotion"},{"floor":16,"key":"FearPotion"},{"floor":20,"key":"Dexterity Potion"},{"floor":23,"key":"EntropicBrew"},{"floor":25,"key":"LiquidBronze"},{"floor":33,"key":"Poison Potion"}],"is_trial":false,"path_per_floor":["M","M","M","M","M","R","M","R","T","R","M","?","E","$","R","B",null,"M","$","M","M","?","E","R","M","T","R","M","?","R","M","R","B",null,"M","M","M","M","$","R","R","?","T","R","?","$","R","M","R","B",null],"character_chosen":"DEFECT","items_purchased":["Ball Lightning","WingedGreaves","Defragment"],"campfire_rested":1,"item_purchase_floors":[14,39,46],"current_hp_per_floor":[67,63,57,40,33,33,22,22,22,22,22,40,40,40,40,29,64,57,57,56,56,56,16,16,16,16,16,16,75,75,66,66,55,70,70,57,53,53,53,53,53,53,53,53,53,53,53,48,70,70],"gold":104,"neow_bonus":"UPGRADE_CARD","is_prod":false,"is_daily":false,"chose_seed":false,"campfire_upgraded":12,"win_rate":0,"timestamp":1551122665,"path_taken":["M","M","M","M","M","R","?","R","T","R","?","?","E","$","R","BOSS","M","$","M","M","?","E","R","M","T","R","M","?","R","M","R","BOSS","M","M","?","M","$","R","R","?","T","R","?","?","R","M","R","BOSS"],"build_version":"2019-01-23","purchased_purges":4,"victory":true,"max_hp_per_floor":[75,75,75,75,75,75,75,75,75,75,75,75,75,75,75,75,75,75,75,75,75,75,75,75,75,75,75,75,75,75,75,75,75,75,75,75,75,75,75,75,75,75,75,75,75,75,75,75,75,75],"card_choices":[{"not_picked":["Rebound","Barrage"],"picked":"Lockon","floor":1},{"not_picked":["Sweeping Beam","Rebound"],"picked":"Defragment","floor":2},{"not_picked":["Hello World","Aggregate","Beam Cell"],"picked":"SKIP","floor":3},{"not_picked":["Leap","Skim","Sweeping Beam"],"picked":"SKIP","floor":4},{"not_picked":["Cold Snap","Leap"],"picked":"Auto Shields","floor":5},{"not_picked":["Cold Snap","Fusion"],"picked":"Glacier","floor":7},{"not_picked":["Go for the Eyes","Beam Cell","Cold Snap"],"picked":"SKIP","floor":11},{"not_picked":["Storm","Streamline"],"picked":"Capacitor","floor":13},{"not_picked":["Core Surge","Thunder Strike"],"picked":"Electrodynamics","floor":16},{"not_picked":["Rebound","Storm","Sunder"],"picked":"SKIP","floor":18},{"not_picked":["Compile Driver","Rebound"],"picked":"Cold Snap","floor":20},{"not_picked":["Hologram","Gash"],"picked":"BootSequence+1","floor":21},{"not_picked":["Beam Cell","Chaos","Go for the Eyes+1"],"picked":"SKIP","floor":23},{"not_picked":["Capacitor","Heatsinks+1"],"picked":"Consume","floor":25},{"not_picked":["Streamline","Steam+1","Storm"],"picked":"SKIP","floor":28},{"not_picked":["Aggregate+1","Go for the Eyes+1"],"picked":"Coolheaded+1","floor":31},{"not_picked":["Machine Learning","Creative AI"],"picked":"Core Surge","floor":33},{"not_picked":["Heatsinks+1","Leap+1"],"picked":"Consume+1","floor":35},{"not_picked":["Turbo+1","Compile Driver","Beam Cell"],"picked":"SKIP","floor":36},{"not_picked":["Coolheaded+1","Static Discharge"],"picked":"Reinforced Body+1","floor":37},{"not_picked":["Hologram+1","Go for the Eyes+1"],"picked":"Barrage+1","floor":38},{"not_picked":["Compile Driver+1","Gash+1","Biased Cognition"],"picked":"SKIP","floor":48}],"player_experience":516460,"relics_obtained":[{"floor":9,"key":"DataDisk"},{"floor":13,"key":"Ancient Tea Set"},{"floor":23,"key":"MawBank"},{"floor":26,"key":"Toxic Egg 2"},{"floor":43,"key":"War Paint"},{"floor":45,"key":"Unceasing Top"}],"event_choices":[{"damage_healed":18,"gold_gain":0,"player_choice":"Healed","damage_taken":0,"max_hp_gain":0,"max_hp_loss":0,"event_name":"The Cleric","floor":12,"gold_loss":35},{"damage_healed":0,"gold_gain":0,"player_choice":"Ignored","damage_taken":0,"max_hp_gain":0,"max_hp_loss":0,"event_name":"Ghosts","floor":22,"gold_loss":0},{"cards_removed":["Auto Shields"],"damage_healed":59,"gold_gain":0,"player_choice":"Offered Uncommon","damage_taken":0,"max_hp_gain":0,"max_hp_loss":0,"event_name":"Bonfire Elementals","floor":29,"gold_loss":0},{"damage_healed":0,"gold_gain":0,"player_choice":"Memory 1","damage_taken":0,"max_hp_gain":0,"max_hp_loss":0,"event_name":"SensoryStone","floor":42,"gold_loss":0},{"damage_healed":0,"gold_gain":0,"player_choice":"Fight","damage_taken":0,"max_hp_gain":0,"max_hp_loss":0,"event_name":"MindBloom","floor":45,"gold_loss":0}],"is_beta":false,"boss_relics":[{"not_picked":["Runic Dome","Black Star"],"picked":"Inserter"},{"not_picked":["Pandora\u0027s Box","Philosopher\u0027s Stone"],"picked":"FrozenCore"}],"items_purged_floors":[14,19,39,46],"is_endless":false,"potions_floor_spawned":[3,4,7,16,20,23,25,33,36,37,38],"ascension_level":9}