{"path_per_floor":["M","M","$","M","?","R","M","R","T","M","R","?","M","E","R","B",null,"M","M","?","$","M","M","R","E","T","R","E","?","R","?","R","B",null,"M","M","?","M","M","R","E","$","T","M","R","M","R","M","R","B"],"character_chosen":"DEFECT","items_purchased":["Glacier","Block Potion","Dexterity Potion","Shuriken"],"gold_per_floor":[113,124,44,55,130,130,142,142,165,175,175,175,191,218,218,293,293,312,325,250,73,88,99,99,133,159,159,188,214,214,214,214,288,288,298,311,311,326,344,344,374,28,55,67,67,83,83,103,103,103],"floor_reached":51,"campfire_rested":8,"playtime":4119,"current_hp_per_floor":[63,61,61,54,43,43,40,40,40,40,40,19,14,2,23,7,58,58,35,35,35,27,27,49,34,34,59,57,47,47,47,73,64,81,83,85,91,55,43,71,7,7,7,9,38,18,47,49,79,30],"items_purged":["Strike_B","Strike_B"],"gold":103,"score":1196,"play_id":"822748a8-775a-495b-b46d-f7b4f8274e8b","local_time":"20180512181725","is_prod":false,"is_daily":false,"chose_seed":false,"is_ascension_mode":true,"campfire_upgraded":4,"timestamp":1526174245,"path_taken":["M","M","$","M","?","R","M","R","T","M","R","?","?","E","R","BOSS","M","M","?","$","M","M","R","E","T","R","E","?","R","?","R","BOSS","M","M","?","M","?","R","E","$","T","?","R","M","R","M","R","BOSS"],"build_version":"2018-05-12v2","seed_source_timestamp":1832059875889081,"purchased_purges":2,"victory":true,"master_deck":["Defend_B","Defend_B","Defend_B","Defend_B","Zap+1","Dualcast+1","AscendersBane","Go for the Eyes","Streamline","Glacier+1","Barrage+1","Tempest","Skim+1","Capacitor+1","Recycle","Seek","Reinforced Body","Force Field","Skim","Sunder","Double Energy","Creative AI","Writhe","All For One"],"max_hp_per_floor":[71,71,71,71,71,71,71,71,71,71,71,71,71,71,71,75,75,75,75,75,75,75,75,75,85,85,85,85,87,87,87,87,87,87,89,91,91,93,95,95,95,95,95,97,97,99,99,101,101,101],"relics":["Cracked Core","Bag of Preparation","Vajra","Snecko Eye","Pen Nib","Singing Bowl","Red Mask","Nloth\u0027s Gift","Sozu","Potion Belt","Shuriken","Omamori"],"card_choices":[{"not_picked":["Barrage","Redo"],"picked":"Go for the Eyes","floor":1},{"not_picked":["Darkness","Chaos"],"picked":"Streamline","floor":2},{"not_picked":["Rebound","Impulse"],"picked":"Barrage","floor":4},{"not_picked":["Thunder Strike","Hello World"],"picked":"Tempest","floor":7},{"not_picked":["Rebound","Reinforced Body"],"picked":"Skim","floor":10},{"not_picked":["Streamline","Cold Snap"],"picked":"Capacitor","floor":13},{"not_picked":["Heatsinks","Steam"],"picked":"Recycle","floor":14},{"not_picked":["Rainbow","Multi-Cast"],"picked":"Seek","floor":16},{"not_picked":["Steam","Turbo"],"picked":"Reinforced Body","floor":18},{"not_picked":["Ball Lightning","Axe Kick"],"picked":"Force Field","floor":19},{"not_picked":["Sweeping Beam","Stack","Cold Snap"],"picked":"SKIP","floor":22},{"not_picked":["Coolheaded","Darkness"],"picked":"Skim","floor":23},{"not_picked":["Rebound","Defragment"],"picked":"Sunder","floor":25},{"not_picked":["Nova","Ball Lightning"],"picked":"Double Energy","floor":28},{"not_picked":["Rip and Tear","Steam","Streamline"],"picked":"Singing Bowl","floor":29},{"not_picked":["Electrodynamics","Multi-Cast"],"picked":"Creative AI","floor":33},{"not_picked":["Lockon","Sweeping Beam+1","Melter"],"picked":"Singing Bowl","floor":35},{"not_picked":["Leap+1","Conserve Battery","Loop+1"],"picked":"Singing Bowl","floor":36},{"not_picked":["Impulse","Turbo+1","Coolheaded+1"],"picked":"Singing Bowl","floor":38},{"not_picked":["Barrage","Sweeping Beam+1","Leap+1"],"picked":"Singing Bowl","floor":39},{"not_picked":["Axe Kick+1","Hologram"],"picked":"All For One","floor":41},{"not_picked":["Hyperbeam","Ball Lightning","Sweeping Beam+1"],"picked":"Singing Bowl","floor":44},{"not_picked":["Capacitor","Cold Snap","Steam"],"picked":"Singing Bowl","floor":46},{"not_picked":["Beam Cell","Coolheaded+1","Barrage"],"picked":"Singing Bowl","floor":48}],"player_experience":1446567,"potions_floor_usage":[13,14,16,18,22,25,38,50,50],"damage_taken":[{"damage":1,"enemies":"Jaw Worm","floor":1,"turns":4},{"damage":2,"enemies":"2 Louse","floor":2,"turns":4},{"damage":7,"enemies":"Small Slimes","floor":4,"turns":4},{"damage":3,"enemies":"2 Fungi Beasts","floor":7,"turns":4},{"damage":0,"enemies":"Large Slime","floor":10,"turns":4},{"damage":5,"enemies":"Gremlin Gang","floor":13,"turns":4},{"damage":12,"enemies":"Gremlin Nob","floor":14,"turns":3},{"damage":20,"enemies":"The Guardian","floor":16,"turns":10},{"damage":0,"enemies":"Chosen","floor":18,"turns":3},{"damage":23,"enemies":"Spheric Guardian","floor":19,"turns":4},{"damage":8,"enemies":"Slaver and Parasite","floor":22,"turns":5},{"damage":0,"enemies":"Centurion and Healer","floor":23,"turns":6},{"damage":25,"enemies":"Slavers","floor":25,"turns":7},{"damage":2,"enemies":"Gremlin Leader","floor":28,"turns":7},{"damage":12,"enemies":"Masked Bandits","floor":29,"turns":4},{"damage":9,"enemies":"Automaton","floor":33,"turns":8},{"damage":0,"enemies":"Flame Bruiser 1 Orb","floor":35,"turns":6},{"damage":0,"enemies":"3 Shapes","floor":36,"turns":2},{"damage":46,"enemies":"Sphere and 2 Shapes","floor":38,"turns":7},{"damage":14,"enemies":"3 Darklings","floor":39,"turns":29},{"damage":64,"enemies":"Nemesis","floor":41,"turns":14},{"damage":0,"enemies":"4 Shapes","floor":44,"turns":4},{"damage":22,"enemies":"Spire Growth","floor":46,"turns":5},{"damage":0,"enemies":"Flame Bruiser 2 Orb","floor":48,"turns":4},{"damage":49,"enemies":"Awakened One","floor":50,"turns":13}],"event_choices":[{"event_name":"World of Goop","player_choice":"Gather Gold","floor":5,"damage_taken":0},{"event_name":"Shining Light","player_choice":"Entered Light","floor":12,"damage_taken":0},{"event_name":"Beggar","player_choice":"Gave Gold","floor":20,"damage_taken":0},{"event_name":"Masked Bandits","player_choice":"Fought over 188 gold","floor":29,"damage_taken":0},{"event_name":"N\u0027loth","player_choice":"Traded a Pear","floor":31,"damage_taken":0},{"event_name":"Winding Halls","player_choice":"Writhe","floor":37,"damage_taken":0}],"boss_relics":[{"not_picked":["Cursed Key","Philosopher\u0027s Stone"],"picked":"Snecko Eye"},{"not_picked":["Calling Bell","Runic Dome"],"picked":"Sozu"}],"potions_floor_spawned":[2,4,10,14,18,25,29,39,41,44,46],"seed_played":"-8188687513588396128","ascension_level":15,"is_trial":false}