{"path_per_floor":["M","$","?","M","M","R","E","R","T","M","?","R","M","M","R","B",null,"M","M","M","$","?","R","M","R","T","M","M","M","M","M","R","B",null,"M","M","$","M","M","R","E","M","T","$","?","R","?","T","R","B"],"character_chosen":"DEFECT","items_purchased":["War Paint","Genetic Algorithm","Orichalcum","Undo","Bag of Preparation","Leap"],"gold_per_floor":[216,30,30,48,58,58,84,84,130,141,216,216,228,240,240,316,316,331,346,361,133,133,133,150,150,207,227,239,254,270,288,288,365,365,378,395,65,81,95,95,130,142,142,17,17,17,17,17,17,17],"floor_reached":51,"campfire_rested":5,"playtime":4551,"item_purchase_floors":[2,2,21,37,37,37],"current_hp_per_floor":[63,63,63,63,61,61,60,60,60,49,38,38,31,15,36,15,57,50,40,35,35,15,37,37,59,59,47,40,30,30,7,29,25,63,56,44,44,44,44,66,33,33,33,33,76,76,76,76,76,45],"items_purged":["Strike_B","Strike_B","Strike_B"],"gold":17,"score":1155,"play_id":"a8b1968b-8478-43d3-81c1-a308002d9b8a","local_time":"20180615101031","is_prod":false,"is_daily":false,"chose_seed":false,"is_ascension_mode":true,"campfire_upgraded":5,"win_rate":0,"timestamp":1529082631,"campfire_choices":[{"data":"Darkness","floor":6,"key":"SMITH"},{"data":"Barrage","floor":8,"key":"SMITH"},{"data":"Go for the Eyes","floor":12,"key":"SMITH"},{"floor":15,"key":"REST"},{"floor":23,"key":"REST"},{"floor":25,"key":"REST"},{"floor":32,"key":"REST"},{"floor":40,"key":"REST"},{"data":"Defragment","floor":46,"key":"SMITH"},{"data":"Capacitor","floor":49,"key":"SMITH"}],"path_taken":["M","$","?","M","M","R","E","R","T","M","?","R","M","M","R","BOSS","M","?","M","$","?","R","M","R","T","?","M","M","?","?","R","BOSS","M","M","$","M","M","R","E","?","T","?","?","R","?","?","R","BOSS"],"build_version":"2018-06-14v2","seed_source_timestamp":769595646168525,"purchased_purges":3,"victory":true,"master_deck":["Defend_B","Defend_B+1","Defend_B","Defend_B","Zap+1","Dualcast","AscendersBane","Barrage+1","Genetic Algorithm","Darkness+1","Defragment+1","Defragment+1","Go for the Eyes+1","Coolheaded","All For One","Conserve Battery","Streamline","Undo","Capacitor+1","Fusion","Loop","Leap","Leap","Meteor Strike","Redo","Stack+1","Undo","Leap","Compile Driver","Cold Snap","Hologram","Doubt"],"max_hp_per_floor":[71,71,71,71,71,71,71,71,71,71,71,71,71,71,71,71,71,71,71,71,71,76,76,76,76,76,76,76,76,76,76,76,76,76,76,76,76,76,76,76,76,76,76,76,76,76,76,76,76,76],"relics":["Cracked Core","War Paint","Ancient Tea Set","Vajra","Snecko Eye","Orichalcum","Tiny Chest","Nuclear Battery","Bag of Preparation","Dream Catcher","Bottled Flame","Letter Opener"],"card_choices":[{"not_picked":["Melter","Scrape"],"picked":"Barrage","floor":1},{"not_picked":["Capacitor","Conserve Battery"],"picked":"Darkness","floor":4},{"not_picked":["Heatsinks","Conserve Battery"],"picked":"Defragment","floor":5},{"not_picked":["Steam","Genetic Algorithm"],"picked":"Defragment","floor":7},{"not_picked":["Barrage","Compile Driver"],"picked":"Go for the Eyes","floor":10},{"not_picked":["Double Energy","Go for the Eyes","Hello World"],"picked":"SKIP","floor":13},{"not_picked":["Double Energy","Go for the Eyes","Hello World"],"picked":"SKIP","floor":13},{"not_picked":["Force Field","FTL"],"picked":"Coolheaded","floor":14},{"not_picked":["Thunder Strike","Machine Learning"],"picked":"All For One","floor":16},{"not_picked":["White Noise","Cold Snap"],"picked":"Conserve Battery","floor":18},{"not_picked":["FTL","Loop"],"picked":"Streamline","floor":19},{"not_picked":["Coolheaded","Ball Lightning"],"picked":"Undo","floor":20},{"not_picked":["Cold Snap","Redo"],"picked":"Capacitor","floor":24},{"not_picked":["Ball Lightning","Barrage"],"picked":"Fusion","floor":27},{"not_picked":["Rebound","Chaos"],"picked":"Loop","floor":28},{"not_picked":["Ball Lightning","Storm"],"picked":"Leap","floor":29},{"not_picked":["Steam Power","Core Surge","Blizzard"],"picked":"SKIP","floor":30},{"not_picked":["Streamline","White Noise"],"picked":"Leap","floor":31},{"not_picked":["Reboot","Multi-Cast"],"picked":"Meteor Strike","floor":33},{"not_picked":["Aggregate","Beam Cell"],"picked":"Redo","floor":35},{"not_picked":["Compile Driver","Sweeping Beam"],"picked":"Stack+1","floor":36},{"not_picked":["Streamline","Rebound","Gash"],"picked":"SKIP","floor":38},{"not_picked":["Steam","Storm"],"picked":"Compile Driver","floor":39},{"not_picked":["Ball Lightning","Conserve Battery"],"picked":"Cold Snap","floor":41},{"not_picked":["Core Surge","Melter+1"],"picked":"Hologram","floor":42}],"player_experience":1903387,"potions_floor_usage":[7,18,31,33,39,41,41,50],"damage_taken":[{"damage":1,"enemies":"Cultist","floor":1,"turns":3},{"damage":0,"enemies":"2 Louse","floor":4,"turns":3},{"damage":2,"enemies":"Small Slimes","floor":5,"turns":4},{"damage":13,"enemies":"3 Sentries","floor":7,"turns":5},{"damage":11,"enemies":"Exordium Thugs","floor":10,"turns":4},{"damage":7,"enemies":"2 Fungi Beasts","floor":13,"turns":3},{"damage":16,"enemies":"Lots of Slimes","floor":14,"turns":4},{"damage":21,"enemies":"The Guardian","floor":16,"turns":9},{"damage":7,"enemies":"3 Byrds","floor":18,"turns":3},{"damage":10,"enemies":"Shell Parasite","floor":19,"turns":4},{"damage":5,"enemies":"Centurion and Healer","floor":20,"turns":5},{"damage":0,"enemies":"Snake Plant","floor":24,"turns":3},{"damage":12,"enemies":"Cultist and Chosen","floor":27,"turns":4},{"damage":7,"enemies":"Slaver and Parasite","floor":28,"turns":8},{"damage":10,"enemies":"Centurion and Healer","floor":29,"turns":5},{"damage":0,"enemies":"Snecko","floor":30,"turns":4},{"damage":23,"enemies":"Snake Plant","floor":31,"turns":5},{"damage":4,"enemies":"Champ","floor":33,"turns":14},{"damage":7,"enemies":"Orb Walker","floor":35,"turns":5},{"damage":12,"enemies":"Flame Bruiser 1 Orb","floor":36,"turns":6},{"damage":0,"enemies":"Spire Growth","floor":38,"turns":3},{"damage":0,"enemies":"Transient","floor":39,"turns":5},{"damage":33,"enemies":"2 Orb Walkers","floor":41,"turns":6},{"damage":0,"enemies":"4 Shapes","floor":42,"turns":8},{"damage":31,"enemies":"Awakened One","floor":50,"turns":14}],"relics_obtained":[{"floor":7,"key":"Ancient Tea Set"},{"floor":9,"key":"Vajra"},{"floor":26,"key":"Tiny Chest"},{"floor":41,"key":"Dream Catcher"},{"floor":43,"key":"Bottled Flame"},{"floor":48,"key":"Letter Opener"}],"event_choices":[{"event_name":"Bonfire Elementals","player_choice":"BASIC","floor":3,"damage_taken":0},{"event_name":"World of Goop","player_choice":"Gather Gold","floor":11,"damage_taken":0},{"event_name":"Forgotten Altar","player_choice":"Shed Blood","floor":22,"damage_taken":0},{"event_name":"MindBloom","player_choice":"Heal","floor":45,"damage_taken":0},{"event_name":"Accursed Blacksmith","player_choice":"Forge","floor":47,"damage_taken":0}],"boss_relics":[{"not_picked":["Runic Dome","Calling Bell"],"picked":"Snecko Eye"},{"not_picked":["Coffee Dripper","Fusion Hammer"],"picked":"Nuclear Battery"}],"items_purged_floors":[21,37,44],"is_endless":false,"potions_floor_spawned":[1,5,14,19,24,29,30,33,35,36,39,42],"seed_played":"8928524880217567190","ascension_level":15,"potions_obtained":[{"floor":1,"key":"SneckoOil"},{"floor":5,"key":"Regen Potion"},{"floor":14,"key":"LiquidBronze"},{"floor":19,"key":"Weak Potion"},{"floor":24,"key":"EssenceOfSteel"},{"floor":33,"key":"Weak Potion"},{"floor":35,"key":"SteroidPotion"},{"floor":39,"key":"AttackPotion"},{"floor":42,"key":"SkillPotion"}],"is_trial":false}