{"gold_per_floor":[215,67,67,67,83,83,111,122,122,141,151,171,139,155,155,259,259,274,285,13,25,25,25,60,78,78,78,107,107,119,131,131,131],"floor_reached":33,"playtime":2422,"items_purged":["Strike_G","Strike_G"],"score":427,"play_id":"deafc5fb-fb87-4f9a-8744-8500a491e627","local_time":"20190222161400","is_ascension_mode":true,"campfire_choices":[{"data":"Neutralize","floor":6,"key":"SMITH"},{"floor":15,"key":"REST"},{"floor":23,"key":"REST"},{"floor":32,"key":"REST"}],"neow_cost":"NONE","seed_source_timestamp":3355145218781577,"circlet_count":0,"master_deck":["Defend_G","Defend_G","Defend_G","Defend_G","Strike_G","Survivor","Neutralize+1","Leg Sweep","Deadly Poison","Slice","Caltrops","PiercingWail","Acrobatics","Dash","Die Die Die","Predator","Noxious Fumes","Well Laid Plans","Skewer","Cloak And Dagger","Leg Sweep","Crippling Poison+1","Poisoned Stab"],"relics":["Ring of the Snake","Matryoshka","Lantern","Happy Flower","Snecko Eye","Oddly Smooth Stone","Vajra","The Courier","Sundial","Juzu Bracelet"],"potions_floor_usage":[10,11,18,19,24,25,28,31],"damage_taken":[{"damage":1,"enemies":"Cultist","floor":1,"turns":6},{"damage":0,"enemies":"Jaw Worm","floor":5,"turns":4},{"damage":22,"enemies":"Lagavulin","floor":7,"turns":12},{"damage":0,"enemies":"Small Slimes","floor":8,"turns":5},{"damage":3,"enemies":"Looter","floor":10,"turns":3},{"damage":5,"enemies":"Exordium Thugs","floor":11,"turns":6},{"damage":4,"enemies":"2 Fungi Beasts","floor":12,"turns":5},{"damage":0,"enemies":"Red Slaver","floor":14,"turns":4},{"damage":51,"enemies":"Hexaghost","floor":16,"turns":15},{"damage":16,"enemies":"Spheric Guardian","floor":18,"turns":6},{"damage":21,"enemies":"Chosen","floor":19,"turns":6},{"damage":0,"enemies":"Snecko","floor":21,"turns":5},{"damage":20,"enemies":"Slavers","floor":24,"turns":7},{"damage":11,"enemies":"Snake Plant","floor":25,"turns":6},{"damage":0,"enemies":"Book of Stabbing","floor":28,"turns":5},{"damage":0,"enemies":"Centurion and Healer","floor":30,"turns":6},{"damage":15,"enemies":"Cultist and Chosen","floor":31,"turns":7},{"damage":48,"enemies":"Champ","floor":33,"turns":10}],"seed_played":"-6381452968017149045","potions_obtained":[{"floor":1,"key":"AttackPotion"},{"floor":10,"key":"SkillPotion"},{"floor":16,"key":"Regen Potion"},{"floor":18,"key":"PowerPotion"},{"floor":21,"key":"Strength Potion"},{"floor":25,"key":"SkillPotion"}],"is_trial":false,"path_per_floor":["M","$","?","?","M","R","E","M","T","M","M","M","?","M","R","B",null,"M","M","$","M","?","R","E","M","T","T","E","?","M","M","R","B"],"character_chosen":"THE_SILENT","items_purchased":["Deadly Poison","Slice","Predator","PowerPotion","AttackPotion"],"campfire_rested":3,"item_purchase_floors":[2,2,20,20,20],"current_hp_per_floor":[62,62,67,67,67,67,45,45,45,42,37,33,33,33,55,4,57,56,35,35,35,35,57,37,26,26,26,26,26,26,11,33,0],"gold":131,"neow_bonus":"HUNDRED_GOLD","is_prod":false,"is_daily":false,"chose_seed":false,"campfire_upgraded":1,"win_rate":0,"timestamp":1550870040,"path_taken":["M","$","?","?","M","R","E","M","T","M","M","M","?","M","R","BOSS","M","M","$","M","?","R","E","M","T","?","E","?","M","M","R","BOSS"],"build_version":"2019-02-06","purchased_purges":2,"victory":false,"max_hp_per_floor":[70,70,75,75,75,75,75,75,75,75,75,75,75,75,75,75,75,75,75,75,75,75,75,75,75,75,75,75,75,75,75,75,75],"card_choices":[{"not_picked":["Accuracy","Infinite Blades"],"picked":"Leg Sweep","floor":1},{"not_picked":["Flying Knee","Outmaneuver"],"picked":"Caltrops","floor":5},{"not_picked":["Cloak And Dagger","Prepared"],"picked":"PiercingWail","floor":7},{"not_picked":["Slice","Bouncing Flask","Leg Sweep"],"picked":"SKIP","floor":8},{"not_picked":["Distraction","Concentrate"],"picked":"Acrobatics","floor":10},{"not_picked":["Underhanded Strike","Flechettes","Eviscerate"],"picked":"SKIP","floor":11},{"not_picked":["Leg Sweep","Blade Dance"],"picked":"Dash","floor":12},{"not_picked":["Endless Agony","Grand Finale","Blade Dance"],"picked":"SKIP","floor":14},{"not_picked":["Envenom","Burst"],"picked":"Die Die Die","floor":16},{"not_picked":["Eviscerate","Prepared","Masterful Stab+1"],"picked":"SKIP","floor":18},{"not_picked":["Deflect","Flying Knee","Dagger Throw"],"picked":"SKIP","floor":19},{"not_picked":["Infinite Blades","Masterful Stab"],"picked":"Noxious Fumes","floor":21},{"not_picked":["PiercingWail+1","Catalyst"],"picked":"Cloak And Dagger","floor":24},{"not_picked":["Deflect","Slice"],"picked":"Leg Sweep","floor":25},{"not_picked":["Flying Knee","Backstab+1"],"picked":"Crippling Poison+1","floor":28},{"not_picked":["Backstab+1","Prepared","Dagger Spray"],"picked":"SKIP","floor":30},{"not_picked":["Outmaneuver","Deadly Poison","Underhanded Strike"],"picked":"SKIP","floor":31}],"player_experience":214743,"relics_obtained":[{"floor":7,"key":"Matryoshka"},{"floor":9,"key":"Lantern"},{"floor":9,"key":"Happy Flower"},{"floor":24,"key":"Oddly Smooth Stone"},{"floor":26,"key":"Vajra"},{"floor":26,"key":"The Courier"},{"floor":27,"key":"Sundial"},{"floor":28,"key":"Juzu Bracelet"}],"event_choices":[{"damage_healed":0,"gold_gain":0,"player_choice":"Donut","damage_taken":0,"max_hp_gain":5,"max_hp_loss":0,"event_name":"Big Fish","floor":3,"gold_loss":0},{"damage_healed":0,"gold_gain":0,"player_choice":"Ignored","damage_taken":0,"max_hp_gain":0,"max_hp_loss":0,"event_name":"Liars Game","floor":4,"gold_loss":0},{"damage_healed":0,"gold_gain":0,"player_choice":"Left Gold","damage_taken":0,"max_hp_gain":0,"max_hp_loss":0,"event_name":"World of Goop","floor":13,"gold_loss":32},{"damage_healed":0,"gold_gain":0,"cards_transformed":["Strike_G","Defend_G"],"player_choice":"Became Test Subject","damage_taken":0,"max_hp_gain":0,"max_hp_loss":0,"event_name":"Drug Dealer","floor":22,"gold_loss":0,"cards_obtained":["Well Laid Plans","Skewer"]},{"damage_healed":0,"gold_gain":0,"cards_transformed":["Strike_G"],"player_choice":"Transformed","damage_taken":0,"max_hp_gain":0,"max_hp_loss":0,"event_name":"Transmorgrifier","floor":29,"gold_loss":0,"cards_obtained":["Poisoned Stab"]}],"is_beta":true,"boss_relics":[{"not_picked":["Cursed Key","Runic Dome"],"picked":"Snecko Eye"}],"items_purged_floors":[2,20],"is_endless":false,"potions_floor_spawned":[1,10,16,18,21,25],"killed_by":"Champ","ascension_level":7}