{"path_per_floor":["M","$","M","M","M","R","M","R","T","R","E","?","E","$","R","B",null,"M","?","M","?","M","R","M","R","T","M","R","E","?","M","R"],"character_chosen":"DEFECT","items_purchased":["Self Repair","Compile Driver"],"gold_per_floor":[118,38,57,70,87,87,99,99,148,148,174,174,204,103,103,176,176,191,191,210,210,222,222,236,236,236,247,247,278,278,295,295,295],"floor_reached":33,"campfire_rested":3,"playtime":2118,"item_purchase_floors":[2,14],"current_hp_per_floor":[63,63,59,52,43,43,23,23,23,44,50,50,57,57,57,46,66,69,69,73,73,73,73,42,42,42,39,60,38,38,37,59,0],"items_purged":["Strike_B"],"gold":295,"score":529,"play_id":"5dcc35fe-aa88-4b70-8904-c776fdf8f244","local_time":"20180603230850","is_prod":false,"is_daily":false,"chose_seed":false,"is_ascension_mode":true,"campfire_upgraded":5,"win_rate":0,"timestamp":1528092530,"campfire_choices":[{"data":"Defragment","floor":6,"key":"SMITH"},{"data":"Zap","floor":8,"key":"SMITH"},{"floor":10,"key":"REST"},{"data":"Self Repair","floor":15,"key":"SMITH"},{"data":"Loop","floor":23,"key":"SMITH"},{"data":"Capacitor","floor":25,"key":"SMITH"},{"floor":28,"key":"REST"},{"floor":32,"key":"REST"}],"path_taken":["M","$","M","M","M","R","?","R","T","R","E","?","E","$","R","BOSS","M","?","M","?","M","R","M","R","T","M","R","E","?","?","R","BOSS"],"build_version":"2018-05-30v2","seed_source_timestamp":549714971148623,"purchased_purges":1,"victory":false,"master_deck":["Strike_B+1","Strike_B+1","Defend_B+1","Defend_B+1","Defend_B+1","Defend_B+1","Zap+1","Dualcast","AscendersBane","Self Repair+1","Defragment+1","Reinforced Body","Ball Lightning","Coolheaded","Hologram","Compile Driver","Leap","Capacitor+1","Loop+1","Barrage","Skim","Hologram"],"max_hp_per_floor":[71,71,71,71,71,71,71,71,71,71,71,71,71,71,71,73,73,73,73,73,73,73,73,73,73,73,73,73,75,75,75,75,75],"relics":["Cracked Core","Bag of Marbles","Symbiotic Virus","Singing Bowl","Sozu","Blue Candle","Ginger"],"card_choices":[{"not_picked":["Conserve Battery","Scrape","Steam"],"picked":"SKIP","floor":1},{"not_picked":["Steam","Reinforced Body"],"picked":"Defragment","floor":3},{"not_picked":["Rebound","Consume"],"picked":"Reinforced Body","floor":4},{"not_picked":["Leap","Go for the Eyes"],"picked":"Ball Lightning","floor":5},{"not_picked":["Beam Cell","Double Energy","Stack"],"picked":"SKIP","floor":7},{"not_picked":["Leap","Self Repair"],"picked":"Coolheaded","floor":11},{"not_picked":["Conserve Battery","Force Field"],"picked":"Hologram","floor":13},{"not_picked":["Rainbow","Electrodynamics","Fission"],"picked":"Singing Bowl","floor":16},{"not_picked":["Genetic Algorithm","Steam"],"picked":"Leap","floor":18},{"not_picked":["Compile Driver","Reprogram"],"picked":"Capacitor","floor":20},{"not_picked":["Leap","Turbo"],"picked":"Loop","floor":22},{"not_picked":["BootSequence","Hologram"],"picked":"Barrage","floor":24},{"not_picked":["Gash","Stack"],"picked":"Skim","floor":27},{"not_picked":["Rebound","Machine Learning","Compile Driver"],"picked":"Singing Bowl","floor":29},{"not_picked":["Rebound+1","Conserve Battery"],"picked":"Hologram","floor":31}],"player_experience":1762457,"potions_floor_usage":[7,11,29],"damage_taken":[{"damage":1,"enemies":"Cultist","floor":1,"turns":3},{"damage":11,"enemies":"Small Slimes","floor":3,"turns":4},{"damage":7,"enemies":"Jaw Worm","floor":4,"turns":3},{"damage":16,"enemies":"Blue Slaver","floor":5,"turns":4},{"damage":20,"enemies":"Lots of Slimes","floor":7,"turns":5},{"damage":1,"enemies":"Lagavulin","floor":11,"turns":6},{"damage":0,"enemies":"Gremlin Nob","floor":13,"turns":3},{"damage":13,"enemies":"Slime Boss","floor":16,"turns":8},{"damage":7,"enemies":"3 Byrds","floor":18,"turns":3},{"damage":0,"enemies":"Spheric Guardian","floor":20,"turns":3},{"damage":0,"enemies":"Snecko","floor":22,"turns":4},{"damage":31,"enemies":"Snake Plant","floor":24,"turns":3},{"damage":13,"enemies":"Centurion and Healer","floor":27,"turns":5},{"damage":34,"enemies":"Gremlin Leader","floor":29,"turns":7},{"damage":11,"enemies":"3 Cultists","floor":31,"turns":5},{"damage":67,"enemies":"Collector","floor":33,"turns":5}],"relics_obtained":[{"floor":9,"key":"Bag of Marbles"},{"floor":11,"key":"Symbiotic Virus"},{"floor":13,"key":"Singing Bowl"},{"floor":26,"key":"Blue Candle"},{"floor":29,"key":"Ginger"}],"event_choices":[{"event_name":"Living Wall","player_choice":"Forget","floor":12,"damage_taken":0},{"event_name":"Back to Basics","player_choice":"Simplicity","floor":19,"damage_taken":0},{"event_name":"Match and Keep!","player_choice":"0 cards matched","floor":21,"damage_taken":0},{"event_name":"Drug Dealer","player_choice":"Ignored","floor":30,"damage_taken":0}],"boss_relics":[{"not_picked":["Cursed Key","Philosopher\u0027s Stone"],"picked":"Sozu"}],"items_purged_floors":[14],"potions_floor_spawned":[3,4,7,11,13,27,31],"seed_played":"4205084746490050138","killed_by":"Collector","ascension_level":15,"potions_obtained":[{"floor":3,"key":"Weak Potion"},{"floor":4,"key":"EssenceOfSteel"},{"floor":7,"key":"Explosive Potion"},{"floor":11,"key":"Swift Potion"},{"floor":13,"key":"Swift Potion"}],"is_trial":false}