{"gold_per_floor":[116,128,139,157,157,189,154,154,154,154,182,25,25,25,25,128,128,139,139,150,161,181,181,192,204,279,314,314,339,339,356,356,457,457,472,472,472],"floor_reached":37,"playtime":5031,"items_purged":[],"score":577,"play_id":"37b6cfa6-f6e2-4a1b-9611-6e74cf244e11","local_time":"20190223183416","is_ascension_mode":true,"campfire_choices":[{"data":"Inflame","floor":8,"key":"SMITH"},{"data":"Bash","floor":10,"key":"SMITH"},{"data":"True Grit","floor":13,"key":"SMITH"},{"data":"Iron Wave","floor":15,"key":"SMITH"},{"data":"Heavy Blade","floor":23,"key":"SMITH"},{"data":"Limit Break","floor":28,"key":"SMITH"},{"data":"Disarm","floor":30,"key":"SMITH"},{"floor":32,"key":"REST"}],"neow_cost":"NONE","seed_source_timestamp":734750980554897,"circlet_count":0,"master_deck":["Strike_R","Strike_R","Strike_R","Strike_R+1","Strike_R","Defend_R","Defend_R+1","Defend_R","Defend_R","Bash+1","Inflame+1","Headbutt","Iron Wave+1","True Grit+1","Limit Break+1","Inflame+1","Heavy Blade+1","Seeing Red+1","Intimidate+1","True Grit+1","Disarm+1","Shrug It Off","Demon Form","Madness"],"relics":["Burning Blood","Pocketwatch","Mummified Hand","Sundial","Vajra","Velvet Choker","Matryoshka","Magic Flower","Lantern","Mark of Pain"],"potions_floor_usage":[1,6,6,11,16,27,35],"damage_taken":[{"damage":0,"enemies":"Cultist","floor":1,"turns":4},{"damage":14,"enemies":"Small Slimes","floor":2,"turns":5},{"damage":8,"enemies":"2 Louse","floor":3,"turns":3},{"damage":9,"enemies":"Red Slaver","floor":4,"turns":3},{"damage":18,"enemies":"Gremlin Nob","floor":6,"turns":5},{"damage":8,"enemies":"3 Sentries","floor":11,"turns":7},{"damage":33,"enemies":"Slime Boss","floor":16,"turns":7},{"damage":3,"enemies":"Shell Parasite","floor":18,"turns":5},{"damage":0,"enemies":"Chosen","floor":20,"turns":4},{"damage":9,"enemies":"Snake Plant","floor":21,"turns":4},{"damage":10,"enemies":"3 Cultists","floor":22,"turns":4},{"damage":0,"enemies":"Centurion and Healer","floor":24,"turns":4},{"damage":18,"enemies":"Chosen and Byrds","floor":25,"turns":5},{"damage":11,"enemies":"Gremlin Leader","floor":27,"turns":4},{"damage":15,"enemies":"Book of Stabbing","floor":29,"turns":4},{"damage":7,"enemies":"Cultist and Chosen","floor":31,"turns":6},{"damage":67,"enemies":"Collector","floor":33,"turns":7},{"damage":30,"enemies":"3 Darklings","floor":35,"turns":5}],"seed_played":"188153522937103102","potions_obtained":[{"floor":0,"key":"Energy Potion"},{"floor":0,"key":"Weak Potion"},{"floor":0,"key":"AttackPotion"},{"floor":2,"key":"EssenceOfSteel"},{"floor":3,"key":"EssenceOfSteel"},{"floor":6,"key":"Poison Potion"},{"floor":24,"key":"PowerPotion"},{"floor":29,"key":"SmokeBomb"},{"floor":33,"key":"Fire Potion"}],"is_trial":false,"path_per_floor":["M","M","M","M","?","E","?","R","T","R","E","$","R","$","R","B",null,"M","?","M","M","M","R","M","M","T","E","R","E","R","M","R","B",null,"M","?","M"],"character_chosen":"IRONCLAD","items_purchased":["Vajra"],"campfire_rested":1,"item_purchase_floors":[12],"current_hp_per_floor":[78,70,68,65,49,37,57,57,57,57,55,55,55,55,55,28,67,70,70,76,73,69,69,75,63,63,58,58,52,52,54,78,20,65,44,44,0],"gold":472,"neow_bonus":"THREE_SMALL_POTIONS","is_prod":false,"is_daily":false,"chose_seed":false,"campfire_upgraded":7,"win_rate":0,"timestamp":1550943256,"path_taken":["M","M","M","?","?","E","?","R","T","R","E","$","R","$","R","BOSS","M","?","M","?","M","R","M","M","T","E","R","E","R","M","R","BOSS","M","?","M"],"build_version":"2019-01-23","purchased_purges":0,"victory":false,"max_hp_per_floor":[80,80,80,80,80,80,80,80,80,80,80,80,80,80,80,80,80,80,80,80,80,80,80,80,80,80,80,80,80,80,80,80,80,80,80,80,80],"card_choices":[{"not_picked":["Bloodletting","Shrug It Off"],"picked":"Inflame","floor":1},{"not_picked":["Pummel","Perfected Strike"],"picked":"Headbutt","floor":2},{"not_picked":["Cleave","Fiend Fire"],"picked":"Iron Wave","floor":3},{"not_picked":["Thunderclap","Cleave","Headbutt"],"picked":"SKIP","floor":4},{"not_picked":["Flex","Iron Wave","Clothesline"],"picked":"SKIP","floor":6},{"not_picked":["Havoc","Clothesline"],"picked":"True Grit","floor":11},{"not_picked":["Bludgeon","Demon Form"],"picked":"Limit Break","floor":16},{"not_picked":["Wild Strike","Pommel Strike","Headbutt"],"picked":"SKIP","floor":18},{"not_picked":["Clash+1","Cleave","Inflame"],"picked":"SKIP","floor":20},{"not_picked":["Sever Soul","Sword Boomerang+1"],"picked":"Heavy Blade","floor":21},{"not_picked":["Twin Strike","Sentinel"],"picked":"Seeing Red+1","floor":22},{"not_picked":["Wild Strike","Body Slam","Cleave"],"picked":"SKIP","floor":24},{"not_picked":["Heavy Blade","Entrench"],"picked":"Intimidate+1","floor":25},{"not_picked":["Intimidate","Searing Blow+1"],"picked":"True Grit+1","floor":27},{"not_picked":["Brutality","Spot Weakness"],"picked":"Disarm","floor":29},{"not_picked":["Fire Breathing","Twin Strike+1"],"picked":"Shrug It Off","floor":31},{"not_picked":["Brutality","Juggernaut"],"picked":"Demon Form","floor":33},{"not_picked":["Flex+1","Clash+1","Havoc+1"],"picked":"SKIP","floor":35},{"not_picked":["Dramatic Entrance","Swift Strike"],"picked":"Madness","floor":36}],"player_experience":399517,"relics_obtained":[{"floor":6,"key":"Pocketwatch"},{"floor":9,"key":"Mummified Hand"},{"floor":11,"key":"Sundial"},{"floor":26,"key":"Matryoshka"},{"floor":27,"key":"Magic Flower"},{"floor":29,"key":"Lantern"}],"event_choices":[{"damage_healed":0,"gold_gain":0,"player_choice":"Entered Light","damage_taken":16,"max_hp_gain":0,"max_hp_loss":0,"event_name":"Shining Light","floor":5,"gold_loss":0,"cards_upgraded":["Defend_R","Strike_R"]},{"damage_healed":20,"gold_gain":0,"player_choice":"Healed","damage_taken":0,"max_hp_gain":0,"max_hp_loss":0,"event_name":"The Cleric","floor":7,"gold_loss":35},{"damage_healed":0,"gold_gain":0,"player_choice":"Copied","damage_taken":0,"max_hp_gain":0,"max_hp_loss":0,"event_name":"Duplicator","floor":19,"gold_loss":0,"cards_obtained":["Inflame"]},{"damage_healed":0,"gold_gain":0,"player_choice":"Memory 1","damage_taken":0,"max_hp_gain":0,"max_hp_loss":0,"event_name":"SensoryStone","floor":36,"gold_loss":0}],"is_beta":false,"boss_relics":[{"not_picked":["Calling Bell","Cursed Key"],"picked":"Velvet Choker"},{"not_picked":["Black Star","Black Blood"],"picked":"Mark of Pain"}],"items_purged_floors":[],"is_endless":false,"potions_floor_spawned":[2,3,4,6,24,29,33],"killed_by":"3 Shapes","ascension_level":6}