{"gold_per_floor":[113,38,52,71,146,146,165,65,65,99,114,129,129,154,154,154],"floor_reached":16,"playtime":913,"items_purged":["Strike_R","Strike_R"],"score":168,"play_id":"453dd962-793a-43d3-8dd2-34a6131c3bad","local_time":"20190226180141","is_ascension_mode":true,"campfire_choices":[{"data":"Body Slam","floor":6,"key":"SMITH"},{"data":"Evolve","floor":13,"key":"SMITH"},{"data":"Strike_R","floor":15,"key":"PURGE"}],"neow_cost":"NONE","seed_source_timestamp":996121805624046,"circlet_count":0,"master_deck":["AscendersBane","Strike_R","Strike_R","Defend_R","Defend_R","Defend_R","Defend_R","Bash","Twin Strike","Body Slam+1","Cleave","Shrug It Off","Disarm","Corruption","Evolve+1"],"relics":["Burning Blood","Orichalcum","Blue Candle","FossilizedHelix","Peace Pipe"],"potions_floor_usage":[10,16,16],"damage_taken":[{"damage":9,"enemies":"Small Slimes","floor":1,"turns":4},{"damage":8,"enemies":"2 Louse","floor":3,"turns":3},{"damage":1,"enemies":"Cultist","floor":4,"turns":3},{"damage":10,"enemies":"Looter","floor":7,"turns":3},{"damage":17,"enemies":"Gremlin Nob","floor":10,"turns":4},{"damage":0,"enemies":"Gremlin Gang","floor":11,"turns":3},{"damage":6,"enemies":"3 Louse","floor":12,"turns":3},{"damage":15,"enemies":"3 Sentries","floor":14,"turns":10},{"damage":52,"enemies":"Slime Boss","floor":16,"turns":9}],"seed_played":"4688217978710581011","potions_obtained":[{"floor":4,"key":"FearPotion"},{"floor":11,"key":"BloodPotion"},{"floor":12,"key":"GamblersBrew"}],"is_trial":false,"path_per_floor":["M","$","M","M","?","R","M","$","T","E","M","M","R","E","R","B"],"character_chosen":"IRONCLAD","items_purchased":[],"campfire_rested":0,"item_purchase_floors":[],"current_hp_per_floor":[69,69,67,72,61,61,57,57,57,46,52,52,52,43,43,0],"gold":154,"neow_bonus":"RANDOM_COMMON_RELIC","is_prod":false,"is_daily":false,"chose_seed":false,"campfire_upgraded":2,"win_rate":0,"timestamp":1551200501,"path_taken":["M","$","M","M","?","R","M","$","T","E","M","M","R","E","R","BOSS"],"build_version":"2019-01-23","purchased_purges":2,"victory":false,"max_hp_per_floor":[80,80,80,80,80,80,80,80,80,80,80,80,80,80,80,80],"card_choices":[{"not_picked":["Clothesline","Rupture"],"picked":"Twin Strike","floor":1},{"not_picked":["Clothesline","Burning Pact"],"picked":"Body Slam","floor":3},{"not_picked":["Power Through","Infernal Blade"],"picked":"Cleave","floor":4},{"not_picked":["Twin Strike","Pummel"],"picked":"Shrug It Off","floor":7},{"not_picked":["Wild Strike","Body Slam"],"picked":"Disarm","floor":10},{"not_picked":["Fire Breathing","Clothesline"],"picked":"Corruption","floor":11},{"not_picked":["Clash","Twin Strike"],"picked":"Evolve","floor":12},{"not_picked":["Twin Strike","Hemokinesis","Sever Soul"],"picked":"SKIP","floor":14}],"player_experience":559680,"relics_obtained":[{"floor":9,"key":"Blue Candle"},{"floor":10,"key":"FossilizedHelix"},{"floor":14,"key":"Peace Pipe"}],"event_choices":[{"damage_healed":0,"gold_gain":75,"player_choice":"Gather Gold","damage_taken":11,"max_hp_gain":0,"max_hp_loss":0,"event_name":"World of Goop","floor":5,"gold_loss":0}],"is_beta":false,"boss_relics":[],"items_purged_floors":[2,8],"is_endless":false,"potions_floor_spawned":[4,11,12],"killed_by":"Slime Boss","ascension_level":10}