{"gold_per_floor":[118,138,138,155,120,153,153,178,178,191,191,34,34,2,2,97,97,114,130,23,37,37,37],"floor_reached":23,"playtime":1629,"items_purged":["Strike_G","Underhanded Strike"],"score":259,"play_id":"2b0252ed-8d1d-45e2-9a65-1fed970c8d8c","local_time":"20190223121919","is_ascension_mode":true,"campfire_choices":[{"data":"Neutralize","floor":7,"key":"SMITH"},{"floor":11,"key":"REST"},{"data":"Infinite Blades","floor":13,"key":"SMITH"},{"floor":15,"key":"REST"}],"neow_cost":"NONE","seed_source_timestamp":715650518346033,"circlet_count":0,"master_deck":["Defend_G","Defend_G","Defend_G","Defend_G","Defend_G","Strike_G","Strike_G","Survivor","Neutralize+1","Tactician","Caltrops","Dash","Backflip","PiercingWail","Blade Dance","Infinite Blades+1","Noxious Fumes","Adrenaline","Footwork","Skewer","Phantasmal Killer"],"relics":["Ring of the Snake","The Courier","Shuriken","Tingsha","Blue Candle","WristBlade"],"potions_floor_usage":[6,8,18,19],"damage_taken":[{"damage":5,"enemies":"Small Slimes","floor":1,"turns":6},{"damage":20,"enemies":"Jaw Worm","floor":2,"turns":8},{"damage":0,"enemies":"Cultist","floor":4,"turns":5},{"damage":26,"enemies":"Gremlin Nob","floor":6,"turns":6},{"damage":24,"enemies":"3 Sentries","floor":8,"turns":12},{"damage":6,"enemies":"3 Louse","floor":10,"turns":5},{"damage":41,"enemies":"The Guardian","floor":16,"turns":10},{"damage":1,"enemies":"Spheric Guardian","floor":18,"turns":3},{"damage":12,"enemies":"Chosen","floor":19,"turns":5},{"damage":33,"enemies":"Centurion and Healer","floor":21,"turns":8},{"damage":14,"enemies":"Gremlin Leader","floor":23,"turns":1}],"seed_played":"-6646647973302048677","potions_obtained":[{"floor":1,"key":"Ancient Potion"},{"floor":6,"key":"Explosive Potion"},{"floor":16,"key":"GamblersBrew"},{"floor":18,"key":"Block Potion"}],"is_trial":false,"path_per_floor":["M","M","?","M","?","E","R","E","T","M","R","$","R","$","R","B",null,"M","M","$","M","?","E"],"character_chosen":"THE_SILENT","items_purchased":["Blade Dance","Infinite Blades","Noxious Fumes","Footwork"],"campfire_rested":2,"item_purchase_floors":[12,12,14,20],"current_hp_per_floor":[65,45,38,38,57,31,31,7,7,1,24,24,24,24,47,6,59,58,46,46,13,13,0],"gold":37,"neow_bonus":"TEN_PERCENT_HP_BONUS","is_prod":false,"is_daily":false,"chose_seed":false,"campfire_upgraded":2,"win_rate":0,"timestamp":1550920759,"path_taken":["M","M","?","M","?","E","R","E","T","M","R","?","R","$","R","BOSS","M","M","$","M","?","E"],"build_version":"2019-01-23","purchased_purges":2,"victory":false,"max_hp_per_floor":[77,77,77,77,77,77,77,77,77,77,77,77,77,77,77,77,77,77,77,77,77,77,77],"card_choices":[{"not_picked":["Sucker Punch","Setup"],"picked":"Tactician","floor":1},{"not_picked":["Flying Knee","Slice"],"picked":"Caltrops","floor":2},{"not_picked":["Flying Knee","Acrobatics"],"picked":"Dash","floor":4},{"not_picked":["Skewer","Predator"],"picked":"Backflip","floor":6},{"not_picked":["Flying Knee","Sucker Punch"],"picked":"Underhanded Strike","floor":8},{"not_picked":["Bouncing Flask","Bane"],"picked":"PiercingWail","floor":10},{"not_picked":["Die Die Die","Malaise"],"picked":"Adrenaline","floor":16},{"not_picked":["Flying Knee+1","Finisher","Deflect"],"picked":"SKIP","floor":18},{"not_picked":["Bane+1","Flying Knee+1","Acrobatics+1"],"picked":"SKIP","floor":19},{"not_picked":["Poisoned Stab","Underhanded Strike","Flechettes"],"picked":"SKIP","floor":21}],"player_experience":383279,"relics_obtained":[{"floor":6,"key":"Shuriken"},{"floor":8,"key":"Tingsha"},{"floor":9,"key":"Blue Candle"}],"event_choices":[{"damage_healed":0,"gold_gain":0,"player_choice":"Success","damage_taken":7,"relics_obtained":["The Courier"],"max_hp_gain":0,"max_hp_loss":0,"event_name":"Scrap Ooze","floor":3,"gold_loss":0},{"damage_healed":19,"gold_gain":0,"player_choice":"Healed","damage_taken":0,"max_hp_gain":0,"max_hp_loss":0,"event_name":"The Cleric","floor":5,"gold_loss":35},{"damage_healed":0,"gold_gain":0,"cards_transformed":["Strike_G","Strike_G"],"player_choice":"Became Test Subject","damage_taken":0,"max_hp_gain":0,"max_hp_loss":0,"event_name":"Drug Dealer","floor":22,"gold_loss":0,"cards_obtained":["Skewer","Phantasmal Killer"]}],"is_beta":false,"boss_relics":[{"not_picked":["HoveringKite","Ectoplasm"],"picked":"WristBlade"}],"items_purged_floors":[12,20],"is_endless":false,"potions_floor_spawned":[1,6,16,18],"killed_by":"Gremlin Leader","ascension_level":6}