{"path_per_floor":["M","?","M","M","M","R","E","M","T","R","?","?","E","M","R","B",null,"M","?","?","M","M","R","$","M","T","R","M","$","E","M","R","B",null,"M","M","M","?","M","R","?","R","T","M","?","E","?","M","R","B"],"character_chosen":"DEFECT","items_purchased":["Letter Opener","Coolheaded","Block Potion","Poison Potion"],"gold_per_floor":[112,112,122,134,148,148,181,200,200,200,200,200,226,237,237,335,335,347,347,272,282,300,300,35,46,94,94,111,10,38,51,51,146,146,157,175,189,189,207,207,207,207,231,241,241,274,274,284,284,284],"floor_reached":51,"campfire_rested":2,"playtime":5734,"current_hp_per_floor":[75,75,75,70,70,70,59,59,59,59,44,62,62,54,54,61,75,75,75,75,56,70,70,70,43,43,43,54,54,61,47,75,75,75,75,65,65,55,34,71,71,71,71,75,75,50,69,75,75,19],"items_purged":[],"gold":284,"score":900,"play_id":"c68b1127-6299-446e-bd1f-e2ec161034b7","local_time":"20180427114030","is_prod":false,"is_daily":false,"chose_seed":false,"is_ascension_mode":true,"campfire_upgraded":7,"timestamp":1524854430,"path_taken":["M","?","M","?","M","R","E","M","T","R","?","?","E","?","R","BOSS","M","?","?","?","M","R","?","?","T","R","M","$","E","M","R","BOSS","M","M","?","?","M","R","?","R","T","M","?","E","?","M","R","BOSS"],"build_version":"2018-04-26","seed_source_timestamp":510620937542426,"purchased_purges":1,"victory":true,"master_deck":["Zap","Skim","FTL","Sweeping Beam","Capacitor+1","Undo","White Noise","Stack+1","Defragment+1","Buffer+1","Blaster","Rebound","Ball Lightning+1","Reprogram","Conserve Battery+1","Hyperbeam+1","Echo Form+1","Force Field+1","Self Repair","Coolheaded","Buffer+1","Hello World+1","Amplify","Hologram+1","Recycle+1","Finesse","Dark Shackles","Leap+1","Stack+1","Coolheaded","Stack","Hologram+1"],"max_hp_per_floor":[75,75,75,75,75,75,75,75,75,75,75,75,75,75,75,75,75,75,75,75,75,75,75,75,75,75,75,75,75,75,75,75,75,75,75,75,75,75,75,75,75,75,75,75,75,75,75,75,75,75],"relics":["Pandora\u0027s Box","Bottled Tornado","Omamori","Regal Pillow","Lizard Tail","Letter Opener","Dream Catcher","Question Card","Runic Dome","Juzu Bracelet","Prayer Wheel"],"card_choices":[{"not_picked":["Heatsinks","Skim"],"picked":"Buffer","floor":1},{"not_picked":["Skim","Beam Cell"],"picked":"Blaster","floor":3},{"not_picked":["Beam Cell","Reprogram"],"picked":"Rebound","floor":4},{"not_picked":["Hello World","Rebound"],"picked":"Ball Lightning","floor":5},{"not_picked":["Sweeping Beam","Rebound"],"picked":"Reprogram","floor":7},{"not_picked":["Blaster","Turbo"],"picked":"Conserve Battery","floor":8},{"not_picked":["Static Discharge","Capacitor"],"picked":"White Noise","floor":13},{"not_picked":["Axe Kick","Skim"],"picked":"Hyperbeam","floor":14},{"not_picked":["Hyperbeam","Meteor Strike"],"picked":"Echo Form","floor":16},{"not_picked":["Turbo","Impulse"],"picked":"Force Field","floor":18},{"not_picked":["Axe Kick","Impulse"],"picked":"Self Repair","floor":21},{"not_picked":["Capacitor","Barrage"],"picked":"Buffer","floor":25},{"not_picked":["Barrage","Aggregate"],"picked":"Hello World","floor":30},{"not_picked":["Nova","Rainbow","Redo"],"picked":"Amplify","floor":33},{"not_picked":["Hello World","Ball Lightning","Chill"],"picked":"Hologram","floor":36},{"not_picked":["Storm","Barrage","Turbo"],"picked":"Recycle","floor":37},{"not_picked":["Secret Weapon","Swift Strike","Purity"],"picked":"Finesse","floor":38},{"not_picked":["Transmutation","Secret Weapon","Magnetism"],"picked":"Dark Shackles","floor":38},{"not_picked":["Blaster","Sunder","Impulse"],"picked":"Leap","floor":39},{"not_picked":["Hologram","Rebound","Chill"],"picked":"Stack","floor":40},{"not_picked":["Skim","Turbo","Reprogram"],"picked":"Coolheaded","floor":44},{"not_picked":["Flux Capacitor","Rainbow","Aggregate"],"picked":"Stack","floor":46},{"not_picked":["Go for the Eyes","Streamline","Turbo"],"picked":"Hologram","floor":48}],"player_experience":1250193,"potions_floor_usage":[7,21,25,30,30,39,50,50],"damage_taken":[{"damage":0,"enemies":"Small Slimes","floor":1,"turns":3},{"damage":0,"enemies":"Cultist","floor":3,"turns":4},{"damage":5,"enemies":"2 Louse","floor":4,"turns":4},{"damage":0,"enemies":"Large Slime","floor":5,"turns":5},{"damage":18,"enemies":"3 Sentries","floor":7,"turns":4},{"damage":0,"enemies":"Looter","floor":8,"turns":4},{"damage":0,"enemies":"Gremlin Nob","floor":13,"turns":4},{"damage":8,"enemies":"3 Louse","floor":14,"turns":4},{"damage":0,"enemies":"Slime Boss","floor":16,"turns":8},{"damage":0,"enemies":"Chosen","floor":18,"turns":5},{"damage":26,"enemies":"3 Byrds","floor":21,"turns":5},{"damage":24,"enemies":"Snake Plant","floor":22,"turns":6},{"damage":34,"enemies":"Cultist and Chosen","floor":25,"turns":5},{"damage":3,"enemies":"Sentry and Sphere","floor":28,"turns":8},{"damage":30,"enemies":"Gremlin Leader","floor":30,"turns":7},{"damage":14,"enemies":"Centurion and Healer","floor":31,"turns":4},{"damage":7,"enemies":"Automaton","floor":33,"turns":11},{"damage":0,"enemies":"Flame Bruiser 1 Orb","floor":35,"turns":7},{"damage":10,"enemies":"3 Darklings","floor":36,"turns":4},{"damage":0,"enemies":"4 Shapes","floor":37,"turns":3},{"damage":21,"enemies":"Sphere and 2 Shapes","floor":39,"turns":5},{"damage":0,"enemies":"Maw","floor":44,"turns":8},{"damage":25,"enemies":"2 Orb Walkers","floor":46,"turns":5},{"damage":0,"enemies":"3 Darklings","floor":48,"turns":3},{"damage":56,"enemies":"Time Eater","floor":50,"turns":19}],"event_choices":[{"event_name":"Accursed Blacksmith","player_choice":"Forge","floor":2,"damage_taken":0},{"event_name":"Shining Light","player_choice":"Entered Light","floor":11,"damage_taken":0},{"event_name":"Mushrooms","player_choice":"Healed and dodged fight","floor":12,"damage_taken":0},{"event_name":"Back to Basics","player_choice":"Elegance","floor":19,"damage_taken":0},{"event_name":"Beggar","player_choice":"Gave Gold","floor":20,"damage_taken":0},{"event_name":"SensoryStone","player_choice":"Memory 3","floor":38,"damage_taken":0},{"event_name":"Match and Keep!","player_choice":"0 cards matched","floor":41,"damage_taken":0},{"event_name":"Winding Halls","player_choice":"Writhe","floor":47,"damage_taken":0}],"boss_relics":[{"not_picked":["Calling Bell","Tiny House"],"picked":"Lizard Tail"},{"not_picked":["Velvet Choker","Philosopher\u0027s Stone"],"picked":"Runic Dome"}],"potions_floor_spawned":[1,3,7,8,14,21,30,31,35,37,48],"seed_played":"7632868454425181153","ascension_level":3,"is_trial":false}