{"path_per_floor":["M","M","M","M","M","R","E","?","T","R","E","R","M","M","R","B",null,"M","M","$","?","M","E","R","$","T","R","E","$","?","E","R","B",null,"M","M","$"],"character_chosen":"THE_SILENT","items_purchased":["Mercury Hourglass","Dash"],"gold_per_floor":[111,121,138,150,162,162,195,254,254,254,287,287,303,320,320,415,415,426,437,113,113,127,158,158,84,84,84,113,13,13,40,40,142,142,156,166,116],"floor_reached":38,"campfire_rested":2,"playtime":3877,"current_hp_per_floor":[63,59,57,56,49,49,47,32,32,32,30,30,29,28,28,15,56,45,42,42,70,44,31,67,67,67,67,60,60,47,27,64,16,60,32,10,10],"items_purged":["Strike_G","Strike_G","Strike_G"],"gold":116,"score":532,"play_id":"f7d78a6c-b476-4c53-a12b-a790a8458b90","is_prod":false,"is_daily":false,"is_ascension_mode":true,"campfire_upgraded":5,"path_taken":["M","M","M","M","M","R","E","?","T","R","E","R","M","M","R","BOSS","M","M","$","?","M","E","R","$","T","R","E","?","?","E","R","BOSS","M","M","$","M"],"build_version":"2018-02-08-BETA1","purchased_purges":4,"victory":false,"master_deck":["Defend_G","Defend_G","Defend_G","Defend_G","Defend_G+1","Strike_G","Strike_G","Survivor+1","Neutralize+1","Backstab","Caltrops+1","Glass Knife+1","Poisoned Stab+1","Venomology","Night Terror","Dagger Spray+1","Noxious Fumes+1","Skewer+1","Dash+1","Eviscerate+1","A Thousand Cuts"],"max_hp_per_floor":[70,70,70,70,70,70,70,70,70,70,70,70,70,70,70,70,70,70,70,70,70,70,70,70,70,70,70,70,70,75,75,75,75,75,75,75,75],"relics":["Ring of the Snake","Molten Egg 2","Centennial Puzzle","Regal Pillow","Toolbox","Snecko Eye","Mercury Hourglass","Paper Crane","Torii","Lantern","Smiling Mask","Sozu"],"card_choices":[{"not_picked":["Backflip","Blur"],"picked":"Backstab"},{"not_picked":["Crippling Poison","Malaise"],"picked":"Well Laid Plans"},{"not_picked":["Sucker Punch","Prepared"],"picked":"Caltrops"},{"not_picked":["Cloak And Dagger","Infinite Blades"],"picked":"Glass Knife"},{"not_picked":["Eviscerate","Acrobatics"],"picked":"Poisoned Stab"},{"not_picked":["Envenom","Deadly Poison"],"picked":"Venomology"},{"not_picked":["Venomology","Phantasmal Killer"],"picked":"Night Terror"},{"not_picked":["Deadly Poison","Outmaneuver"],"picked":"Dagger Spray"},{"not_picked":["Accuracy","Backstab"],"picked":"Noxious Fumes"},{"not_picked":["Cloak And Dagger","Flying Knee"],"picked":"Skewer"},{"not_picked":["Poisoned Stab","Unload"],"picked":"Eviscerate"},{"not_picked":["Glass Knife","Unload"],"picked":"A Thousand Cuts"}],"player_experience":97628,"potions_floor_usage":[7,8,11,16,16,18,22,23,31,31,33],"damage_taken":[{"damage":0,"enemies":"Cultist","floor":1,"turns":5},{"damage":4,"enemies":"Small Slimes","floor":2,"turns":5},{"damage":2,"enemies":"Jaw Worm","floor":3,"turns":4},{"damage":1,"enemies":"3 Louse","floor":4,"turns":3},{"damage":7,"enemies":"Gremlin Gang","floor":5,"turns":6},{"damage":2,"enemies":"Lagavulin","floor":7,"turns":6},{"damage":15,"enemies":"Gremlin Nob","floor":8,"turns":4},{"damage":2,"enemies":"Gremlin Nob","floor":11,"turns":3},{"damage":1,"enemies":"Exordium Wildlife","floor":13,"turns":4},{"damage":1,"enemies":"Exordium Thugs","floor":14,"turns":3},{"damage":13,"enemies":"Hexaghost","floor":16,"turns":8},{"damage":11,"enemies":"2 Thieves","floor":18,"turns":3},{"damage":3,"enemies":"3 Byrds","floor":19,"turns":4},{"damage":26,"enemies":"Cultist and Chosen","floor":22,"turns":4},{"damage":13,"enemies":"Slavers","floor":23,"turns":3},{"damage":7,"enemies":"Gremlin Leader","floor":28,"turns":5},{"damage":20,"enemies":"Slavers","floor":31,"turns":4},{"damage":48,"enemies":"Champ","floor":33,"turns":12},{"damage":28,"enemies":"3 Shapes","floor":35,"turns":5},{"damage":22,"enemies":"Flame Bruiser 1 Orb","floor":36,"turns":4},{"damage":19,"enemies":"4 Shapes","floor":38,"turns":3}],"event_choices":[{"event_name":"Dead Adventurer","player_choice":"Searched \u00271\u0027 times","floor":8,"damage_taken":0},{"event_name":"Bonfire Elementals","player_choice":"UNCOMMON","floor":21,"damage_taken":0},{"event_name":"Forgotten Altar","player_choice":"Shed Blood","floor":30,"damage_taken":0}],"boss_relics":[{"not_picked":["Runic Dome","Tiny House"],"picked":"Snecko Eye"},{"not_picked":["Velvet Choker","Philosopher\u0027s Stone"],"picked":"Sozu"}],"potions_floor_spawned":[1,4,8,11,16,19,23,31,33,35],"seed_played":"-5717425237360105410","killed_by":"4 Shapes","ascension_level":7,"is_trial":false}