{"gold_per_floor":[119,136,211,225,245,245,280,280,280,311,311,311,321,20,20,124,124,137,137,10,10,10,26,26,37,37,51,16,16,28,45,45,45],"floor_reached":33,"playtime":1465,"items_purged":["Strike_G+1"],"score":360,"play_id":"d4419ad5-9165-45b1-b070-ab3230f9e445","local_time":"20190225140951","is_ascension_mode":true,"campfire_choices":[{"data":"Noxious Fumes","floor":6,"key":"SMITH"},{"data":"Neutralize","floor":8,"key":"SMITH"},{"data":"Terror","floor":12,"key":"SMITH"},{"data":"Dodge and Roll","floor":15,"key":"SMITH"},{"data":"Noxious Fumes","floor":29,"key":"SMITH"},{"data":"Blur","floor":32,"key":"SMITH"}],"neow_cost":"NONE","seed_source_timestamp":895249074225278,"circlet_count":0,"master_deck":["Defend_G+1","Defend_G+1","Defend_G+1","Defend_G+1","Defend_G+1","Strike_G+1","Strike_G+1","Strike_G+1","Strike_G+1","Survivor","Neutralize+1","Noxious Fumes+1","Cloak And Dagger","Backflip","Accuracy","Terror+1","Dodge and Roll+1","After Image","Dagger Spray","Blade Dance","Cloak And Dagger","Crippling Poison","PiercingWail","Noxious Fumes+1","Blur+1"],"relics":["Coffee Dripper","Omamori","Centennial Puzzle","Letter Opener","Ancient Tea Set","Art of War","Cursed Key","PreservedInsect"],"potions_floor_usage":[2,5,31,33,33],"damage_taken":[{"damage":0,"enemies":"2 Louse","floor":1,"turns":3},{"damage":0,"enemies":"Small Slimes","floor":2,"turns":5},{"damage":2,"enemies":"Jaw Worm","floor":4,"turns":5},{"damage":17,"enemies":"Large Slime","floor":5,"turns":8},{"damage":15,"enemies":"3 Sentries","floor":7,"turns":8},{"damage":7,"enemies":"Lagavulin","floor":10,"turns":8},{"damage":3,"enemies":"Looter","floor":13,"turns":3},{"damage":1,"enemies":"The Guardian","floor":16,"turns":10},{"damage":6,"enemies":"Chosen","floor":18,"turns":6},{"damage":3,"enemies":"Spheric Guardian","floor":23,"turns":4},{"damage":7,"enemies":"Shelled Parasite and Fungi","floor":25,"turns":6},{"damage":16,"enemies":"Centurion and Healer","floor":27,"turns":5},{"damage":0,"enemies":"3 Cultists","floor":30,"turns":5},{"damage":4,"enemies":"Snake Plant","floor":31,"turns":4},{"damage":35,"enemies":"Champ","floor":33,"turns":12}],"seed_played":"1019366049528206505","potions_obtained":[{"floor":1,"key":"SpeedPotion"},{"floor":4,"key":"Weak Potion"},{"floor":16,"key":"Poison Potion"},{"floor":23,"key":"Explosive Potion"},{"floor":25,"key":"Ancient Potion"},{"floor":27,"key":"Energy Potion"}],"is_trial":false,"path_per_floor":["M","M","?","M","M","R","E","R","T","E","?","R","M","$","R","B",null,"M","?","$","?","?","M","$","M","T","M","$","R","M","M","R","B"],"character_chosen":"THE_SILENT","items_purchased":["Ancient Tea Set","Art of War","Blade Dance","Noxious Fumes"],"campfire_rested":0,"item_purchase_floors":[14,14,20,28],"current_hp_per_floor":[63,63,52,50,33,33,18,18,18,11,11,11,8,8,8,7,54,48,48,48,48,48,45,45,38,38,22,22,22,22,18,18,0],"gold":45,"neow_bonus":"BOSS_RELIC","is_prod":false,"is_daily":false,"chose_seed":false,"campfire_upgraded":6,"win_rate":0,"timestamp":1551100191,"path_taken":["M","M","?","M","M","R","E","R","T","E","?","R","M","$","R","BOSS","M","?","$","?","?","M","?","M","T","M","$","R","M","M","R","BOSS"],"build_version":"2019-01-23","purchased_purges":1,"victory":false,"max_hp_per_floor":[70,70,70,70,70,70,70,70,70,70,70,70,70,70,70,70,70,70,70,70,70,70,70,70,70,70,70,70,70,70,70,70,70],"card_choices":[{"not_picked":["Predator","Infinite Blades"],"picked":"Noxious Fumes","floor":1},{"not_picked":["Blade Dance","Prepared"],"picked":"Cloak And Dagger","floor":2},{"not_picked":["Dagger Throw","Poisoned Stab","Heel Hook"],"picked":"SKIP","floor":4},{"not_picked":["Flying Knee","Sucker Punch"],"picked":"Backflip","floor":5},{"not_picked":["Cloak And Dagger","Tools of the Trade"],"picked":"Accuracy","floor":7},{"not_picked":["Heel Hook","Deadly Poison"],"picked":"Terror","floor":10},{"not_picked":["Poisoned Stab","Bane"],"picked":"Dodge and Roll","floor":13},{"not_picked":["Die Die Die","Storm of Steel"],"picked":"After Image","floor":16},{"not_picked":["Backflip","Sucker Punch"],"picked":"Dagger Spray","floor":18},{"not_picked":["Finisher","Flying Knee"],"picked":"Crippling Poison","floor":23},{"not_picked":["Tactician+1","Bane","Quick Slash"],"picked":"SKIP","floor":25},{"not_picked":["Blade Dance","Dagger Throw+1"],"picked":"PiercingWail","floor":27},{"not_picked":["Dagger Spray+1","Bane","Masterful Stab"],"picked":"SKIP","floor":30},{"not_picked":["Poisoned Stab","Flechettes"],"picked":"Blur","floor":31}],"player_experience":495138,"relics_obtained":[{"floor":7,"key":"Omamori"},{"floor":9,"key":"Centennial Puzzle"},{"floor":10,"key":"Letter Opener"},{"floor":26,"key":"PreservedInsect"}],"event_choices":[{"damage_healed":0,"gold_gain":75,"player_choice":"Gather Gold","damage_taken":11,"max_hp_gain":0,"max_hp_loss":0,"event_name":"World of Goop","floor":3,"gold_loss":0},{"damage_healed":0,"gold_gain":0,"player_choice":"Ignored","damage_taken":0,"max_hp_gain":0,"max_hp_loss":0,"event_name":"Liars Game","floor":11,"gold_loss":0},{"damage_healed":0,"gold_gain":0,"player_choice":"Simplicity","damage_taken":0,"max_hp_gain":0,"max_hp_loss":0,"event_name":"Back to Basics","floor":19,"gold_loss":0,"cards_upgraded":["Defend_G","Defend_G","Defend_G","Defend_G","Defend_G","Strike_G","Strike_G","Strike_G","Strike_G","Strike_G"]},{"damage_healed":0,"gold_gain":0,"player_choice":"Ignored","damage_taken":0,"max_hp_gain":0,"max_hp_loss":0,"event_name":"Beggar","floor":21,"gold_loss":0},{"damage_healed":0,"gold_gain":0,"player_choice":"Read","damage_taken":0,"max_hp_gain":0,"max_hp_loss":0,"event_name":"The Library","floor":22,"gold_loss":0,"cards_obtained":["Cloak And Dagger"]}],"is_beta":false,"boss_relics":[{"not_picked":["Pandora\u0027s Box","Lizard Tail"],"picked":"Cursed Key"}],"items_purged_floors":[20],"is_endless":false,"potions_floor_spawned":[1,4,16,23,25,27],"killed_by":"Champ","ascension_level":8}