{"gold_per_floor":[117,135,135,155,173,173,217,235,235,250,266,266,309,279,279,369,369,383,383,398,417,430,471,471,498,498,548,584,2,2,40,40,129,129,154,154,29,47,62,62,82,82,108,129,129,152,52,95,95,95,95,95,20,64,64],"floor_reached":56,"playtime":3901,"items_purged":["Defend_B","Strike_B+1"],"score":2160,"play_id":"533bfadb-6155-41f6-8e1b-8c895eaef783","local_time":"20190226173753","is_ascension_mode":true,"campfire_choices":[{"floor":6,"key":"REST"},{"floor":12,"key":"REST"},{"data":"Barrage","floor":15,"key":"SMITH"},{"data":"Defragment","floor":24,"key":"SMITH"},{"data":"Biased Cognition","floor":32,"key":"SMITH"},{"data":"Blizzard","floor":40,"key":"SMITH"},{"data":"Buffer","floor":42,"key":"SMITH"},{"data":"Coolheaded","floor":45,"key":"SMITH"},{"floor":49,"key":"RECALL"},{"data":"Electrodynamics","floor":52,"key":"SMITH"}],"neow_cost":"NONE","seed_source_timestamp":323192242132306,"circlet_count":0,"master_deck":["AscendersBane","Defend_B","Defend_B","Defend_B","Zap","Dualcast","Auto Shields","Glacier","Barrage+1","Self Repair","Compile Driver+1","Ball Lightning","Coolheaded+1","Chill","Skim","Core Surge","Defragment+1","Amplify+1","Defragment+1","Coolheaded+1","Biased Cognition+1","Blizzard+1","Buffer+1","Electrodynamics+1","Coolheaded+1","Parasite","Coolheaded+1","FTL+1","Recycle+1"],"relics":["Runic Dome","Golden Idol","Bronze Scales","Mercury Hourglass","Bag of Marbles","Astrolabe","Toxic Egg 2","Pocketwatch","Happy Flower","Singing Bowl","Red Mask","ClockworkSouvenir","Oddly Smooth Stone","Whetstone","Busted Crown","Vajra","Question Card","Dodecahedron"],"potions_floor_usage":[5,7,13,22,23,28,46,55,55],"damage_taken":[{"damage":11,"enemies":"Small Slimes","floor":1,"turns":4},{"damage":0,"enemies":"2 Louse","floor":2,"turns":2},{"damage":0,"enemies":"Cultist","floor":4,"turns":5},{"damage":13,"enemies":"Gremlin Gang","floor":5,"turns":7},{"damage":17,"enemies":"3 Sentries","floor":7,"turns":12},{"damage":19,"enemies":"Exordium Thugs","floor":8,"turns":5},{"damage":3,"enemies":"Exordium Wildlife","floor":10,"turns":3},{"damage":11,"enemies":"Looter","floor":11,"turns":3},{"damage":35,"enemies":"Gremlin Nob","floor":13,"turns":5},{"damage":26,"enemies":"Hexaghost","floor":16,"turns":10},{"damage":14,"enemies":"2 Thieves","floor":18,"turns":4},{"damage":0,"enemies":"Spheric Guardian","floor":20,"turns":5},{"damage":30,"enemies":"Cultist and Chosen","floor":21,"turns":5},{"damage":0,"enemies":"3 Cultists","floor":22,"turns":4},{"damage":13,"enemies":"Gremlin Leader","floor":23,"turns":9},{"damage":3,"enemies":"Masked Bandits","floor":28,"turns":5},{"damage":20,"enemies":"Slavers","floor":31,"turns":6},{"damage":4,"enemies":"Automaton","floor":33,"turns":12},{"damage":12,"enemies":"Orb Walker","floor":35,"turns":4},{"damage":8,"enemies":"3 Darklings","floor":38,"turns":5},{"damage":9,"enemies":"Sphere and 2 Shapes","floor":39,"turns":5},{"damage":0,"enemies":"4 Shapes","floor":41,"turns":2},{"damage":6,"enemies":"Writhing Mass","floor":44,"turns":6},{"damage":9,"enemies":"Transient","floor":46,"turns":6},{"damage":0,"enemies":"Nemesis","floor":48,"turns":7},{"damage":24,"enemies":"Awakened One","floor":50,"turns":17},{"damage":16,"enemies":"Shield and Spear","floor":54,"turns":5},{"damage":23,"enemies":"The Heart","floor":55,"turns":12}],"seed_played":"1113494395251840360","potions_obtained":[{"floor":1,"key":"Swift Potion"},{"floor":4,"key":"AttackPotion"},{"floor":8,"key":"Block Potion"},{"floor":14,"key":"FairyPotion"},{"floor":14,"key":"FairyPotion"},{"floor":16,"key":"Dexterity Potion"},{"floor":20,"key":"GamblersBrew"},{"floor":21,"key":"PowerPotion"},{"floor":22,"key":"Poison Potion"},{"floor":31,"key":"FearPotion"},{"floor":38,"key":"FocusPotion"},{"floor":39,"key":"GamblersBrew"},{"floor":46,"key":"LiquidBronze"}],"is_trial":false,"path_per_floor":["M","M","?","M","M","R","E","M","T","M","M","R","E","?","R","B",null,"M","?","M","M","M","E","R","T","T","?","?","$","?","E","R","B",null,"M","?","$","M","M","R","M","R","T","M","R","M","$","E","R","B",null,"R","$","E","B",null],"character_chosen":"DEFECT","items_purchased":["Biased Cognition","Blizzard","ClockworkSouvenir","Oddly Smooth Stone","Coolheaded+1","Recycle+1"],"campfire_rested":2,"item_purchase_floors":[29,29,29,29,37,53],"current_hp_per_floor":[53,53,29,29,16,37,27,15,15,19,15,36,8,8,8,8,55,55,55,62,39,46,40,40,40,40,40,53,53,53,40,40,43,66,63,63,63,71,71,71,73,73,73,74,74,79,79,83,83,66,79,79,79,79,63],"gold":64,"neow_bonus":"BOSS_RELIC","is_prod":false,"is_daily":false,"chose_seed":false,"campfire_upgraded":7,"win_rate":0,"timestamp":1551231473,"path_taken":["M","M","?","M","M","R","E","M","T","M","M","R","E","?","R","BOSS","M","?","M","M","?","E","R","?","T","?","?","?","?","E","R","BOSS","M","?","$","M","M","R","M","R","T","M","R","M","$","E","R","BOSS","R","$","E","BOSS"],"build_version":"2019-01-23","purchased_purges":2,"victory":true,"max_hp_per_floor":[71,71,71,71,71,71,71,71,71,71,71,71,71,71,71,71,71,71,71,71,71,71,71,71,71,71,71,73,73,73,73,73,73,73,75,75,75,77,79,79,81,81,81,81,81,81,81,83,83,83,83,83,83,85,85],"card_choices":[{"not_picked":["Heatsinks","Steam"],"picked":"Auto Shields","floor":1},{"not_picked":["Hologram","Cold Snap"],"picked":"Glacier","floor":2},{"not_picked":["Go for the Eyes","Rebound"],"picked":"Barrage","floor":4},{"not_picked":["Barrage","White Noise"],"picked":"Self Repair","floor":5},{"not_picked":["Meteor Strike","Hologram"],"picked":"Compile Driver","floor":7},{"not_picked":["Hello World","White Noise"],"picked":"Ball Lightning","floor":8},{"not_picked":["Beam Cell","Hologram"],"picked":"Coolheaded","floor":10},{"not_picked":["Aggregate","Sweeping Beam"],"picked":"Chill","floor":11},{"not_picked":["Auto Shields","Leap"],"picked":"Skim","floor":13},{"not_picked":["Hyperbeam","All For One"],"picked":"Core Surge","floor":16},{"not_picked":["Leap","Rebound"],"picked":"Defragment","floor":18},{"not_picked":["Redo+1","Ball Lightning"],"picked":"Coolheaded+1","floor":20},{"not_picked":["Chaos+1","Rebound","Barrage"],"picked":"SKIP","floor":21},{"not_picked":["Beam Cell","Scrape+1","Reinforced Body+1"],"picked":"SKIP","floor":22},{"not_picked":["Leap+1","Rip and Tear","Self Repair"],"picked":"SKIP","floor":23},{"not_picked":["Leap+1","Rip and Tear","Self Repair"],"picked":"SKIP","floor":23},{"not_picked":["Sweeping Beam","Lockon","Leap+1"],"picked":"Singing Bowl","floor":28},{"not_picked":["Beam Cell","Gash"],"picked":"Buffer","floor":31},{"not_picked":["All For One","Amplify+1"],"picked":"Electrodynamics","floor":33},{"not_picked":["Barrage"],"picked":"Singing Bowl","floor":35},{"not_picked":["Beam Cell"],"picked":"Singing Bowl","floor":38},{"not_picked":["Force Field+1"],"picked":"Singing Bowl","floor":39},{"not_picked":["Undo+1"],"picked":"Singing Bowl","floor":41},{"not_picked":[],"picked":"Coolheaded+1","floor":44},{"not_picked":[],"picked":"FTL+1","floor":46},{"not_picked":["Compile Driver"],"picked":"Singing Bowl","floor":48},{"not_picked":["Rebound","Gash"],"picked":"Singing Bowl","floor":54}],"player_experience":879798,"relics_obtained":[{"floor":7,"key":"Bronze Scales"},{"floor":9,"key":"Mercury Hourglass"},{"floor":13,"key":"Bag of Marbles"},{"floor":23,"key":"Pocketwatch"},{"floor":25,"key":"Happy Flower"},{"floor":26,"key":"Singing Bowl"},{"floor":28,"key":"Red Mask"},{"floor":31,"key":"Whetstone"},{"floor":36,"key":"Vajra"},{"floor":48,"key":"Question Card"},{"floor":54,"key":"Dodecahedron"}],"event_choices":[{"damage_healed":0,"gold_gain":0,"player_choice":"Take Damage","damage_taken":24,"relics_obtained":["Golden Idol"],"max_hp_gain":0,"max_hp_loss":0,"event_name":"Golden Idol","floor":3,"gold_loss":0},{"damage_healed":0,"gold_gain":0,"player_choice":"Bought 2 Potions","damage_taken":0,"max_hp_gain":0,"max_hp_loss":0,"event_name":"The Woman in Blue","floor":14,"gold_loss":0},{"cards_removed":["Hello World"],"damage_healed":0,"gold_gain":0,"player_choice":"Gave Card","damage_taken":0,"relics_obtained":["Toxic Egg 2"],"max_hp_gain":0,"max_hp_loss":0,"event_name":"WeMeetAgain","floor":19,"gold_loss":0},{"damage_healed":0,"gold_gain":50,"player_choice":"Stole From Cult","damage_taken":0,"max_hp_gain":0,"max_hp_loss":0,"event_name":"Nest","floor":27,"gold_loss":0},{"damage_healed":0,"gold_gain":0,"player_choice":"Fought Bandits","damage_taken":0,"max_hp_gain":0,"max_hp_loss":0,"event_name":"Masked Bandits","floor":28,"gold_loss":0},{"damage_healed":0,"gold_gain":0,"player_choice":"Ignored","damage_taken":0,"max_hp_gain":0,"max_hp_loss":0,"event_name":"The Mausoleum","floor":30,"gold_loss":0},{"damage_healed":0,"gold_gain":0,"player_choice":"Relic","damage_taken":0,"max_hp_gain":0,"max_hp_loss":0,"event_name":"Wheel of Change","floor":36,"gold_loss":0}],"is_beta":false,"boss_relics":[{"not_picked":["Coffee Dripper","Runic Pyramid"],"picked":"Astrolabe"},{"not_picked":["Velvet Choker","Calling Bell"],"picked":"Busted Crown"}],"items_purged_floors":[37,47],"is_endless":false,"potions_floor_spawned":[1,4,8,16,20,21,22,31,38,39,41,46],"ascension_level":19}