{"path_per_floor":["M","?","M","M","?","R","E","R","T","$","R","$","E","M","R","B",null,"M","?","M","$","M","E","?","R","T","R","?","E","$","M","R","B",null,"M","?","$","M","?","R","E","R","T","R","M","?","M","M","R","B"],"character_chosen":"DEFECT","items_purchased":["Ball Lightning","All For One","FTL","Turbo","Doom and Gloom","Blind","Conserve Battery","Hologram","Happy Flower","SpeedPotion","Vajra","Leap"],"gold_per_floor":[118,118,136,206,256,256,284,284,284,237,237,27,59,120,120,192,192,212,262,279,54,73,98,180,180,180,180,230,262,39,57,57,134,134,149,199,2,17,122,122,147,147,147,147,165,215,230,249,249,249],"floor_reached":51,"campfire_rested":3,"playtime":5417,"item_purchase_floors":[10,12,12,21,21,21,30,30,30,30,37,37],"current_hp_per_floor":[78,78,77,77,54,54,24,47,47,47,47,47,23,23,46,24,65,61,77,77,77,61,48,57,57,57,57,57,45,45,45,45,45,70,47,88,88,86,77,77,74,74,74,74,74,74,74,70,88,72],"items_purged":[],"gold":249,"score":1399,"play_id":"d3bb55a2-1f52-48bd-b25c-53b2750d925e","local_time":"20180623160523","is_prod":false,"is_daily":false,"chose_seed":false,"is_ascension_mode":true,"campfire_upgraded":8,"win_rate":0,"timestamp":1529795123,"campfire_choices":[{"data":"Streamline","floor":6,"key":"SMITH"},{"floor":8,"key":"REST"},{"data":"Zap","floor":11,"key":"SMITH"},{"floor":15,"key":"REST"},{"data":"Defragment","floor":25,"key":"SMITH"},{"data":"Dualcast","floor":27,"key":"SMITH"},{"data":"Capacitor","floor":32,"key":"SMITH"},{"data":"Capacitor","floor":40,"key":"SMITH"},{"data":"Hologram","floor":42,"key":"SMITH"},{"data":"Hologram","floor":44,"key":"SMITH"},{"floor":49,"key":"REST"}],"path_taken":["M","?","M","?","?","R","E","R","T","$","R","$","E","?","R","BOSS","M","?","M","$","M","E","?","R","T","R","?","E","?","M","R","BOSS","M","?","$","M","?","R","E","R","T","R","M","?","M","M","R","BOSS"],"build_version":"2018-06-21","seed_source_timestamp":176066564419040,"purchased_purges":0,"circlet_count":0,"victory":true,"master_deck":["Zap+1","Dualcast+1","AscendersBane","Streamline+1","Capacitor+1","Chill","Ball Lightning","All For One","FTL","Leap","Coolheaded","Core Surge","Rebound","Undo","Aggregate","FTL","Beam Cell","Skim","Sweeping Beam","Double Energy","Defragment+1","Skim","Turbo","Doom and Gloom","Blind","Stack","Auto Shields","Conserve Battery","Hologram+1","Hologram+1","Cold Snap+1","Leap","Capacitor+1","Coolheaded","Conserve Battery","Finesse","Recycle+1","Glacier"],"max_hp_per_floor":[78,78,78,78,78,78,78,78,78,78,78,78,78,78,78,78,78,78,78,78,78,78,78,78,78,78,78,78,78,78,78,78,78,78,78,88,88,88,88,88,88,88,88,88,88,88,88,88,88,88],"relics":["Cracked Core","Mango","SsserpentHead","Bottled Lightning","Orichalcum","Ginger","Pandora\u0027s Box","Juzu Bracelet","Red Mask","Blue Candle","Centennial Puzzle","Happy Flower","Runic Pyramid","Vajra","Ice Cream","Turnip"],"card_choices":[{"not_picked":["Storm","Rebound","Redo"],"picked":"SKIP","floor":1},{"not_picked":["Coolheaded","Lockon"],"picked":"Streamline","floor":3},{"not_picked":["Rebound","Steam"],"picked":"Capacitor","floor":4},{"not_picked":["Recycle","Stack"],"picked":"Chill","floor":7},{"not_picked":["Steam Power","Sweeping Beam"],"picked":"Leap","floor":13},{"not_picked":["Stack","Steam Power"],"picked":"Coolheaded","floor":14},{"not_picked":["Thunder Strike","Meteor Strike"],"picked":"Core Surge","floor":16},{"not_picked":["Recycle","Reinforced Body"],"picked":"Defragment","floor":18},{"not_picked":["Coolheaded","Chill"],"picked":"Skim","floor":20},{"not_picked":["Aggregate","Consume","Gash"],"picked":"SKIP","floor":22},{"not_picked":["Meteor Strike","Consume","Rip and Tear"],"picked":"SKIP","floor":23},{"not_picked":["Chill","Beam Cell+1"],"picked":"Stack","floor":24},{"not_picked":["Compile Driver","Double Energy+1"],"picked":"Auto Shields","floor":29},{"not_picked":["Genetic Algorithm+1","Sweeping Beam"],"picked":"Hologram","floor":31},{"not_picked":["Fission","Multi-Cast"],"picked":"Buffer","floor":33},{"not_picked":["Auto Shields","Reinforced Body"],"picked":"Cold Snap+1","floor":35},{"not_picked":["Leap","Glacier"],"picked":"Capacitor","floor":38},{"not_picked":["Go for the Eyes","Sweeping Beam+1"],"picked":"Coolheaded","floor":39},{"not_picked":["Lockon","Sweeping Beam","Heatsinks"],"picked":"SKIP","floor":41},{"not_picked":["Lockon+1","Reprogram"],"picked":"Conserve Battery","floor":45},{"not_picked":["Good Instincts","Secret Technique"],"picked":"Finesse","floor":46},{"not_picked":["Beam Cell","Leap"],"picked":"Recycle+1","floor":47},{"not_picked":["Blizzard","Rebound"],"picked":"Glacier","floor":48}],"player_experience":1974467,"potions_floor_usage":[23,23,23,24,24,50,50],"damage_taken":[{"damage":0,"enemies":"2 Louse","floor":1,"turns":2},{"damage":1,"enemies":"Cultist","floor":3,"turns":3},{"damage":0,"enemies":"Small Slimes","floor":4,"turns":3},{"damage":30,"enemies":"Gremlin Nob","floor":7,"turns":5},{"damage":24,"enemies":"Lagavulin","floor":13,"turns":6},{"damage":0,"enemies":"Gremlin Gang","floor":14,"turns":4},{"damage":22,"enemies":"The Guardian","floor":16,"turns":11},{"damage":4,"enemies":"Shell Parasite","floor":18,"turns":5},{"damage":0,"enemies":"3 Byrds","floor":20,"turns":4},{"damage":16,"enemies":"Snake Plant","floor":22,"turns":3},{"damage":13,"enemies":"Book of Stabbing","floor":23,"turns":4},{"damage":0,"floor":24,"turns":3},{"damage":12,"enemies":"Slavers","floor":29,"turns":4},{"damage":0,"enemies":"Chosen and Byrds","floor":31,"turns":4},{"damage":0,"enemies":"Champ","floor":33,"turns":20},{"damage":23,"enemies":"3 Darklings","floor":35,"turns":7},{"damage":2,"enemies":"3 Shapes","floor":38,"turns":4},{"damage":9,"floor":39,"turns":5},{"damage":3,"enemies":"2 Orb Walkers","floor":41,"turns":4},{"damage":0,"enemies":"Flame Bruiser 2 Orb","floor":45,"turns":4},{"damage":0,"enemies":"Maw","floor":47,"turns":6},{"damage":4,"enemies":"Spire Growth","floor":48,"turns":4},{"damage":16,"enemies":"Donu and Deca","floor":50,"turns":9}],"relics_obtained":[{"floor":7,"key":"Bottled Lightning"},{"floor":9,"key":"Orichalcum"},{"floor":13,"key":"Ginger"},{"floor":23,"key":"Juzu Bracelet"},{"floor":24,"key":"Red Mask"},{"floor":26,"key":"Blue Candle"},{"floor":29,"key":"Centennial Puzzle"},{"floor":39,"key":"Ice Cream"},{"floor":43,"key":"Turnip"}],"event_choices":[{"event_name":"FaceTrader","player_choice":"Took Mask Of The Ssserpant","floor":2,"damage_taken":0},{"event_name":"Shining Light","player_choice":"Entered Light","floor":5,"damage_taken":0},{"event_name":"The Library","player_choice":"Heal","floor":19,"damage_taken":0},{"event_name":"Masked Bandits","player_choice":"Fought over 148 gold","floor":24,"damage_taken":0},{"event_name":"The Mausoleum","player_choice":"No","floor":28,"damage_taken":0},{"event_name":"Bonfire Elementals","player_choice":"RARE","floor":36,"damage_taken":0},{"event_name":"Mysterious Sphere","player_choice":"Fight","floor":39,"damage_taken":0},{"event_name":"SensoryStone","player_choice":"Memory 1","floor":46,"damage_taken":0}],"boss_relics":[{"not_picked":["Philosopher\u0027s Stone","White Beast Statue"],"picked":"Pandora\u0027s Box"},{"not_picked":["Black Star","Eternal Feather"],"picked":"Runic Pyramid"}],"items_purged_floors":[],"is_endless":false,"potions_floor_spawned":[1,14,16,18,22,23,29,35,41,45,47],"seed_played":"-323462679338802427","ascension_level":15,"potions_obtained":[{"floor":1,"key":"Ancient Potion"},{"floor":14,"key":"Explosive Potion"},{"floor":16,"key":"EntropicBrew"},{"floor":23,"key":"AttackPotion"},{"floor":29,"key":"EntropicBrew"}],"is_trial":false}