{"gold_per_floor":[115,125,125,125,50,76,76,90,90,90,122,138,138,166,166,261,261,273,273,273,40,40,65,65,93,93,93,109,125,158,174,174,271,271,287,303,403,421,128,128,141,141,168,168,168,50,50,50,50,50],"floor_reached":51,"playtime":2767,"items_purged":["Regret","Strike_B"],"score":816,"play_id":"43d088da-9280-46da-b44a-24973ee0e7a0","local_time":"20190220113542","is_ascension_mode":true,"campfire_choices":[{"data":"Static Discharge","floor":7,"key":"SMITH"},{"floor":10,"key":"REST"},{"data":"Storm","floor":13,"key":"SMITH"},{"floor":15,"key":"REST"},{"data":"Creative AI","floor":24,"key":"SMITH"},{"data":"Defragment","floor":27,"key":"SMITH"},{"data":"Heatsinks","floor":32,"key":"SMITH"},{"floor":40,"key":"RECALL"},{"floor":42,"key":"REST"},{"floor":49,"key":"REST"}],"neow_cost":"NONE","seed_source_timestamp":452686149652282,"circlet_count":0,"master_deck":["Strike_B","Defend_B","Defend_B","Defend_B","Defend_B","Zap+1","Dualcast","Deep Breath","Static Discharge+1","Conserve Battery+1","Coolheaded","Self Repair","Storm+1","Creative AI+1","Self Repair","Defragment+1","Conserve Battery+1","Loop","Heatsinks+1","Electrodynamics","Self Repair","White Noise","Heatsinks","Defragment+1","Capacitor","Madness","Madness","Dark Shackles"],"relics":["Cracked Core","Mummified Hand","War Paint","Omamori","Symbiotic Virus","Cables","Letter Opener","Empty Cage","Mercury Hourglass","Centennial Puzzle","Boot","Juzu Bracelet","Matryoshka","Bird Faced Urn","Fusion Hammer","Happy Flower","DataDisk","Bag of Marbles"],"potions_floor_usage":[23,25,30,41,50,50],"damage_taken":[{"damage":7,"enemies":"Jaw Worm","floor":1,"turns":4},{"damage":11,"enemies":"2 Louse","floor":2,"turns":3},{"damage":15,"enemies":"Lagavulin","floor":6,"turns":6},{"damage":0,"enemies":"Cultist","floor":8,"turns":3},{"damage":15,"enemies":"3 Sentries","floor":11,"turns":7},{"damage":5,"enemies":"Exordium Thugs","floor":12,"turns":3},{"damage":15,"enemies":"Lagavulin","floor":14,"turns":4},{"damage":29,"enemies":"Hexaghost","floor":16,"turns":7},{"damage":9,"enemies":"Shell Parasite","floor":18,"turns":3},{"damage":18,"enemies":"Slavers","floor":23,"turns":2},{"damage":3,"enemies":"Book of Stabbing","floor":25,"turns":4},{"damage":0,"enemies":"Chosen","floor":28,"turns":4},{"damage":4,"enemies":"Shelled Parasite and Fungi","floor":29,"turns":2},{"damage":19,"enemies":"Slavers","floor":30,"turns":2},{"damage":2,"enemies":"Chosen and Byrds","floor":31,"turns":3},{"damage":0,"enemies":"Collector","floor":33,"turns":5},{"damage":0,"enemies":"3 Shapes","floor":35,"turns":2},{"damage":6,"enemies":"Orb Walker","floor":36,"turns":2},{"damage":0,"enemies":"Sphere and 2 Shapes","floor":38,"turns":3},{"damage":17,"enemies":"Writhing Mass","floor":41,"turns":3},{"damage":11,"enemies":"Time Eater","floor":50,"turns":4}],"seed_played":"3711364795699689495","potions_obtained":[{"floor":2,"key":"Explosive Potion"},{"floor":16,"key":"SteroidPotion"},{"floor":22,"key":"Explosive Potion"},{"floor":22,"key":"Weak Potion"},{"floor":23,"key":"Weak Potion"},{"floor":28,"key":"Fire Potion"},{"floor":31,"key":"Regen Potion"},{"floor":33,"key":"Poison Potion"},{"floor":35,"key":"PowerPotion"},{"floor":41,"key":"PowerPotion"}],"is_trial":false,"path_per_floor":["M","M","?","?","$","E","R","M","T","R","E","M","R","E","R","B",null,"M","?","?","$","?","E","R","E","T","R","M","M","E","M","R","B",null,"M","M","?","M","$","R","M","R","T","?","?","$","?","?","R","B",null],"character_chosen":"DEFECT","items_purchased":["Defragment","Centennial Puzzle","Happy Flower","White Noise","Capacitor","PowerPotion"],"campfire_rested":4,"item_purchase_floors":[21,21,39,39,46,46],"current_hp_per_floor":[68,57,54,54,54,39,39,39,39,61,53,55,55,47,69,47,75,73,73,73,73,73,69,69,75,75,75,75,75,70,75,75,75,75,75,75,75,75,75,75,75,75,75,75,75,75,66,66,75,75],"gold":50,"neow_bonus":"RANDOM_COLORLESS","is_prod":false,"is_daily":false,"chose_seed":false,"campfire_upgraded":5,"win_rate":0,"timestamp":1550658942,"path_taken":["M","M","?","?","$","E","R","?","T","R","E","M","R","E","R","BOSS","M","?","?","$","?","E","R","E","T","R","M","M","E","M","R","BOSS","M","M","?","M","?","R","M","R","T","?","?","$","?","?","R","BOSS"],"build_version":"2019-01-23","purchased_purges":2,"victory":true,"max_hp_per_floor":[75,75,75,75,75,75,75,75,75,75,75,75,75,75,75,75,75,75,75,75,75,75,75,75,75,75,75,75,75,75,75,75,75,75,75,75,75,75,75,75,75,75,75,75,75,75,75,75,75,75],"card_choices":[{"not_picked":["Steam Power","Turbo"],"picked":"Static Discharge","floor":1},{"not_picked":["Turbo","Undo"],"picked":"Conserve Battery","floor":2},{"not_picked":["Conserve Battery","All For One"],"picked":"Coolheaded","floor":6},{"not_picked":["Redo","Barrage"],"picked":"Self Repair","floor":8},{"not_picked":["Undo","Seek"],"picked":"Storm","floor":11},{"not_picked":["Consume","Leap","Aggregate"],"picked":"SKIP","floor":12},{"not_picked":["Ball Lightning","Stack","Blizzard"],"picked":"SKIP","floor":14},{"not_picked":["Buffer","Echo Form"],"picked":"Creative AI","floor":16},{"not_picked":["Compile Driver+1","Double Energy+1"],"picked":"Self Repair","floor":18},{"not_picked":["Barrage+1","Hologram+1"],"picked":"Conserve Battery+1","floor":23},{"not_picked":["Reprogram","Rebound+1","Redo"],"picked":"SKIP","floor":25},{"not_picked":["Steam+1","Gash","Conserve Battery"],"picked":"SKIP","floor":28},{"not_picked":["BootSequence","Steam","Doom and Gloom"],"picked":"SKIP","floor":29},{"not_picked":["Reinforced Body+1","Turbo"],"picked":"Loop","floor":30},{"not_picked":["Creative AI","Lockon+1"],"picked":"Heatsinks","floor":31},{"not_picked":["Buffer","Reboot"],"picked":"Electrodynamics","floor":33},{"not_picked":["Undo+1","Steam+1","Cold Snap+1"],"picked":"SKIP","floor":35},{"not_picked":["Steam+1","Coolheaded+1"],"picked":"Self Repair","floor":36},{"not_picked":["Coolheaded+1","Hologram+1","Barrage+1"],"picked":"SKIP","floor":38},{"not_picked":["Consume","Barrage+1"],"picked":"Heatsinks","floor":41},{"not_picked":["Transmutation","Sadistic Nature"],"picked":"Dark Shackles","floor":48}],"player_experience":220044,"relics_obtained":[{"floor":6,"key":"Omamori"},{"floor":9,"key":"Symbiotic Virus"},{"floor":11,"key":"Cables"},{"floor":14,"key":"Letter Opener"},{"floor":23,"key":"Boot"},{"floor":25,"key":"Juzu Bracelet"},{"floor":26,"key":"Matryoshka"},{"floor":30,"key":"Bird Faced Urn"},{"floor":43,"key":"DataDisk"},{"floor":43,"key":"Bag of Marbles"}],"event_choices":[{"damage_healed":0,"gold_gain":0,"player_choice":"Success","damage_taken":3,"relics_obtained":["Mummified Hand"],"max_hp_gain":0,"max_hp_loss":0,"event_name":"Scrap Ooze","floor":3,"gold_loss":0},{"damage_healed":0,"gold_gain":0,"player_choice":"Box","damage_taken":0,"relics_obtained":["War Paint"],"max_hp_gain":0,"max_hp_loss":0,"event_name":"Big Fish","floor":4,"gold_loss":0,"cards_obtained":["Regret"]},{"damage_healed":0,"gold_gain":0,"player_choice":"Ignored","damage_taken":0,"max_hp_gain":0,"max_hp_loss":0,"event_name":"Ghosts","floor":19,"gold_loss":0},{"damage_healed":0,"gold_gain":0,"player_choice":"Opened","damage_taken":0,"relics_obtained":["Mercury Hourglass"],"max_hp_gain":0,"max_hp_loss":0,"event_name":"The Mausoleum","floor":20,"gold_loss":0},{"damage_healed":0,"gold_gain":0,"player_choice":"Got Potions","damage_taken":0,"max_hp_gain":0,"max_hp_loss":0,"event_name":"Lab","floor":22,"gold_loss":0},{"damage_healed":0,"gold_gain":100,"player_choice":"Pray","damage_taken":0,"max_hp_gain":0,"max_hp_loss":0,"event_name":"Golden Shrine","floor":37,"gold_loss":0},{"damage_healed":0,"gold_gain":0,"player_choice":"Ignored","damage_taken":0,"max_hp_gain":0,"max_hp_loss":0,"event_name":"Tomb of Lord Red Mask","floor":44,"gold_loss":0},{"damage_healed":0,"gold_gain":0,"player_choice":"Copied","damage_taken":0,"max_hp_gain":0,"max_hp_loss":0,"event_name":"Duplicator","floor":45,"gold_loss":0,"cards_obtained":["Defragment"]},{"damage_healed":0,"gold_gain":0,"player_choice":"Embrace Madness","damage_taken":9,"max_hp_gain":0,"max_hp_loss":0,"event_name":"Winding Halls","floor":47,"gold_loss":0,"cards_obtained":["Madness","Madness"]},{"damage_healed":0,"gold_gain":0,"player_choice":"Memory 1","damage_taken":0,"max_hp_gain":0,"max_hp_loss":0,"event_name":"SensoryStone","floor":48,"gold_loss":0}],"is_beta":false,"boss_relics":[{"not_picked":["Black Star","Busted Crown"],"picked":"Empty Cage"},{"not_picked":["Runic Pyramid","White Beast Statue"],"picked":"Fusion Hammer"}],"items_purged_floors":[5,39],"is_endless":false,"potions_floor_spawned":[2,16,23,28,31,33,35,36,41],"ascension_level":2}