{"gold_per_floor":[117,129,129,147,3,31,51,51,97,116,146,111,142,162,162,241,241,255,180,180,191,466,466,492,492],"floor_reached":25,"playtime":1527,"items_purged":["Strike_B"],"score":398,"play_id":"8c95d6c2-18e1-45c0-9cf2-9f201a8a0766","local_time":"20190214174911","is_ascension_mode":true,"campfire_choices":[{"floor":8,"key":"REST"},{"data":"Dualcast","floor":15,"key":"SMITH"},{"data":"Fusion","floor":23,"key":"SMITH"}],"neow_cost":"NONE","seed_source_timestamp":8183558088534,"circlet_count":0,"master_deck":["AscendersBane","Strike_B","Strike_B","Defend_B+1","Defend_B+1","Defend_B","Defend_B","Zap","Dualcast+1","Blizzard","Sunder","BootSequence","Ball Lightning","Leap","Coolheaded","Coolheaded","Hologram","Machine Learning","Genetic Algorithm","Compile Driver","Leap","Fusion+1"],"relics":["Cracked Core","Cables","War Paint","Bag of Preparation","Orichalcum","Omamori","DataDisk","Orrery","Smiling Mask"],"potions_floor_usage":[11,16,16,24],"damage_taken":[{"damage":7,"enemies":"Jaw Worm","floor":1,"turns":4},{"damage":6,"enemies":"Cultist","floor":2,"turns":4},{"damage":0,"enemies":"Small Slimes","floor":4,"turns":2},{"damage":19,"enemies":"Lagavulin","floor":6,"turns":5},{"damage":1,"enemies":"3 Louse","floor":7,"turns":3},{"damage":0,"enemies":"Blue Slaver","floor":10,"turns":3},{"damage":16,"enemies":"3 Sentries","floor":11,"turns":6},{"damage":9,"enemies":"Gremlin Nob","floor":13,"turns":4},{"damage":12,"enemies":"Exordium Thugs","floor":14,"turns":4},{"damage":27,"enemies":"Hexaghost","floor":16,"turns":10},{"damage":1,"enemies":"Chosen","floor":18,"turns":4},{"damage":10,"enemies":"Spheric Guardian","floor":21,"turns":4},{"damage":37,"enemies":"Book of Stabbing","floor":24,"turns":10},{"damage":21,"enemies":"Snake Plant","floor":25,"turns":4}],"seed_played":"-5694814707597692862","potions_obtained":[{"floor":2,"key":"FearPotion"},{"floor":6,"key":"SkillPotion"},{"floor":7,"key":"LiquidBronze"},{"floor":14,"key":"Fruit Juice"},{"floor":16,"key":"Dexterity Potion"},{"floor":18,"key":"Strength Potion"}],"is_trial":false,"path_per_floor":["M","M","?","M","$","E","M","R","T","M","E","?","E","M","R","B",null,"M","$","?","M","?","R","E","M"],"character_chosen":"DEFECT","items_purchased":["War Paint"],"campfire_rested":1,"item_purchase_floors":[5],"current_hp_per_floor":[61,55,55,55,55,36,35,57,57,57,41,59,50,38,38,16,64,63,63,63,53,53,53,16,0],"gold":492,"neow_bonus":"TRANSFORM_CARD","is_prod":false,"is_daily":false,"chose_seed":false,"campfire_upgraded":2,"win_rate":0,"timestamp":1550195351,"path_taken":["M","M","?","?","?","E","M","R","T","M","E","?","E","M","R","BOSS","M","$","?","M","?","R","E","?"],"build_version":"2019-02-06","purchased_purges":1,"victory":false,"max_hp_per_floor":[75,75,75,75,75,75,75,75,75,75,75,75,75,75,75,80,80,80,80,80,80,80,80,80,80],"card_choices":[{"not_picked":["Hologram","Gash"],"picked":"Sunder","floor":1},{"not_picked":["Hologram","Scrape"],"picked":"BootSequence","floor":2},{"not_picked":["Stack","Barrage"],"picked":"Ball Lightning","floor":4},{"not_picked":["Double Energy","Cold Snap"],"picked":"Leap","floor":6},{"not_picked":["Stack","Turbo"],"picked":"Coolheaded","floor":7},{"not_picked":["Turbo","Undo"],"picked":"Coolheaded","floor":10},{"not_picked":["Hologram","Redo","FTL"],"picked":"SKIP","floor":11},{"not_picked":["Redo","Double Energy"],"picked":"Hologram","floor":13},{"not_picked":["Lockon","Chaos","Beam Cell"],"picked":"SKIP","floor":14},{"not_picked":["Multi-Cast","Rainbow"],"picked":"Machine Learning","floor":16},{"not_picked":["Aggregate","Rip and Tear"],"picked":"Genetic Algorithm","floor":17},{"not_picked":["Cold Snap","Beam Cell"],"picked":"Compile Driver","floor":17},{"not_picked":["Streamline","Ball Lightning"],"picked":"Leap","floor":17},{"not_picked":["Turbo","Conserve Battery"],"picked":"Fusion","floor":18},{"not_picked":["Streamline+1","Steam Power+1","Self Repair"],"picked":"SKIP","floor":21},{"not_picked":["Undo","Hello World","Barrage"],"picked":"SKIP","floor":24}],"player_experience":784083,"relics_obtained":[{"floor":6,"key":"Bag of Preparation"},{"floor":9,"key":"Orichalcum"},{"floor":11,"key":"Omamori"},{"floor":13,"key":"DataDisk"},{"floor":24,"key":"Smiling Mask"}],"event_choices":[{"damage_healed":0,"gold_gain":0,"player_choice":"Gave Potion","damage_taken":0,"relics_obtained":["Cables"],"max_hp_gain":0,"max_hp_loss":0,"event_name":"WeMeetAgain","floor":3,"gold_loss":0},{"damage_healed":18,"gold_gain":0,"player_choice":"Healed","damage_taken":0,"max_hp_gain":0,"max_hp_loss":0,"event_name":"The Cleric","floor":12,"gold_loss":35},{"damage_healed":0,"gold_gain":0,"player_choice":"Ignored","damage_taken":0,"max_hp_gain":0,"max_hp_loss":0,"event_name":"Ghosts","floor":20,"gold_loss":0},{"damage_healed":0,"gold_gain":275,"player_choice":"Desecrate","damage_taken":0,"max_hp_gain":0,"max_hp_loss":0,"event_name":"Golden Shrine","floor":22,"gold_loss":0,"cards_obtained":["Regret"]}],"is_beta":true,"boss_relics":[{"not_picked":["Lizard Tail","Tiny House"],"picked":"Orrery"}],"items_purged_floors":[19],"is_endless":false,"potions_floor_spawned":[2,6,7,14,16,18],"killed_by":"Snake Plant","ascension_level":13}