{"gold_per_floor":[115,129,140,140,157,157,191,191,191,191,221,221],"floor_reached":12,"playtime":660,"items_purged":[],"score":114,"play_id":"2395901c-b519-41f5-bf17-4dfde4bb183f","local_time":"20190223115154","is_ascension_mode":true,"campfire_choices":[{"data":"Neutralize","floor":6,"key":"SMITH"},{"data":"Prepared","floor":8,"key":"SMITH"},{"floor":10,"key":"REST"}],"neow_cost":"NONE","seed_source_timestamp":714977243722062,"circlet_count":0,"master_deck":["Defend_G","Defend_G","Defend_G","Defend_G","Strike_G","Strike_G","Strike_G","Strike_G","Strike_G","Survivor","Neutralize+1","Corpse Explosion","Dagger Throw","Predator","Acrobatics","Dagger Throw","Prepared+1","Deadly Poison+1"],"relics":["Ring of the Snake","Molten Egg 2","Toxic Egg 2","Bottled Flame"],"potions_floor_usage":[7],"damage_taken":[{"damage":0,"enemies":"Small Slimes","floor":1,"turns":2},{"damage":0,"enemies":"Jaw Worm","floor":2,"turns":5},{"damage":2,"enemies":"2 Louse","floor":3,"turns":2},{"damage":11,"enemies":"Red Slaver","floor":5,"turns":5},{"damage":39,"enemies":"Gremlin Nob","floor":7,"turns":5},{"damage":27,"enemies":"3 Sentries","floor":11,"turns":4},{"damage":0,"enemies":"3 Louse","floor":12,"turns":1}],"seed_played":"5235299032225433880","potions_obtained":[{"floor":1,"key":"SteroidPotion"},{"floor":11,"key":"SpeedPotion"}],"is_trial":false,"path_per_floor":["M","M","M","?","M","R","E","R","T","R","E","M"],"character_chosen":"THE_SILENT","items_purchased":[],"campfire_rested":1,"item_purchase_floors":[],"current_hp_per_floor":[63,63,61,66,55,55,16,16,16,38,11,11],"gold":221,"neow_bonus":"TRANSFORM_CARD","is_prod":false,"is_daily":false,"chose_seed":false,"campfire_upgraded":2,"win_rate":0,"timestamp":1550919114,"path_taken":["M","M","M","?","M","R","E","R","T","R","E","M"],"build_version":"2019-01-23","purchased_purges":0,"victory":false,"max_hp_per_floor":[70,70,70,75,75,75,75,75,75,75,75,75],"card_choices":[{"not_picked":["Expertise","Outmaneuver"],"picked":"Dagger Throw","floor":1},{"not_picked":["Flying Knee","Bane"],"picked":"Predator","floor":2},{"not_picked":["Caltrops","Calculated Gamble"],"picked":"Acrobatics","floor":3},{"not_picked":["Underhanded Strike","Deadly Poison"],"picked":"Dagger Throw","floor":5},{"not_picked":["Bouncing Flask","Underhanded Strike"],"picked":"Prepared","floor":7},{"not_picked":["Accuracy","Deadly Poison+1","Infinite Blades"],"picked":"SKIP","floor":11},{"not_picked":["Accuracy","Infinite Blades"],"picked":"Deadly Poison+1","floor":11}],"player_experience":382619,"relics_obtained":[{"floor":7,"key":"Molten Egg 2"},{"floor":9,"key":"Toxic Egg 2"},{"floor":11,"key":"Bottled Flame"}],"event_choices":[{"damage_healed":0,"gold_gain":0,"player_choice":"Donut","damage_taken":0,"max_hp_gain":5,"max_hp_loss":0,"event_name":"Big Fish","floor":4,"gold_loss":0}],"is_beta":false,"boss_relics":[],"items_purged_floors":[],"is_endless":false,"potions_floor_spawned":[1,11],"killed_by":"3 Louse","ascension_level":6}