{"path_per_floor":["M","M","M","?","M","R","E","R","T","E","M","E","R","M","R","B",null,"M","M","M","?","$","R","M","R","T","M","M","$","M","M","R","B",null,"M","$","?","M","M","R","E","R","T","M","$","M","M","M","R","B"],"character_chosen":"DEFECT","items_purchased":["DataDisk","Aggregate","Good Instincts","Stack","Mind Blast","Blind"],"gold_per_floor":[111,129,149,149,160,160,186,186,186,219,236,267,267,281,281,355,385,399,411,423,423,124,124,138,138,161,180,191,41,60,76,76,147,147,165,62,62,81,99,99,130,130,203,214,11,31,41,55,55,55],"floor_reached":51,"campfire_rested":0,"playtime":4615,"current_hp_per_floor":[64,57,56,56,50,50,31,31,31,40,49,44,44,52,52,52,71,49,42,53,38,38,38,38,38,45,45,45,45,45,45,45,43,45,45,45,45,45,45,45,31,31,31,38,38,38,45,45,45,45],"items_purged":["Strike_B","Strike_B"],"gold":55,"score":1381,"play_id":"fe51df8c-1776-42ca-863d-bb1c72695d0c","local_time":"20180514162835","is_prod":false,"is_daily":false,"chose_seed":false,"is_ascension_mode":true,"campfire_upgraded":10,"timestamp":1526340515,"path_taken":["M","M","M","?","?","R","E","R","T","E","M","E","R","M","R","BOSS","M","?","?","?","$","R","M","R","T","?","M","$","M","M","R","BOSS","M","$","?","M","M","R","E","R","T","M","$","M","?","M","R","BOSS"],"build_version":"2018-05-12v2","seed_source_timestamp":1997791121660055,"purchased_purges":2,"victory":true,"master_deck":["Strike_B","Defend_B+1","Defend_B+1","Defend_B+1","Defend_B","Zap+1","Dualcast+1","AscendersBane","Go for the Eyes+1","Beam Cell+1","Self Repair","Ball Lightning","Skim+1","All For One+1","Coolheaded+1","Coolheaded+1","All For One+1","Chaos+1","Steam+1","Coolheaded+1","Ghostly+1","Ghostly+1","Ghostly+1","Ghostly+1","Ghostly+1","Aggregate+1","Double Energy+1","Coolheaded+1","Hologram+1","Skim+1","Good Instincts+1","Stack+1","Turbo+1","Skim+1","Reboot+1","Hologram+1","Mind Blast+1","Stack+1","Skim+1","Echo Form","Defragment+1","Blind+1","Double Energy+1","Fission+1","Stack+1"],"max_hp_per_floor":[71,71,71,71,71,71,71,71,71,71,71,71,71,71,71,71,76,76,76,76,38,38,38,38,38,45,45,45,45,45,45,45,45,45,45,45,45,45,45,45,45,45,45,45,45,45,45,45,45,45],"relics":["Cracked Core","Meat on the Bone","Toxic Egg 2","Bronze Scales","Prayer Wheel","Tiny House","DataDisk","Strawberry","Black Star","Ancient Tea Set","Bag of Marbles","Question Card"],"card_choices":[{"not_picked":["Axe Kick","Skim"],"picked":"Go for the Eyes","floor":1},{"not_picked":["Hello World","Turbo"],"picked":"Beam Cell","floor":2},{"not_picked":["Blizzard","Streamline"],"picked":"Self Repair","floor":3},{"not_picked":["Barrage","Coolheaded"],"picked":"Ball Lightning","floor":5},{"not_picked":["Stack","Beam Cell"],"picked":"Skim","floor":7},{"not_picked":["Darkness+1","Storm"],"picked":"All For One","floor":10},{"not_picked":["Beam Cell","Sunder"],"picked":"Coolheaded+1","floor":11},{"not_picked":["Chaos+1","Self Repair"],"picked":"Coolheaded+1","floor":12},{"not_picked":["Rip and Tear","Static Discharge","Go for the Eyes"],"picked":"SKIP","floor":14},{"not_picked":["Biased Cognition","Multi-Cast+1"],"picked":"All For One","floor":16},{"not_picked":["Barrage","Force Field+1"],"picked":"Chaos+1","floor":17},{"not_picked":["Stack+1","Scrape"],"picked":"Steam+1","floor":18},{"not_picked":["Scrape","Streamline"],"picked":"Coolheaded+1","floor":19},{"not_picked":["Ball Lightning","Genetic Algorithm+1","Sweeping Beam"],"picked":"SKIP","floor":20},{"not_picked":["Sweeping Beam","Darkness+1"],"picked":"Double Energy+1","floor":24},{"not_picked":["Rebound","FTL"],"picked":"Coolheaded+1","floor":26},{"not_picked":["Turbo+1","Ball Lightning"],"picked":"Hologram+1","floor":27},{"not_picked":["Coolheaded+1","Tempest+1"],"picked":"Skim+1","floor":28},{"not_picked":["Beam Cell","Rainbow+1"],"picked":"Turbo+1","floor":30},{"not_picked":["Blizzard","Doom and Gloom+1"],"picked":"Skim+1","floor":31},{"not_picked":["Multi-Cast+1","Nova"],"picked":"Reboot+1","floor":33},{"not_picked":["Stack+1","Beam Cell"],"picked":"Hologram+1","floor":35},{"not_picked":["Force Field+1","Cold Snap+1","Tempest+1"],"picked":"SKIP","floor":38},{"not_picked":["Static Discharge+1","Beam Cell"],"picked":"Stack+1","floor":39},{"not_picked":["Turbo+1","Recycle+1"],"picked":"Skim+1","floor":41},{"not_picked":["Chaos+1","Go for the Eyes"],"picked":"Echo Form","floor":43},{"not_picked":["Go for the Eyes","Beam Cell+1","Streamline"],"picked":"Defragment","floor":44},{"not_picked":["Reinforced Body+1","Beam Cell","Axe Kick+1"],"picked":"Double Energy+1","floor":46},{"not_picked":["Gash+1","Barrage+1","Beam Cell"],"picked":"Fission+1","floor":47},{"not_picked":["FTL","BootSequence+1","Steam+1"],"picked":"Stack+1","floor":48}],"player_experience":1460408,"potions_floor_usage":[5,10,18,20,33,50],"damage_taken":[{"damage":0,"enemies":"2 Louse","floor":1,"turns":3},{"damage":7,"enemies":"Jaw Worm","floor":2,"turns":3},{"damage":1,"enemies":"Cultist","floor":3,"turns":3},{"damage":6,"enemies":"Lots of Slimes","floor":5,"turns":4},{"damage":26,"enemies":"3 Sentries","floor":7,"turns":6},{"damage":10,"enemies":"Lagavulin","floor":10,"turns":6},{"damage":10,"enemies":"Gremlin Gang","floor":11,"turns":5},{"damage":24,"enemies":"Gremlin Nob","floor":12,"turns":4},{"damage":11,"enemies":"Exordium Thugs","floor":14,"turns":4},{"damage":19,"enemies":"Hexaghost","floor":16,"turns":6},{"damage":22,"enemies":"2 Thieves","floor":18,"turns":2},{"damage":26,"enemies":"Spheric Guardian","floor":19,"turns":4},{"damage":8,"enemies":"Centurion and Healer","floor":20,"turns":7},{"damage":0,"enemies":"3 Cultists","floor":24,"turns":5},{"damage":0,"enemies":"Snake Plant","floor":27,"turns":5},{"damage":1,"enemies":"Centurion and Healer","floor":28,"turns":8},{"damage":0,"enemies":"Snecko","floor":30,"turns":4},{"damage":3,"enemies":"Snake Plant","floor":31,"turns":4},{"damage":9,"enemies":"Automaton","floor":33,"turns":16},{"damage":0,"enemies":"3 Shapes","floor":35,"turns":4},{"damage":0,"enemies":"Flame Bruiser 1 Orb","floor":38,"turns":4},{"damage":0,"enemies":"Spire Growth","floor":39,"turns":3},{"damage":14,"enemies":"Giant Head","floor":41,"turns":8},{"damage":0,"enemies":"Maw","floor":44,"turns":5},{"damage":0,"enemies":"4 Shapes","floor":46,"turns":2},{"damage":0,"enemies":"Flame Bruiser 2 Orb","floor":47,"turns":4},{"damage":0,"enemies":"3 Darklings","floor":48,"turns":2},{"damage":0,"enemies":"Donu and Deca","floor":50,"turns":8}],"event_choices":[{"event_name":"Liars Game","player_choice":"disagreed","floor":4,"damage_taken":0},{"event_name":"Ghosts","player_choice":"Became a Ghost","floor":21,"damage_taken":0}],"boss_relics":[{"not_picked":["Lizard Tail","White Beast Statue"],"picked":"Tiny House"},{"not_picked":["Calling Bell","Velvet Choker"],"picked":"Black Star"}],"potions_floor_spawned":[3,5,7,12,18,24,28,30,35,38,47,48],"seed_played":"-1899345291958795335","ascension_level":15,"is_trial":false}