{"gold_per_floor":[118,118,138,138,63,93,105,119,143,173,205,217,257,269,281,397,409,434,446,458,470,502,539,563,575,587,599,642,654,677,689,701,817,829,853,865,877,909,941,953,1000,24,73,73,73,91,91,0,0,0],"floor_reached":51,"playtime":1529,"items_purged":["Defend_R","Writhe"],"score":773,"play_id":"6056870e-37ee-4637-9d91-87a1463f44e5","local_time":"20190226130149","is_ascension_mode":false,"campfire_choices":[{"data":"Uppercut","floor":12.0,"key":"SMITH"},{"data":"Flame Barrier","floor":15.0,"key":"SMITH"},{"data":"Corruption","floor":25.0,"key":"SMITH"},{"data":"Uppercut","floor":27.0,"key":"SMITH"},{"data":"Metallicize","floor":29.0,"key":"SMITH"},{"data":"Heavy Blade","floor":32.0,"key":"SMITH"},{"data":"Demon Form","floor":40.0,"key":"SMITH"},{"data":"Shockwave","floor":44.0,"key":"SMITH"},{"data":"Inflame","floor":49,"key":"SMITH"}],"neow_cost":"NONE","seed_source_timestamp":4160487855724,"circlet_count":0,"master_deck":["Strike_R+1","Strike_R+1","Strike_R+1","Strike_R+1","Defend_R+1","Defend_R+1","Defend_R+1","Bash","Flame Barrier+1","Heavy Blade+1","Metallicize+1","Thunderclap","Uppercut+1","Iron Wave","Headbutt","Immolate","Corruption+1","Spot Weakness","Feel No Pain+1","Sentinel+1","Uppercut+1","Parasite","Evolve","Power Through+1","Demon Form+1","Carnage","Uppercut+1","Spot Weakness+1","Reaper","Inflame+1","Shockwave+1","The Bomb","Doubt","Flex+1"],"special_seed":0,"relics":["Burning Blood","NeowsBlessing","Boot","Whetstone","MawBank","Self Forming Clay","Sundial","Cursed Key","Blue Candle","Meat on the Bone","Pen Nib","Snecko Eye","Juzu Bracelet","OrangePellets","Happy Flower","Vajra","Red Mask"],"potions_floor_usage":[50,50],"damage_taken":[{"damage":0.0,"enemies":"Jaw Worm","floor":1.0,"turns":1.0},{"damage":0.0,"enemies":"Small Slimes","floor":3.0,"turns":1.0},{"damage":0.0,"enemies":"Gremlin Nob","floor":6.0,"turns":1.0},{"damage":0.0,"enemies":"Cultist","floor":7.0,"turns":4.0},{"damage":7.0,"enemies":"Blue Slaver","floor":8.0,"turns":4.0},{"damage":2.0,"enemies":"3 Louse","floor":10.0,"turns":3.0},{"damage":0.0,"enemies":"Large Slime","floor":11.0,"turns":2.0},{"damage":3.0,"enemies":"3 Sentries","floor":13.0,"turns":9.0},{"damage":17.0,"enemies":"The Guardian","floor":16.0,"turns":14.0},{"damage":10.0,"enemies":"Chosen","floor":18.0,"turns":4.0},{"damage":12.0,"enemies":"2 Thieves","floor":22.0,"turns":4.0},{"damage":13.0,"enemies":"Gremlin Leader","floor":23.0,"turns":5.0},{"damage":5.0,"enemies":"Cultist and Chosen","floor":24.0,"turns":6.0},{"damage":20.0,"enemies":"Book of Stabbing","floor":28.0,"turns":4.0},{"damage":6.0,"enemies":"Snecko","floor":30.0,"turns":4.0},{"damage":17.0,"enemies":"Champ","floor":33.0,"turns":10.0},{"damage":0.0,"enemies":"Orb Walker","floor":35.0,"turns":2.0},{"damage":0.0,"enemies":"3 Shapes","floor":38.0,"turns":3.0},{"damage":36.0,"enemies":"Writhing Mass","floor":39.0,"turns":4.0},{"damage":24.0,"enemies":"Reptomancer","floor":41.0,"turns":7.0},{"damage":16,"enemies":"3 Darklings","floor":46,"turns":5},{"damage":18,"enemies":"Time Eater","floor":50,"turns":7}],"seed_played":"8888297144821608200","potions_obtained":[{"floor":1.0,"key":"Energy Potion"},{"floor":7.0,"key":"PowerPotion"},{"floor":8.0,"key":"GamblersBrew"},{"floor":10.0,"key":"AttackPotion"},{"floor":11.0,"key":"AttackPotion"},{"floor":18.0,"key":"Dexterity Potion"},{"floor":20.0,"key":"EntropicBrew"},{"floor":20.0,"key":"EntropicBrew"},{"floor":24.0,"key":"Regen Potion"},{"floor":30.0,"key":"Block Potion"},{"floor":35.0,"key":"Explosive Potion"}],"is_trial":false,"path_per_floor":["M","?","M","?","$","E","M","M","T","M","M","R","E","?","R","B",null,"M","?","?","$","M","E","M","R","T","R","E","R","M","?","R","B",null,"M","?","?","M","M","R","E","$","T","R","?","M","$","?","R","B",null],"character_chosen":"IRONCLAD","items_purchased":["Reaper","OrangePellets","Happy Flower","Inflame","Shockwave","BloodPotion","LiquidBronze","The Bomb"],"campfire_rested":0,"item_purchase_floors":[42,42,42,42,42,42,42,42],"current_hp_per_floor":[80,80,80,73,73,79,80,79,79,80,80,80,80,73,73,62,80,76,76,76,76,70,63,64,64,64,64,50,50,50,50,50,54,80,80,80,80,80,50,50,44,44,44,44,44,53,53,53,53,49],"gold":0,"neow_bonus":"THREE_ENEMY_KILL","is_prod":false,"is_daily":false,"chose_seed":false,"campfire_upgraded":9,"win_rate":0,"timestamp":1551207709,"path_taken":["M","?","M","?","?","E","M","M","T","M","?","R","E","?","R","BOSS","M","?","?","$","M","E","?","R","T","R","E","R","M","?","R","BOSS","M","?","?","M","M","R","E","$","T","R","?","M","?","?","R","BOSS"],"build_version":"2019-01-23","purchased_purges":2,"victory":true,"max_hp_per_floor":[80,80,80,80,80,80,80,80,80,80,80,80,80,80,80,80,80,80,80,80,80,80,80,80,80,80,80,80,80,80,80,80,80,80,80,80,80,80,80,80,80,80,80,80,80,80,80,80,80,80],"card_choices":[{"not_picked":["Power Through","Rage"],"picked":"Flame Barrier","floor":1.0},{"not_picked":["Body Slam","Intimidate"],"picked":"Heavy Blade","floor":3.0},{"not_picked":["Wild Strike","Armaments"],"picked":"Metallicize","floor":6.0},{"not_picked":["Dual Wield","Havoc","Thunderclap"],"picked":"SKIP","floor":7.0},{"not_picked":["Dual Wield","Havoc"],"picked":"Thunderclap","floor":7.0},{"not_picked":["Carnage","Battle Trance"],"picked":"Uppercut","floor":8.0},{"not_picked":["Heavy Blade","Twin Strike","Burning Pact"],"picked":"SKIP","floor":10.0},{"not_picked":["Burning Pact","Shrug It Off"],"picked":"Iron Wave","floor":11.0},{"not_picked":["Feel No Pain","Berserk"],"picked":"Headbutt","floor":13.0},{"not_picked":["Reaper","Exhume"],"picked":"Immolate","floor":16.0},{"not_picked":["Anger","Ghostly Armor"],"picked":"Corruption","floor":18.0},{"not_picked":["Cleave","Iron Wave"],"picked":"Feel No Pain+1","floor":22.0},{"not_picked":["Heavy Blade","Power Through"],"picked":"Sentinel+1","floor":23.0},{"not_picked":["Twin Strike","Burning Pact+1"],"picked":"Uppercut","floor":24.0},{"not_picked":["Perfected Strike","Twin Strike","Evolve"],"picked":"SKIP","floor":28.0},{"not_picked":["Perfected Strike","Twin Strike"],"picked":"Evolve","floor":28.0},{"not_picked":["Sentinel+1","Evolve"],"picked":"Power Through+1","floor":30.0},{"not_picked":["Immolate","Reaper"],"picked":"Demon Form","floor":33.0},{"not_picked":["Sword Boomerang","Intimidate"],"picked":"Carnage","floor":35.0},{"not_picked":["Reckless Charge","Warcry+1"],"picked":"Uppercut+1","floor":38.0},{"not_picked":["Havoc","Cleave+1","Anger"],"picked":"SKIP","floor":39.0},{"not_picked":["Sever Soul","Ghostly Armor+1"],"picked":"Spot Weakness+1","floor":41.0},{"not_picked":["Seeing Red+1","Clash"],"picked":"Flex+1","floor":46}],"player_experience":931964,"relics_obtained":[{"floor":6.0,"key":"Whetstone"},{"floor":9.0,"key":"MawBank"},{"floor":13.0,"key":"Self Forming Clay"},{"floor":23.0,"key":"Blue Candle"},{"floor":26.0,"key":"Meat on the Bone"},{"floor":28.0,"key":"Pen Nib"},{"floor":41.0,"key":"Juzu Bracelet"},{"floor":43.0,"key":"Vajra"}],"event_choices":[{"damage_healed":0.0,"max_hp_gain":0.0,"max_hp_loss":0.0,"gold_gain":0.0,"event_name":"Big Fish","player_choice":"Box","floor":2.0,"gold_loss":0.0,"damage_taken":0.0,"relics_obtained":["Boot"],"cards_obtained":["Regret"]},{"cards_removed":["Regret"],"damage_healed":0.0,"max_hp_gain":0.0,"max_hp_loss":0.0,"gold_gain":0.0,"event_name":"Golden Wing","player_choice":"Card Removal","floor":4.0,"gold_loss":0.0,"damage_taken":7.0},{"damage_healed":0.0,"max_hp_gain":0.0,"max_hp_loss":0.0,"gold_gain":0.0,"event_name":"Scrap Ooze","player_choice":"Success","floor":14.0,"gold_loss":0.0,"damage_taken":7.0,"relics_obtained":["Sundial"]},{"damage_healed":0.0,"max_hp_gain":0.0,"max_hp_loss":0.0,"gold_gain":0.0,"event_name":"The Library","player_choice":"Read","floor":19.0,"gold_loss":0.0,"damage_taken":0.0,"cards_obtained":["Spot Weakness"]},{"damage_healed":0.0,"max_hp_gain":0.0,"max_hp_loss":0.0,"gold_gain":0.0,"event_name":"Lab","player_choice":"Got Potions","floor":20.0,"gold_loss":0.0,"damage_taken":0.0},{"damage_healed":0.0,"max_hp_gain":0.0,"max_hp_loss":0.0,"gold_gain":0.0,"event_name":"Back to Basics","player_choice":"Simplicity","floor":31.0,"gold_loss":0.0,"damage_taken":0.0,"cards_upgraded":["Strike_R","Strike_R","Strike_R","Defend_R","Defend_R","Defend_R"]},{"damage_healed":20.0,"max_hp_gain":0.0,"max_hp_loss":0.0,"gold_gain":0.0,"event_name":"Winding Halls","player_choice":"Writhe","floor":36.0,"gold_loss":0.0,"damage_taken":0.0,"cards_obtained":["Writhe"]},{"cards_removed":["Strike_R"],"damage_healed":0.0,"max_hp_gain":0.0,"max_hp_loss":0.0,"gold_gain":0.0,"event_name":"Falling","player_choice":"Removed Attack","floor":37.0,"gold_loss":0.0,"damage_taken":0.0},{"damage_healed":0.0,"max_hp_gain":0.0,"max_hp_loss":0.0,"gold_gain":0.0,"event_name":"Mysterious Sphere","player_choice":"Ignored","floor":45.0,"gold_loss":0.0,"damage_taken":0.0},{"damage_healed":0,"gold_gain":0,"player_choice":"Paid","damage_taken":0,"relics_obtained":["Red Mask"],"max_hp_gain":0,"max_hp_loss":0,"event_name":"Tomb of Lord Red Mask","floor":48,"gold_loss":91}],"is_beta":false,"boss_relics":[{"not_picked":["Runic Dome","Black Star"],"picked":"Cursed Key"},{"not_picked":["White Beast Statue","Orrery"],"picked":"Snecko Eye"}],"items_purged_floors":[5,42],"is_endless":false,"potions_floor_spawned":[1,7,8,10,11,18,24,30,35],"ascension_level":0}