{"path_per_floor":["M","?","M","?","?","E","M","M","T","R","$","E","$","M","R","B",null,"M","?","?","M","?","R","E","R","T","E","R","E","?","?","R"],"character_chosen":"DEFECT","items_purchased":["Fruit Juice","Sunder","Hologram"],"gold_per_floor":[112,187,206,206,206,239,259,277,277,277,104,139,35,51,51,124,124,139,139,165,177,177,177,211,211,211,242,242,274,274,274,274,274],"floor_reached":33,"campfire_rested":3,"playtime":5912,"item_purchase_floors":[11,13,13],"current_hp_per_floor":[57,46,46,46,46,35,35,35,42,42,42,24,24,16,38,36,66,65,65,58,55,55,63,29,59,59,20,50,39,39,39,49,0],"items_purged":["Strike_B"],"gold":274,"score":541,"play_id":"bf125d40-62af-4e33-9ac2-cbeed6e823f6","local_time":"20180626181712","is_prod":false,"is_daily":false,"chose_seed":false,"is_ascension_mode":true,"campfire_upgraded":3,"win_rate":0,"timestamp":1530062232,"campfire_choices":[{"data":"Zap","floor":10,"key":"SMITH"},{"floor":15,"key":"REST"},{"data":"Go for the Eyes","floor":23,"key":"SMITH"},{"floor":25,"key":"REST"},{"floor":28,"key":"REST"},{"data":"Defragment","floor":32,"key":"SMITH"}],"path_taken":["M","?","?","?","?","E","M","M","T","R","$","E","?","M","R","BOSS","M","?","?","M","?","R","E","R","T","E","R","E","?","?","R","BOSS"],"build_version":"2018-06-21","seed_source_timestamp":62693180702936,"purchased_purges":1,"circlet_count":0,"victory":false,"master_deck":["Strike_B","Strike_B","Strike_B","Defend_B","Defend_B","Defend_B","Defend_B","Zap+1","Dualcast","AscendersBane","Barrage+1","Leap","Ball Lightning","Cold Snap","Conserve Battery","Sunder+1","Hologram","Cold Snap","Electrodynamics","Go for the Eyes+1","BootSequence","Leap+1","Seek","Core Surge","Defragment+1"],"max_hp_per_floor":[64,64,64,64,64,64,64,64,71,71,71,76,76,76,76,76,76,76,76,76,76,76,76,76,76,76,76,76,76,76,76,76,76],"relics":["Cracked Core","Torii","Ancient Tea Set","Strawberry","Dodecahedron","Eternal Feather","Red Mask","Toolbox","Pantograph","Omamori","Juzu Bracelet"],"card_choices":[{"not_picked":["Coolheaded","Force Field"],"picked":"Barrage","floor":1},{"not_picked":["Steam Power","Static Discharge"],"picked":"Leap","floor":3},{"not_picked":["Recycle","Coolheaded"],"picked":"Ball Lightning","floor":6},{"not_picked":["Recycle","Redo","Barrage"],"picked":"SKIP","floor":7},{"not_picked":["Ball Lightning","Blizzard"],"picked":"Cold Snap","floor":8},{"not_picked":["Lockon","Coolheaded"],"picked":"Conserve Battery","floor":12},{"not_picked":["Leap","Machine Learning"],"picked":"Cold Snap","floor":14},{"not_picked":["Reboot","Seek"],"picked":"Electrodynamics","floor":16},{"not_picked":["Hologram","Gash"],"picked":"Go for the Eyes","floor":18},{"not_picked":["Sweeping Beam","Sunder"],"picked":"BootSequence","floor":20},{"not_picked":["Barrage","Recycle"],"picked":"Leap+1","floor":21},{"not_picked":["BootSequence","Darkness"],"picked":"Seek","floor":24},{"not_picked":["Gash","Redo","Double Energy+1"],"picked":"SKIP","floor":27},{"not_picked":["Undo","Chill+1"],"picked":"Core Surge","floor":29}],"player_experience":1999762,"potions_floor_usage":[7,8,12,24,24,33],"damage_taken":[{"damage":7,"enemies":"Jaw Worm","floor":1,"turns":3},{"damage":0,"enemies":"2 Louse","floor":3,"turns":3},{"damage":11,"enemies":"3 Sentries","floor":6,"turns":6},{"damage":0,"enemies":"Small Slimes","floor":7,"turns":4},{"damage":0,"enemies":"Gremlin Gang","floor":8,"turns":3},{"damage":23,"enemies":"Gremlin Nob","floor":12,"turns":4},{"damage":8,"enemies":"Blue Slaver","floor":14,"turns":3},{"damage":2,"enemies":"The Guardian","floor":16,"turns":13},{"damage":1,"enemies":"Spheric Guardian","floor":18,"turns":3},{"damage":7,"floor":20,"turns":2},{"damage":3,"enemies":"Shell Parasite","floor":21,"turns":7},{"damage":34,"enemies":"Gremlin Leader","floor":24,"turns":7},{"damage":39,"enemies":"Book of Stabbing","floor":27,"turns":7},{"damage":11,"enemies":"Slavers","floor":29,"turns":4},{"damage":81,"enemies":"Collector","floor":33,"turns":12}],"relics_obtained":[{"floor":6,"key":"Ancient Tea Set"},{"floor":9,"key":"Strawberry"},{"floor":12,"key":"Dodecahedron"},{"floor":20,"key":"Red Mask"},{"floor":24,"key":"Toolbox"},{"floor":26,"key":"Pantograph"},{"floor":27,"key":"Omamori"},{"floor":29,"key":"Juzu Bracelet"}],"event_choices":[{"event_name":"World of Goop","player_choice":"Gather Gold","floor":2,"damage_taken":0},{"event_name":"Liars Game","player_choice":"disagreed","floor":4,"damage_taken":0},{"event_name":"Living Wall","player_choice":"Grow","floor":5,"damage_taken":0},{"event_name":"Accursed Blacksmith","player_choice":"Forge","floor":19,"damage_taken":0},{"event_name":"Masked Bandits","player_choice":"Fought over 139 gold","floor":20,"damage_taken":0},{"event_name":"Vampires","player_choice":"Ignored","floor":22,"damage_taken":0},{"event_name":"The Lab","player_choice":"Got Potions","floor":30,"damage_taken":0},{"event_name":"The Library","player_choice":"Read","floor":31,"damage_taken":0}],"boss_relics":[{"not_picked":["Lizard Tail","Astrolabe"],"picked":"Eternal Feather"}],"items_purged_floors":[11],"is_endless":false,"potions_floor_spawned":[3,7,14,18,20],"seed_played":"-4570969075506097083","killed_by":"Collector","ascension_level":15,"potions_obtained":[{"floor":3,"key":"GamblersBrew"},{"floor":7,"key":"Explosive Potion"},{"floor":14,"key":"SteroidPotion"},{"floor":18,"key":"Ancient Potion"},{"floor":30,"key":"Energy Potion"},{"floor":30,"key":"SmokeBomb"}],"is_trial":false}