{"gold_per_floor":[113,127,127,146,21,56,69,69,69,69,96,96,110,129,129,129],"floor_reached":16,"playtime":837,"items_purged":["Strike_G"],"score":157,"play_id":"45a4c130-d7ec-4ff3-8051-8de0034cf4a1","local_time":"20190225134510","is_ascension_mode":true,"campfire_choices":[{"data":"Envenom","floor":8,"key":"SMITH"},{"data":"Neutralize","floor":10,"key":"SMITH"},{"floor":15,"key":"REST"}],"neow_cost":"NONE","seed_source_timestamp":894403067678990,"circlet_count":0,"master_deck":["Defend_G","Defend_G","Defend_G","Defend_G","Defend_G","Strike_G","Strike_G","Strike_G","Strike_G","Survivor","Neutralize+1","PiercingWail","Deadly Poison","Backstab","Envenom+1","Blur","Accuracy","Backflip"],"relics":["Ring of the Snake","NeowsBlessing","Singing Bowl","Anchor","Kunai","Ancient Tea Set","Golden Idol"],"potions_floor_usage":[6,11,11,16,16],"damage_taken":[{"damage":0,"enemies":"Jaw Worm","floor":1,"turns":1},{"damage":0,"enemies":"Cultist","floor":2,"turns":1},{"damage":0,"enemies":"2 Louse","floor":4,"turns":1},{"damage":34,"enemies":"Lagavulin","floor":6,"turns":9},{"damage":0,"enemies":"Exordium Wildlife","floor":7,"turns":4},{"damage":11,"enemies":"3 Sentries","floor":11,"turns":15},{"damage":6,"enemies":"Large Slime","floor":13,"turns":8},{"damage":7,"enemies":"Gremlin Gang","floor":14,"turns":8},{"damage":29,"enemies":"Slime Boss","floor":16,"turns":15}],"seed_played":"-6558360844058682054","potions_obtained":[{"floor":2,"key":"Energy Potion"},{"floor":7,"key":"Ancient Potion"},{"floor":11,"key":"Fruit Juice"},{"floor":13,"key":"GamblersBrew"}],"is_trial":false,"path_per_floor":["M","M","?","M","$","E","M","R","T","R","E","?","M","M","R","B"],"character_chosen":"THE_SILENT","items_purchased":["Block Potion"],"campfire_rested":1,"item_purchase_floors":[5],"current_hp_per_floor":[63,63,63,63,63,29,29,29,29,29,23,23,19,12,33,4],"gold":129,"neow_bonus":"THREE_ENEMY_KILL","is_prod":false,"is_daily":false,"chose_seed":false,"campfire_upgraded":2,"win_rate":0,"timestamp":1551098710,"path_taken":["M","M","?","?","$","E","M","R","T","R","E","?","M","M","R","BOSS"],"build_version":"2019-01-23","purchased_purges":1,"victory":false,"max_hp_per_floor":[70,70,70,70,70,70,70,70,70,70,75,69,71,71,71,71],"card_choices":[{"not_picked":["Prepared","Underhanded Strike"],"picked":"PiercingWail","floor":1},{"not_picked":["Distraction","Acrobatics"],"picked":"Deadly Poison","floor":2},{"not_picked":["Calculated Gamble","Acrobatics"],"picked":"Backstab","floor":4},{"not_picked":["Blade Dance","Well Laid Plans"],"picked":"Envenom","floor":6},{"not_picked":["Deadly Poison","Sucker Punch"],"picked":"Blur","floor":7},{"not_picked":["Dagger Spray","Distraction"],"picked":"Accuracy","floor":11},{"not_picked":["Catalyst","Outmaneuver","Escape Plan"],"picked":"Singing Bowl","floor":13},{"not_picked":["Bane","Tactician"],"picked":"Backflip","floor":14}],"player_experience":494301,"relics_obtained":[{"floor":3,"key":"Singing Bowl"},{"floor":6,"key":"Anchor"},{"floor":9,"key":"Kunai"},{"floor":11,"key":"Ancient Tea Set"}],"event_choices":[{"damage_healed":0,"gold_gain":0,"player_choice":"Relic","damage_taken":0,"max_hp_gain":0,"max_hp_loss":0,"event_name":"Wheel of Change","floor":3,"gold_loss":0},{"damage_healed":0,"gold_gain":0,"player_choice":"Lose Max HP","damage_taken":0,"relics_obtained":["Golden Idol"],"max_hp_gain":0,"max_hp_loss":6,"event_name":"Golden Idol","floor":12,"gold_loss":0}],"is_beta":false,"boss_relics":[],"items_purged_floors":[5],"is_endless":false,"potions_floor_spawned":[2,7,11,13],"killed_by":"Slime Boss","ascension_level":8}