{"gold_per_floor":[112,112,10,10,63,102,102,102,128,128,153,168,184,30,30,154,154,168,187,207,227,227,227,250,283,337,337,357,95,0,25,25,25],"floor_reached":33,"playtime":1530,"items_purged":["Bullet Time"],"score":307,"play_id":"ad06bc49-bba5-4113-bb3f-18a26384542a","local_time":"20190212171412","is_ascension_mode":true,"campfire_choices":[{"data":"Caltrops","floor":7,"key":"SMITH"},{"data":"Survivor","floor":10,"key":"SMITH"},{"data":"Noxious Fumes","floor":15,"key":"SMITH"},{"data":"Bane","floor":23,"key":"SMITH"},{"floor":27,"key":"REST"},{"floor":32,"key":"REST"}],"neow_cost":"NONE","seed_source_timestamp":2495683689728460,"circlet_count":0,"master_deck":["Defend_G","Defend_G","Defend_G","Defend_G","Defend_G","Strike_G","Strike_G","Strike_G","Strike_G","Survivor+1","Neutralize","Caltrops+1","Deflect","Skewer","Cloak And Dagger","Noxious Fumes+1","Expertise","Doppelganger","Bane+1","Backstab","Noxious Fumes","Dodge and Roll","Poisoned Stab+1"],"relics":["Ring of the Snake","NeowsBlessing","Golden Idol","Art of War","Happy Flower","Lantern","Snake Skull","Busted Crown","Bag of Marbles","Dream Catcher","Blood Vial"],"potions_floor_usage":[25,25,33,33],"damage_taken":[{"damage":0,"enemies":"Cultist","floor":1,"turns":1},{"damage":0,"enemies":"3 Sentries","floor":6,"turns":1},{"damage":0,"enemies":"2 Louse","floor":11,"turns":1},{"damage":7,"enemies":"Jaw Worm","floor":12,"turns":3},{"damage":4,"enemies":"3 Louse","floor":13,"turns":3},{"damage":8,"enemies":"The Guardian","floor":16,"turns":10},{"damage":0,"enemies":"Chosen","floor":18,"turns":4},{"damage":2,"enemies":"3 Byrds","floor":19,"turns":2},{"damage":15,"enemies":"Cultist and Chosen","floor":20,"turns":6},{"damage":4,"enemies":"3 Cultists","floor":21,"turns":5},{"damage":13,"enemies":"Shelled Parasite and Fungi","floor":24,"turns":5},{"damage":24,"enemies":"Gremlin Leader","floor":25,"turns":5},{"damage":0,"enemies":"Snecko","floor":28,"turns":4},{"damage":2,"enemies":"Centurion and Healer","floor":31,"turns":5},{"damage":62,"enemies":"Automaton","floor":33,"turns":8}],"seed_played":"-1404807134611103209","potions_obtained":[{"floor":6,"key":"PowerPotion"},{"floor":12,"key":"EssenceOfSteel"},{"floor":20,"key":"GamblersBrew"},{"floor":25,"key":"GamblersBrew"},{"floor":28,"key":"Fire Potion"}],"is_trial":false,"path_per_floor":["M","?","$","?","T","E","R","?","T","R","M","M","M","$","R","B",null,"M","M","M","M","?","R","M","E","T","R","M","$","?","M","R","B"],"character_chosen":"THE_SILENT","items_purchased":["Deflect","Skewer","Snake Skull","Noxious Fumes","Blood Vial"],"campfire_rested":2,"item_purchase_floors":[3,3,14,29,29],"current_hp_per_floor":[70,53,53,53,53,53,53,53,53,53,53,46,42,42,42,34,70,70,68,53,49,49,49,36,12,12,33,33,33,33,33,54,0],"gold":25,"neow_bonus":"THREE_ENEMY_KILL","is_prod":false,"is_daily":false,"chose_seed":false,"campfire_upgraded":4,"win_rate":0,"timestamp":1550009652,"path_taken":["M","?","$","?","?","E","R","?","T","R","M","M","M","?","R","BOSS","M","M","M","M","?","R","M","E","T","R","?","$","?","M","R","BOSS"],"build_version":"2019-02-06","purchased_purges":1,"victory":false,"max_hp_per_floor":[70,70,70,70,70,70,70,70,70,70,70,70,70,70,70,70,70,70,70,70,70,70,70,70,70,70,70,70,70,70,70,70,70],"card_choices":[{"not_picked":["Cloak And Dagger","Flying Knee"],"picked":"Caltrops","floor":1},{"not_picked":["Glass Knife","Poisoned Stab","Flechettes"],"picked":"SKIP","floor":6},{"not_picked":["Underhanded Strike","Blade Dance"],"picked":"Cloak And Dagger","floor":11},{"not_picked":["Riddle With Holes","Cloak And Dagger"],"picked":"Noxious Fumes","floor":12},{"not_picked":["PiercingWail","Quick Slash"],"picked":"Expertise","floor":13},{"not_picked":["Unload","Night Terror"],"picked":"Doppelganger","floor":16},{"not_picked":["Finisher"],"picked":"SKIP","floor":18},{"not_picked":["Quick Slash"],"picked":"SKIP","floor":19},{"not_picked":["Dagger Spray"],"picked":"SKIP","floor":20},{"not_picked":["Dagger Throw"],"picked":"SKIP","floor":21},{"not_picked":["Underhanded Strike"],"picked":"SKIP","floor":24},{"not_picked":["Sucker Punch+1"],"picked":"SKIP","floor":25},{"not_picked":[],"picked":"Backstab","floor":28},{"not_picked":[],"picked":"Dodge and Roll","floor":31},{"not_picked":[],"picked":"Poisoned Stab+1","floor":32}],"player_experience":85954,"relics_obtained":[{"floor":5,"key":"Art of War"},{"floor":6,"key":"Happy Flower"},{"floor":9,"key":"Lantern"},{"floor":25,"key":"Bag of Marbles"},{"floor":26,"key":"Dream Catcher"}],"event_choices":[{"damage_healed":0,"gold_gain":0,"player_choice":"Take Damage","damage_taken":17,"relics_obtained":["Golden Idol"],"max_hp_gain":0,"max_hp_loss":0,"event_name":"Golden Idol","floor":2,"gold_loss":0},{"cards_removed":["Strike_G"],"damage_healed":0,"gold_gain":0,"player_choice":"Forget","damage_taken":0,"max_hp_gain":0,"max_hp_loss":0,"event_name":"Living Wall","floor":4,"gold_loss":0},{"damage_healed":0,"gold_gain":0,"player_choice":"Ignored","damage_taken":0,"max_hp_gain":0,"max_hp_loss":0,"event_name":"Liars Game","floor":8,"gold_loss":0},{"damage_healed":0,"gold_gain":0,"player_choice":"2 cards matched","damage_taken":0,"max_hp_gain":0,"max_hp_loss":0,"event_name":"Match and Keep!","floor":22,"gold_loss":0,"cards_obtained":["Bullet Time","Bane"]},{"damage_healed":0,"gold_gain":0,"player_choice":"Paid Fearfully","damage_taken":0,"max_hp_gain":0,"max_hp_loss":0,"event_name":"Masked Bandits","floor":30,"gold_loss":95}],"is_beta":true,"boss_relics":[{"not_picked":["Fusion Hammer","Velvet Choker"],"picked":"Busted Crown"}],"items_purged_floors":[29],"is_endless":false,"potions_floor_spawned":[6,12,20,24,25,28],"killed_by":"Automaton","ascension_level":1}