{"gold_per_floor":[116,170,170,183,183,183,183,183,206,223,22,41,41,60,60,163,163,173,135,315,82,32,32,49,49,73,73,107,107,107,107,107,206,206,216,1215,703,718,735,746,746,706,733,733,137,151,181,192,192,192],"floor_reached":51,"playtime":1383,"items_purged":["Pain","Strike_B","Normality","Normality"],"score":781,"play_id":"0fa65a72-7078-49c1-81af-f7f98d5e34bb","local_time":"20190220035017","is_ascension_mode":false,"campfire_choices":[{"data":"Dualcast","floor":6,"key":"SMITH"},{"data":"Reinforced Body","floor":8,"key":"SMITH"},{"data":"Reinforced Body","floor":15,"key":"SMITH"},{"floor":23,"key":"REST"},{"data":"Go for the Eyes","floor":25,"key":"SMITH"},{"floor":29,"key":"REST"},{"data":"Zap","floor":32,"key":"SMITH"},{"floor":41,"key":"REST"},{"floor":49,"key":"REST"}],"neow_cost":"NONE","seed_source_timestamp":36615964322457,"circlet_count":0,"master_deck":["Strike_B","Strike_B","Strike_B","Defend_B","Defend_B","Defend_B","Defend_B","Zap+1","Dualcast+1","Leap","Reinforced Body+1","Reinforced Body+1","Reinforced Body","Echo Form","Conserve Battery","Coolheaded","Go for the Eyes+1","Steam","Steam","Conserve Battery","Biased Cognition+1","Defragment+1","Meteor Strike","Zap+1","Electrodynamics+1","Ball Lightning","White Noise+1","Capacitor+1","Leap+1","Double Energy+1","White Noise+1","Decay","Sadistic Nature+1","Hologram+1","White Noise+1","Glacier+1","Seek+1"],"special_seed":0,"relics":["Cracked Core","Potion Belt","DataDisk","Juzu Bracelet","WarpedTongs","Bag of Marbles","Membership Card","Orrery","Frozen Egg 2","Runic Capacitor","Vajra","Enchiridion","Regal Pillow","CultistMask","Cursed Key","Toxic Egg 2","ClockworkSouvenir","Ancient Tea Set","Strawberry","Question Card","Du-Vu Doll","Sling","Molten Egg 2"],"potions_floor_usage":[14,28,33,39,50,50,50,50],"damage_taken":[{"damage":1.0,"enemies":"Cultist","floor":1.0,"turns":3.0},{"damage":0.0,"enemies":"2 Louse","floor":4.0,"turns":2.0},{"damage":1,"enemies":"Small Slimes","floor":10,"turns":2},{"damage":1,"enemies":"2 Fungi Beasts","floor":12,"turns":5},{"damage":0,"enemies":"Lots of Slimes","floor":14,"turns":1},{"damage":40,"enemies":"Hexaghost","floor":16,"turns":14},{"damage":21,"enemies":"Shell Parasite","floor":18,"turns":10},{"damage":4,"enemies":"Spheric Guardian","floor":24,"turns":6},{"damage":18,"enemies":"Book of Stabbing","floor":28,"turns":7},{"damage":5,"enemies":"Champ","floor":33,"turns":8},{"damage":0,"enemies":"Orb Walker","floor":35,"turns":3},{"damage":13,"enemies":"3 Darklings","floor":38,"turns":4},{"damage":23,"enemies":"Sphere and 2 Shapes","floor":39,"turns":4},{"damage":29,"enemies":"Transient","floor":40,"turns":5},{"damage":0,"enemies":"4 Shapes","floor":46,"turns":5},{"damage":7,"enemies":"Reptomancer","floor":47,"turns":5},{"damage":8,"enemies":"Jaw Worm Horde","floor":48,"turns":3},{"damage":0,"enemies":"Time Eater","floor":50,"turns":10}],"seed_played":"-4244572564230579241","potions_obtained":[{"floor":1.0,"key":"EssenceOfSteel"},{"floor":10,"key":"Explosive Potion"},{"floor":18,"key":"AttackPotion"},{"floor":28,"key":"Energy Potion"},{"floor":38,"key":"Energy Potion"},{"floor":42,"key":"FairyPotion"},{"floor":42,"key":"Regen Potion"},{"floor":42,"key":"Ancient Potion"}],"is_trial":false,"path_per_floor":["M","T","?","M","?","R","?","R","T","M","$","M","?","M","R","B",null,"M","$","?","$","$","R","M","R","T","?","E","R","?","?","R","B",null,"M","?","$","M","M","M","R","?","T","?","$","M","E","M","R","B",null],"character_chosen":"DEFECT","items_purchased":["Membership Card","Frozen Egg 2","Runic Capacitor","Toxic Egg 2","ClockworkSouvenir","White Noise+1","Capacitor+1","Ancient Tea Set","Regen Potion","Bandage Up+1","Question Card","Du-Vu Doll","Sling","SteroidPotion","Sadistic Nature+1","Hologram+1"],"campfire_rested":4,"item_purchase_floors":[11,21,21,37,37,37,37,37,37,37,45,45,45,45,45,45],"current_hp_per_floor":[74,74,74,74,56,56,56,56,56,55,55,54,75,75,75,35,75,54,54,33,33,33,55,51,51,51,35,17,54,54,54,54,49,75,75,75,75,62,45,22,59,59,66,66,66,66,59,51,82,82],"gold":192,"neow_bonus":"RANDOM_COMMON_RELIC","is_prod":false,"is_daily":false,"chose_seed":false,"campfire_upgraded":5,"win_rate":0,"timestamp":1550656217,"path_taken":["M","?","?","M","?","R","?","R","T","M","$","M","?","M","R","BOSS","M","$","?","?","$","R","M","R","T","?","E","R","?","?","R","BOSS","M","?","$","M","M","M","R","?","T","?","$","M","E","M","R","BOSS"],"build_version":"2019-01-23","purchased_purges":4,"victory":true,"max_hp_per_floor":[75,75,75,75,75,75,75,75,75,75,75,75,75,75,75,75,75,75,75,75,75,75,75,75,75,75,75,75,75,75,75,75,75,75,75,75,75,75,75,75,75,75,82,82,82,82,82,82,82,82],"card_choices":[{"not_picked":["Double Energy","Go for the Eyes"],"picked":"Leap","floor":1.0},{"not_picked":["Genetic Algorithm","Rebound"],"picked":"Reinforced Body","floor":4},{"not_picked":["Sweeping Beam","Seek"],"picked":"Reinforced Body","floor":10},{"not_picked":["Turbo","Force Field","Rebound"],"picked":"SKIP","floor":12},{"not_picked":["Hologram","Coolheaded"],"picked":"Reinforced Body","floor":14},{"not_picked":["Hyperbeam","Meteor Strike"],"picked":"Echo Form","floor":16},{"not_picked":["Stack","Go for the Eyes"],"picked":"Conserve Battery","floor":17},{"not_picked":["Streamline","Blizzard"],"picked":"Coolheaded","floor":17},{"not_picked":["Redo","Beam Cell"],"picked":"Go for the Eyes","floor":17},{"not_picked":["Barrage","Streamline"],"picked":"Steam","floor":17},{"not_picked":["Redo","Fusion"],"picked":"Steam","floor":17},{"not_picked":["Force Field","Compile Driver"],"picked":"Conserve Battery","floor":18},{"not_picked":["Steam","Streamline"],"picked":"Biased Cognition+1","floor":24},{"not_picked":["Reprogram","Conserve Battery+1"],"picked":"Defragment+1","floor":28},{"not_picked":["Echo Form+1","Core Surge"],"picked":"Electrodynamics+1","floor":33},{"not_picked":["Gash","Stack+1"],"picked":"Ball Lightning","floor":35},{"not_picked":["Barrage+1","Redo+1"],"picked":"Leap+1","floor":38},{"not_picked":["Hyperbeam","Barrage+1"],"picked":"Double Energy+1","floor":39},{"not_picked":["Go for the Eyes","Doom and Gloom"],"picked":"White Noise+1","floor":40},{"not_picked":["BootSequence+1","Leap+1","Chill+1"],"picked":"White Noise+1","floor":46},{"not_picked":["Leap+1","Sweeping Beam","Beam Cell+1"],"picked":"Glacier+1","floor":47},{"not_picked":["Streamline+1","Lockon+1","Rebound+1"],"picked":"Seek+1","floor":48}],"player_experience":913681,"relics_obtained":[{"floor":2.0,"key":"DataDisk"},{"floor":9,"key":"Bag of Marbles"},{"floor":26,"key":"Vajra"},{"floor":27,"key":"Enchiridion"},{"floor":28,"key":"Regal Pillow"},{"floor":43,"key":"Strawberry"},{"floor":47,"key":"Molten Egg 2"}],"event_choices":[{"damage_healed":0.0,"max_hp_gain":0.0,"max_hp_loss":0.0,"gold_gain":0.0,"event_name":"Living Wall","player_choice":"Grow","floor":3.0,"gold_loss":0.0,"damage_taken":0.0,"cards_upgraded":["Zap"]},{"damage_healed":0,"gold_gain":0,"player_choice":"Success","damage_taken":18,"relics_obtained":["Juzu Bracelet"],"max_hp_gain":0,"max_hp_loss":0,"event_name":"Scrap Ooze","floor":5,"gold_loss":0},{"damage_healed":0,"gold_gain":0,"player_choice":"Rummage","damage_taken":0,"relics_obtained":["WarpedTongs"],"max_hp_gain":0,"max_hp_loss":0,"event_name":"Accursed Blacksmith","floor":7,"gold_loss":0,"cards_obtained":["Pain"]},{"damage_healed":21,"gold_gain":0,"player_choice":"Full Heal","damage_taken":0,"max_hp_gain":0,"max_hp_loss":0,"event_name":"Wheel of Change","floor":13,"gold_loss":0},{"damage_healed":0,"gold_gain":180,"player_choice":"GOLD GOLD ","damage_taken":21,"max_hp_gain":0,"max_hp_loss":0,"event_name":"Knowing Skull","floor":20,"potions_obtained":[],"gold_loss":0,"cards_obtained":[]},{"damage_healed":0,"gold_gain":0,"player_choice":"Obtained Book","damage_taken":16,"max_hp_gain":0,"max_hp_loss":0,"event_name":"Cursed Tome","floor":27,"gold_loss":0},{"damage_healed":0,"gold_gain":0,"player_choice":"Trade","damage_taken":0,"relics_obtained":["CultistMask"],"max_hp_gain":0,"max_hp_loss":0,"event_name":"FaceTrader","floor":30,"gold_loss":0},{"damage_healed":0,"gold_gain":0,"player_choice":"2 cards matched","damage_taken":0,"max_hp_gain":0,"max_hp_loss":0,"event_name":"Match and Keep!","floor":31,"gold_loss":0,"cards_obtained":["Meteor Strike","Zap"]},{"damage_healed":0,"gold_gain":999,"player_choice":"Gold","damage_taken":0,"max_hp_gain":0,"max_hp_loss":0,"event_name":"MindBloom","floor":36,"gold_loss":0,"cards_obtained":["Normality","Normality"]},{"damage_healed":0,"gold_gain":0,"player_choice":"Bought 3 Potions","damage_taken":0,"max_hp_gain":0,"max_hp_loss":0,"event_name":"The Woman in Blue","floor":42,"gold_loss":0},{"cards_removed":["Bandage Up"],"damage_healed":0,"gold_gain":0,"player_choice":"Removed Skill","damage_taken":0,"max_hp_gain":0,"max_hp_loss":0,"event_name":"Falling","floor":44,"gold_loss":0}],"is_beta":false,"boss_relics":[{"not_picked":["Tiny House","Lizard Tail"],"picked":"Orrery"},{"not_picked":["Runic Pyramid","Sozu"],"picked":"Cursed Key"}],"items_purged_floors":[19,22,37,45],"is_endless":false,"potions_floor_spawned":[1,10,18,28,38,46],"ascension_level":0}