{"gold_per_floor":[114,114,68,87,98,98,125,140,140,154,166,182,182,31,31,135,135,152,134,144,144],"floor_reached":21,"playtime":3051,"items_purged":["Strike_G"],"score":268,"play_id":"17e92c3a-35f3-46e8-b65b-5beea725aa0f","local_time":"20190225175238","is_ascension_mode":true,"campfire_choices":[{"data":"Noxious Fumes","floor":6,"key":"SMITH"},{"data":"Bane","floor":13,"key":"SMITH"},{"floor":15,"key":"REST"}],"neow_cost":"NONE","seed_source_timestamp":907039730736953,"circlet_count":0,"master_deck":["Defend_G","Defend_G","Defend_G","Defend_G","Defend_G","Strike_G","Strike_G","Strike_G","Strike_G","Survivor","Neutralize","Deadly Poison","Noxious Fumes+1","Dagger Throw","Bane+1","Acrobatics","Caltrops"],"relics":["Busted Crown","Pen Nib","Snake Skull","Eternal Feather"],"potions_floor_usage":[7,7,7,12,16,16,20],"damage_taken":[{"damage":0,"enemies":"2 Louse","floor":1,"turns":5},{"damage":0,"enemies":"Cultist","floor":4,"turns":4},{"damage":0,"enemies":"Small Slimes","floor":5,"turns":3},{"damage":2,"enemies":"3 Sentries","floor":7,"turns":7},{"damage":4,"enemies":"Red Slaver","floor":8,"turns":3},{"damage":0,"enemies":"Looter","floor":10,"turns":2},{"damage":18,"enemies":"Lots of Slimes","floor":11,"turns":4},{"damage":15,"enemies":"Gremlin Gang","floor":12,"turns":3},{"damage":18,"enemies":"Hexaghost","floor":16,"turns":7},{"damage":11,"enemies":"Shell Parasite","floor":18,"turns":5},{"damage":26,"enemies":"2 Thieves","floor":19,"turns":4},{"damage":13,"enemies":"Snake Plant","floor":20,"turns":4},{"damage":16,"enemies":"3 Cultists","floor":21,"turns":4}],"seed_played":"2285469537763676955","potions_obtained":[{"floor":1,"key":"Block Potion"},{"floor":2,"key":"SkillPotion"},{"floor":2,"key":"Poison Potion"},{"floor":10,"key":"Strength Potion"},{"floor":11,"key":"GhostInAJar"},{"floor":12,"key":"Energy Potion"},{"floor":19,"key":"SkillPotion"}],"is_trial":false,"path_per_floor":["M","?","$","M","M","R","E","M","T","M","M","M","R","$","R","B",null,"M","M","M","M"],"character_chosen":"THE_SILENT","items_purchased":["Deadly Poison","Caltrops"],"campfire_rested":1,"item_purchase_floors":[3,14],"current_hp_per_floor":[63,63,63,63,63,63,61,57,57,57,39,24,24,24,45,27,59,48,22,9,0],"gold":144,"neow_bonus":"BOSS_RELIC","is_prod":false,"is_daily":false,"chose_seed":false,"campfire_upgraded":2,"win_rate":0,"timestamp":1551113558,"path_taken":["M","?","$","?","M","R","E","M","T","M","M","M","R","$","R","BOSS","M","M","M","M"],"build_version":"2019-01-23","purchased_purges":1,"victory":false,"max_hp_per_floor":[70,70,70,70,70,70,70,70,70,70,70,70,70,70,70,70,70,70,70,70,70],"card_choices":[{"not_picked":["Reflex"],"picked":"SKIP","floor":1},{"not_picked":[],"picked":"Noxious Fumes","floor":4},{"not_picked":[],"picked":"Dagger Throw","floor":5},{"not_picked":[],"picked":"Bane","floor":7},{"not_picked":["Underhanded Strike"],"picked":"SKIP","floor":8},{"not_picked":["Die Die Die"],"picked":"SKIP","floor":10},{"not_picked":[],"picked":"Acrobatics","floor":11},{"not_picked":["Prepared"],"picked":"SKIP","floor":12},{"not_picked":["Caltrops"],"picked":"SKIP","floor":18},{"not_picked":["Sucker Punch"],"picked":"SKIP","floor":19},{"not_picked":["Acrobatics"],"picked":"SKIP","floor":20}],"player_experience":506493,"relics_obtained":[{"floor":7,"key":"Pen Nib"},{"floor":9,"key":"Snake Skull"}],"event_choices":[{"damage_healed":0,"gold_gain":0,"player_choice":"Got Potions","damage_taken":0,"max_hp_gain":0,"max_hp_loss":0,"event_name":"Lab","floor":2,"gold_loss":0}],"is_beta":false,"boss_relics":[{"not_picked":["Runic Dome","Black Star"],"picked":"Eternal Feather"}],"items_purged_floors":[14],"is_endless":false,"potions_floor_spawned":[1,5,10,11,12,19],"killed_by":"3 Cultists","ascension_level":9}