{"gold_per_floor":[112,112,0,10,10,10,10,10,56,75,75,94,109,123,123,224,224,239,252,262,362,362,362,108,108,133,133,145,159,519,538,538,640,640,657,380,380,290,304,304,334,354,354,354,354,354,369,389,389,389],"floor_reached":51,"playtime":1152,"items_purged":["Strike_R","Shame","Rampage"],"score":769,"play_id":"21bae4aa-6056-437c-8c33-3d6810db8cc7","local_time":"20190225154043","is_ascension_mode":false,"campfire_choices":[{"data":"Flex","floor":6.0,"key":"SMITH"},{"data":"Flame Barrier","floor":8.0,"key":"SMITH"},{"data":"Armaments","floor":15.0,"key":"SMITH"},{"floor":23.0,"key":"REST"},{"floor":25.0,"key":"REST"},{"floor":27.0,"key":"REST"},{"floor":32.0,"key":"REST"},{"floor":40,"key":"REST"},{"floor":46,"key":"REST"},{"floor":49,"key":"REST"}],"neow_cost":"NONE","seed_source_timestamp":8908860566260,"circlet_count":0,"master_deck":["Bash+1","Flex+1","Flame Barrier+1","Flex+1","Heavy Blade+1","Carnage+1","Armaments+1","Flex+1","Offering+1","Shrug It Off+1","Flame Barrier+1","Spot Weakness+1","Feed+1","Disarm+1","Limit Break+1","Uppercut+1","Fiend Fire+1","Thunderclap+1","Inflame+1","Rage+1","Battle Trance+1","Battle Trance+1","Second Wind+1","Parasite"],"special_seed":0,"relics":["Burning Blood","Strawberry","Mercury Hourglass","Blood Vial","Question Card","Fusion Hammer","StoneCalendar","Ornamental Fan","Pantograph","Bronze Scales","Art of War","Pandora\u0027s Box","War Paint","Paper Frog","Blue Candle","Mark of the Bloom"],"potions_floor_usage":[35,47,50],"damage_taken":[{"damage":15.0,"enemies":"Small Slimes","floor":1.0,"turns":5.0},{"damage":9.0,"enemies":"Jaw Worm","floor":4.0,"turns":5.0},{"damage":0.0,"enemies":"2 Louse","floor":10.0,"turns":2.0},{"damage":8.0,"enemies":"Lots of Slimes","floor":12.0,"turns":4.0},{"damage":7.0,"enemies":"Blue Slaver","floor":13.0,"turns":3.0},{"damage":0.0,"enemies":"Large Slime","floor":14.0,"turns":3.0},{"damage":24.0,"enemies":"The Guardian","floor":16.0,"turns":11.0},{"damage":13.0,"enemies":"2 Thieves","floor":18.0,"turns":3.0},{"damage":11.0,"enemies":"Shell Parasite","floor":19.0,"turns":3.0},{"damage":6.0,"enemies":"Sentry and Sphere","floor":20.0,"turns":2.0},{"damage":6.0,"enemies":"Colosseum Slavers","floor":21.0,"turns":4.0},{"damage":11.0,"enemies":"Colosseum Nobs","floor":21.0,"turns":5.0},{"damage":12.0,"enemies":"Chosen and Byrds","floor":28.0,"turns":4.0},{"damage":17.0,"enemies":"Shelled Parasite and Fungi","floor":29.0,"turns":4.0},{"damage":6.0,"enemies":"Snake Plant","floor":31.0,"turns":2.0},{"damage":60.0,"enemies":"Champ","floor":33.0,"turns":10.0},{"damage":9.0,"enemies":"Orb Walker","floor":35.0,"turns":2.0},{"damage":12,"enemies":"3 Shapes","floor":39,"turns":3},{"damage":13,"enemies":"Reptomancer","floor":41,"turns":2},{"damage":27,"enemies":"Transient","floor":42,"turns":5},{"damage":6,"enemies":"4 Shapes","floor":47,"turns":6},{"damage":6,"enemies":"Writhing Mass","floor":48,"turns":2},{"damage":33,"enemies":"Donu and Deca","floor":50,"turns":7}],"seed_played":"-3069105919445095494","potions_obtained":[{"floor":4.0,"key":"BloodPotion"},{"floor":12.0,"key":"SkillPotion"},{"floor":13.0,"key":"GamblersBrew"},{"floor":16.0,"key":"SkillPotion"},{"floor":18.0,"key":"Energy Potion"},{"floor":21.0,"key":"SneckoOil"},{"floor":29.0,"key":"Block Potion"},{"floor":35,"key":"Fruit Juice"},{"floor":47,"key":"FearPotion"},{"floor":48,"key":"Energy Potion"}],"is_trial":false,"path_per_floor":["M","?","$","M","?","R","?","R","T","M","T","M","M","M","R","B",null,"M","M","M","?","?","R","$","R","T","R","M","M","?","M","R","B",null,"M","$","?","?","M","R","E","M","T","?","?","R","M","M","R","B",null],"character_chosen":"IRONCLAD","items_purchased":["Flame Barrier","Bronze Scales","War Paint"],"campfire_rested":7,"item_purchase_floors":[3,24,36],"current_hp_per_floor":[78,61,61,58,51,51,33,33,33,41,41,49,50,58,58,42,87,80,77,79,78,78,87,87,87,87,87,81,72,32,34,60,33,87,89,89,89,89,85,92,85,66,66,66,66,66,60,54,54,21],"gold":389,"neow_bonus":"RANDOM_COMMON_RELIC","is_prod":false,"is_daily":false,"chose_seed":false,"campfire_upgraded":3,"win_rate":0,"timestamp":1551130843,"path_taken":["M","?","$","M","?","R","?","R","T","M","?","?","M","M","R","BOSS","M","?","M","?","?","R","?","R","T","R","M","M","?","M","R","BOSS","M","$","?","?","M","R","E","?","T","?","?","R","?","M","R","BOSS"],"build_version":"2019-01-23","purchased_purges":3,"victory":true,"max_hp_per_floor":[87,87,87,87,87,87,87,87,87,87,87,87,87,87,87,87,87,87,87,87,87,87,87,87,87,87,87,87,87,87,87,87,87,87,92,92,92,92,92,92,92,92,92,92,92,92,96,96,96,96],"card_choices":[{"not_picked":["Twin Strike","Anger"],"picked":"Flex","floor":1.0},{"not_picked":["Feel No Pain","Thunderclap"],"picked":"Flex","floor":4.0},{"not_picked":["Wild Strike","Evolve"],"picked":"Heavy Blade","floor":10.0},{"not_picked":["Fiend Fire","Feel No Pain","Twin Strike"],"picked":"Carnage","floor":12.0},{"not_picked":["Rage","Searing Blow","Anger"],"picked":"Armaments","floor":13.0},{"not_picked":["Dropkick","Infernal Blade","Pommel Strike"],"picked":"Flex","floor":14.0},{"not_picked":["Fiend Fire","Immolate","Impervious"],"picked":"Offering","floor":16.0},{"not_picked":["Blood for Blood","Uppercut","Clash"],"picked":"Shrug It Off+1","floor":18.0},{"not_picked":["Anger","Seeing Red+1","Fire Breathing"],"picked":"Flame Barrier","floor":19.0},{"not_picked":["Pommel Strike","Uppercut","Body Slam"],"picked":"Spot Weakness+1","floor":20.0},{"not_picked":["Warcry","Headbutt","Flame Barrier","Pommel Strike"],"picked":"SKIP","floor":28.0},{"not_picked":["Feed","Second Wind+1","Twin Strike","Flex"],"picked":"SKIP","floor":29.0},{"not_picked":["Second Wind+1","Twin Strike","Flex"],"picked":"Feed","floor":29.0},{"not_picked":["Clothesline","Clash+1","Disarm","Combust"],"picked":"SKIP","floor":31.0},{"not_picked":["Clothesline","Clash+1","Combust"],"picked":"Disarm","floor":31.0},{"not_picked":["Demon Form","Barricade","Immolate"],"picked":"Limit Break","floor":33.0},{"not_picked":["Heavy Blade+1","Anger","Evolve"],"picked":"Battle Trance+1","floor":35},{"not_picked":["Warcry+1","Clash","Perfected Strike+1","Spot Weakness"],"picked":"SKIP","floor":39},{"not_picked":["Armaments+1","Combust","Searing Blow+1"],"picked":"Battle Trance","floor":41},{"not_picked":["Reaper","Wild Strike+1","Hemokinesis","True Grit+1"],"picked":"SKIP","floor":42},{"not_picked":["Pommel Strike","Clash+1","Sentinel+1"],"picked":"Second Wind+1","floor":47},{"not_picked":["Clash","Warcry","Havoc","Anger+1"],"picked":"SKIP","floor":48}],"player_experience":922405,"relics_obtained":[{"floor":9.0,"key":"Blood Vial"},{"floor":11.0,"key":"Question Card"},{"floor":21.0,"key":"StoneCalendar"},{"floor":21.0,"key":"Ornamental Fan"},{"floor":26.0,"key":"Art of War"},{"floor":41,"key":"Paper Frog"},{"floor":43,"key":"Blue Candle"}],"event_choices":[{"damage_healed":0.0,"max_hp_gain":0.0,"max_hp_loss":0.0,"gold_gain":0.0,"event_name":"Shining Light","player_choice":"Entered Light","floor":2.0,"gold_loss":0.0,"damage_taken":17.0,"cards_upgraded":["Bash","Defend_R"]},{"cards_removed":["Defend_R"],"damage_healed":0.0,"max_hp_gain":0.0,"max_hp_loss":0.0,"gold_gain":0.0,"event_name":"Golden Wing","player_choice":"Card Removal","floor":5.0,"gold_loss":0.0,"damage_taken":7.0},{"damage_healed":0.0,"max_hp_gain":0.0,"max_hp_loss":0.0,"gold_gain":0.0,"event_name":"Scrap Ooze","player_choice":"Success","floor":7.0,"gold_loss":0.0,"damage_taken":18.0,"relics_obtained":["Mercury Hourglass"]},{"damage_healed":0.0,"max_hp_gain":0.0,"max_hp_loss":0.0,"gold_gain":0.0,"event_name":"Colosseum","player_choice":"Fight","floor":21.0,"gold_loss":0.0,"damage_taken":0.0},{"damage_healed":0.0,"max_hp_gain":0.0,"max_hp_loss":0.0,"gold_gain":0.0,"event_name":"Colosseum","player_choice":"Fought Nobs","floor":21.0,"gold_loss":0.0,"damage_taken":0.0},{"damage_healed":0.0,"max_hp_gain":0.0,"max_hp_loss":0.0,"gold_gain":0.0,"event_name":"Addict","player_choice":"Stole Relic","floor":22.0,"gold_loss":0.0,"damage_taken":0.0,"relics_obtained":["Pantograph"],"cards_obtained":["Shame"]},{"damage_healed":0.0,"max_hp_gain":0.0,"max_hp_loss":0.0,"gold_gain":360.0,"event_name":"Knowing Skull","player_choice":"GOLD GOLD GOLD GOLD ","floor":30.0,"potions_obtained":[],"gold_loss":0.0,"damage_taken":40.0,"cards_obtained":[]},{"damage_healed":0,"gold_gain":0,"player_choice":"Ignored","damage_taken":0,"max_hp_gain":0,"max_hp_loss":0,"event_name":"Tomb of Lord Red Mask","floor":37,"gold_loss":0},{"cards_removed":["Clothesline"],"damage_healed":0,"gold_gain":0,"player_choice":"Upgrade and Remove","damage_taken":0,"max_hp_gain":0,"max_hp_loss":0,"event_name":"Designer","floor":38,"gold_loss":90,"cards_upgraded":["Flex"]},{"damage_healed":0,"gold_gain":0,"player_choice":"Upgrade","damage_taken":0,"relics_obtained":["Mark of the Bloom"],"max_hp_gain":0,"max_hp_loss":0,"event_name":"MindBloom","floor":44,"gold_loss":0,"cards_upgraded":["Flex","Heavy Blade","Carnage","Feed","Disarm","Limit Break","Uppercut","Fiend Fire","Thunderclap","Inflame","Rage","Battle Trance"]},{"damage_healed":0,"gold_gain":0,"player_choice":"Ignored","damage_taken":0,"max_hp_gain":0,"max_hp_loss":0,"event_name":"Accursed Blacksmith","floor":45,"gold_loss":0}],"is_beta":false,"boss_relics":[{"not_picked":["Runic Dome","Calling Bell"],"picked":"Fusion Hammer"},{"not_picked":["Empty Cage","Cursed Key"],"picked":"Pandora\u0027s Box"}],"items_purged_floors":[3,24,36],"is_endless":false,"potions_floor_spawned":[4,12,13,16,18,19,21,29,35,47,48],"ascension_level":0}