{"gold_per_floor":[115,125,125,135,185,185,210,210,210,210,228,228,261,271,271,346,346,366,379,379,397,155,155,166,166,166,166,5,31,31,42,42,42],"floor_reached":33,"playtime":2650,"items_purged":["Strike_R"],"score":523,"play_id":"4e426cd0-4446-40ab-9911-b94a3a0a9934","local_time":"20190220000351","is_ascension_mode":true,"campfire_choices":[{"data":"Feel No Pain","floor":6.0,"key":"SMITH"},{"floor":8.0,"key":"REST"},{"data":"Bash","floor":10.0,"key":"SMITH"},{"data":"Entrench","floor":15.0,"key":"SMITH"},{"data":"Shrug It Off","floor":23,"key":"SMITH"},{"data":"Shockwave","floor":27,"key":"SMITH"},{"floor":30,"key":"RECALL"},{"floor":32,"key":"REST"}],"neow_cost":"NONE","seed_source_timestamp":0,"circlet_count":0,"master_deck":["AscendersBane","Strike_R","Strike_R","Strike_R","Defend_R","Defend_R","Defend_R","Defend_R","Bash+1","Impatience","Feel No Pain+1","Havoc+1","Intimidate","Headbutt+1","Reaper+1","Shrug It Off+1","Entrench+1","Feed+1","Clothesline+1","Shrug It Off","Reaper+1","Rampage+1","Shockwave+1","Feed+1"],"special_seed":0,"relics":["Molten Egg 2","Lantern","Potion Belt","Velvet Choker","Blood Vial","Nloth\u0027s Gift","Ginger","Anchor","Kunai"],"potions_floor_usage":[31,33,33,33],"damage_taken":[{"damage":9.0,"enemies":"Small Slimes","floor":1.0,"turns":5.0},{"damage":14.0,"enemies":"Jaw Worm","floor":2.0,"turns":5.0},{"damage":0.0,"enemies":"Cultist","floor":4.0,"turns":3.0},{"damage":43.0,"enemies":"Lagavulin","floor":7.0,"turns":9.0},{"damage":11.0,"enemies":"Looter","floor":11.0,"turns":4.0},{"damage":14.0,"enemies":"3 Sentries","floor":13.0,"turns":12.0},{"damage":24.0,"enemies":"Gremlin Gang","floor":14.0,"turns":6.0},{"damage":19.0,"enemies":"The Guardian","floor":16.0,"turns":11.0},{"damage":17,"enemies":"Shell Parasite","floor":18,"turns":7},{"damage":0,"enemies":"Chosen","floor":19,"turns":3},{"damage":20,"enemies":"Snake Plant","floor":21,"turns":6},{"damage":7,"enemies":"Centurion and Healer","floor":24,"turns":7},{"damage":45,"enemies":"Gremlin Leader","floor":29,"turns":8},{"damage":28,"enemies":"Shelled Parasite and Fungi","floor":31,"turns":6},{"damage":110,"enemies":"Collector","floor":33,"turns":14}],"seed_played":"8662002159363022678","potions_obtained":[{"floor":2.0,"key":"Ancient Potion"},{"floor":4.0,"key":"SteroidPotion"},{"floor":13.0,"key":"Weak Potion"},{"floor":16.0,"key":"Strength Potion"},{"floor":19,"key":"Fire Potion"},{"floor":24,"key":"Block Potion"},{"floor":29,"key":"Strength Potion"}],"is_trial":false,"path_per_floor":["M","M","?","M","?","R","E","R","T","R","M","?","E","M","R","B",null,"M","M","?","M","$","R","M","?","T","R","$","E","R","M","R","B"],"character_chosen":"IRONCLAD","items_purchased":["Blood Vial","Anchor"],"campfire_rested":2,"item_purchase_floors":[22,28],"current_hp_per_floor":[65,57,57,63,63,63,26,48,48,48,43,43,65,57,57,51,69,66,77,77,73,73,73,83,83,83,83,83,76,76,50,74,0],"gold":42,"neow_bonus":"RANDOM_COLORLESS","is_prod":false,"is_daily":false,"chose_seed":false,"campfire_upgraded":5,"win_rate":0,"timestamp":1550649831,"path_taken":["M","M","?","M","?","R","E","R","T","R","?","?","E","?","R","BOSS","M","M","?","?","$","R","M","?","T","R","$","E","R","M","R","BOSS"],"build_version":"2019-01-23","purchased_purges":1,"victory":false,"max_hp_per_floor":[75,75,75,75,75,75,75,75,75,75,75,75,75,75,75,75,75,79,79,79,79,79,79,83,83,83,83,83,83,83,83,83,83],"card_choices":[{"not_picked":["Sentinel","Thunderclap"],"picked":"Feel No Pain","floor":1.0},{"not_picked":["Evolve","Flex"],"picked":"Havoc","floor":2.0},{"not_picked":["Heavy Blade","Searing Blow"],"picked":"Intimidate","floor":4.0},{"not_picked":["Wild Strike","Warcry"],"picked":"Headbutt","floor":7.0},{"not_picked":["Clothesline+1","Headbutt+1"],"picked":"Reaper+1","floor":11.0},{"not_picked":["Anger+1","Flex"],"picked":"Shrug It Off","floor":13.0},{"not_picked":["Perfected Strike+1","Twin Strike+1"],"picked":"Entrench","floor":14.0},{"not_picked":["Exhume","Impervious"],"picked":"Feed+1","floor":16.0},{"not_picked":["Whirlwind+1","Headbutt+1"],"picked":"Clothesline+1","floor":18},{"not_picked":["Rupture","Cleave+1"],"picked":"Shrug It Off","floor":19},{"not_picked":["Whirlwind+1","Bloodletting"],"picked":"Rampage+1","floor":21},{"not_picked":["Pummel+1","Twin Strike+1"],"picked":"Shockwave","floor":24},{"not_picked":["Immolate+1","True Grit"],"picked":"Feed+1","floor":29},{"not_picked":["Anger+1","Cleave+1","Headbutt+1"],"picked":"SKIP","floor":31}],"player_experience":845323,"relics_obtained":[{"floor":7.0,"key":"Molten Egg 2"},{"floor":9.0,"key":"Lantern"},{"floor":13.0,"key":"Potion Belt"},{"floor":26,"key":"Ginger"},{"floor":29,"key":"Kunai"}],"event_choices":[{"damage_healed":0.0,"max_hp_gain":0.0,"max_hp_loss":0.0,"gold_gain":0.0,"event_name":"Living Wall","player_choice":"Grow","floor":3.0,"gold_loss":0.0,"damage_taken":0.0,"cards_upgraded":["Havoc"]},{"damage_healed":0.0,"max_hp_gain":0.0,"max_hp_loss":0.0,"gold_gain":50.0,"event_name":"Golden Shrine","player_choice":"Pray","floor":5.0,"gold_loss":0.0,"damage_taken":0.0},{"cards_removed":["Strike_R"],"damage_healed":0.0,"max_hp_gain":0.0,"max_hp_loss":0.0,"gold_gain":0.0,"event_name":"Purifier","player_choice":"Purged","floor":12.0,"gold_loss":0.0,"damage_taken":0.0},{"damage_healed":0,"gold_gain":0,"player_choice":"Copied","damage_taken":0,"max_hp_gain":0,"max_hp_loss":0,"event_name":"Duplicator","floor":20,"gold_loss":0,"cards_obtained":["Reaper"]},{"damage_healed":0,"gold_gain":0,"player_choice":"Traded Relic","damage_taken":0,"relics_obtained":["Nloth\u0027s Gift"],"max_hp_gain":0,"max_hp_loss":0,"event_name":"N\u0027loth","floor":25,"relics_lost":["Burning Blood"],"gold_loss":0}],"is_beta":false,"boss_relics":[{"not_picked":["Mark of Pain","Cursed Key"],"picked":"Velvet Choker"}],"items_purged_floors":[22],"is_endless":false,"potions_floor_spawned":[2,4,13,16,19,24,29],"killed_by":"Collector","ascension_level":18}