{"gold_per_floor":[114,126,140,157,175,175,208,219,290,323,323,11,39,57,57,152,152,169,187,87,87,0,0,35,35,35,70,70,70,70,95,95,199,199,211,11,111,127,127,127,158,158,206,206,237,256,256,273,273,273],"floor_reached":51,"playtime":5264,"items_purged":["Strike_R","Strike_R"],"score":1108,"play_id":"10e5bf84-9f59-4491-ab3e-9ee5edc2bdeb","local_time":"20190225165800","is_ascension_mode":true,"campfire_choices":[{"data":"Feed","floor":6,"key":"SMITH"},{"data":"Armaments","floor":11,"key":"SMITH"},{"data":"1","floor":15,"key":"LIFT"},{"data":"2","floor":23,"key":"LIFT"},{"data":"3","floor":25,"key":"LIFT"},{"data":"Metallicize","floor":28,"key":"SMITH"},{"data":"Heavy Blade","floor":32,"key":"SMITH"},{"data":"Shockwave","floor":40,"key":"SMITH"},{"data":"Disarm","floor":42,"key":"SMITH"},{"data":"Disarm","floor":47,"key":"SMITH"},{"data":"Double Tap","floor":49,"key":"SMITH"}],"neow_cost":"NONE","seed_source_timestamp":901537759304064,"circlet_count":0,"master_deck":["Strike_R","Strike_R","Defend_R","Defend_R","Defend_R","Defend_R","Bash","Feed+1","Iron Wave","Carnage","Shrug It Off","Cleave","Reaper","Armaments+1","Ghostly Armor","Heavy Blade+1","Metallicize+1","Shockwave+1","Bludgeon","Battle Trance","True Grit+1","Disarm+1","Disarm+1","Double Tap+1","Inflame+1"],"relics":["Black Blood","Happy Flower","Shuriken","Girya","Red Skull","WingedGreaves","Sozu","Art of War","Bottled Tornado","Incense Burner","Potion Belt","Sling","Gambling Chip","Pen Nib","Anchor","Bronze Scales"],"potions_floor_usage":[7,13,16,41,46],"damage_taken":[{"damage":1,"enemies":"Cultist","floor":1,"turns":3},{"damage":4,"enemies":"Jaw Worm","floor":2,"turns":4},{"damage":2,"enemies":"2 Louse","floor":3,"turns":2},{"damage":6,"enemies":"Blue Slaver","floor":4,"turns":5},{"damage":12,"enemies":"Large Slime","floor":5,"turns":8},{"damage":24,"enemies":"Lagavulin","floor":7,"turns":6},{"damage":26,"enemies":"Gremlin Gang","floor":8,"turns":4},{"damage":10,"enemies":"3 Sentries","floor":10,"turns":6},{"damage":24,"enemies":"Gremlin Nob","floor":13,"turns":4},{"damage":10,"enemies":"Exordium Thugs","floor":14,"turns":6},{"damage":14,"enemies":"The Guardian","floor":16,"turns":13},{"damage":8,"enemies":"Chosen","floor":18,"turns":5},{"damage":4,"enemies":"3 Byrds","floor":19,"turns":6},{"damage":15,"enemies":"Colosseum Slavers","floor":21,"turns":4},{"damage":17,"enemies":"Slavers","floor":24,"turns":6},{"damage":3,"enemies":"Gremlin Leader","floor":27,"turns":6},{"damage":8,"enemies":"Book of Stabbing","floor":31,"turns":6},{"damage":36,"enemies":"Automaton","floor":33,"turns":12},{"damage":3,"enemies":"Orb Walker","floor":35,"turns":3},{"damage":35,"enemies":"Mind Bloom Boss Battle","floor":37,"turns":7},{"damage":25,"enemies":"3 Shapes","floor":38,"turns":8},{"damage":61,"enemies":"Reptomancer","floor":41,"turns":7},{"damage":4,"enemies":"Giant Head","floor":45,"turns":7},{"damage":0,"enemies":"Spire Growth","floor":46,"turns":5},{"damage":16,"enemies":"Maw","floor":48,"turns":6},{"damage":77,"enemies":"Donu and Deca","floor":50,"turns":10}],"seed_played":"-4729803117818947180","potions_obtained":[{"floor":3,"key":"Ancient Potion"},{"floor":4,"key":"Ancient Potion"},{"floor":5,"key":"SkillPotion"},{"floor":10,"key":"Ancient Potion"},{"floor":13,"key":"Regen Potion"}],"is_trial":false,"path_per_floor":["M","M","M","M","M","R","E","M","T","E","R","$","E","M","R","B",null,"M","M","$","?","?","R","E","R","T","E","R","?","$","E","R","B",null,"M","$","?","M","?","R","E","R","T","?","E","M","R","M","R","B",null],"character_chosen":"IRONCLAD","items_purchased":["Metallicize","Red Skull","AttackPotion","Sling"],"campfire_rested":0,"item_purchase_floors":[12,12,12,36],"current_hp_per_floor":[80,85,89,92,89,89,71,65,65,73,73,73,62,62,62,74,99,97,103,103,98,98,98,91,91,91,109,109,109,109,119,119,99,114,123,123,102,111,111,111,108,108,108,108,114,124,124,118,118,65],"gold":273,"neow_bonus":"ONE_RANDOM_RARE_CARD","is_prod":false,"is_daily":false,"chose_seed":false,"campfire_upgraded":8,"win_rate":0,"timestamp":1551110280,"path_taken":["M","?","M","M","M","R","E","M","T","E","R","$","E","M","R","BOSS","M","M","$","?","?","R","E","R","T","E","R","?","?","E","R","BOSS","M","$","?","M","?","R","E","R","T","?","E","M","R","?","R","BOSS"],"build_version":"2019-01-23","purchased_purges":2,"victory":true,"max_hp_per_floor":[83,86,89,92,95,95,95,99,99,103,103,103,103,107,107,107,107,107,111,111,115,115,115,119,119,119,119,119,119,119,119,119,119,119,123,123,127,131,131,131,131,131,131,131,131,131,131,131,131,131],"card_choices":[{"not_picked":["Havoc","Anger"],"picked":"Iron Wave","floor":1},{"not_picked":["Sword Boomerang","Dual Wield"],"picked":"Carnage","floor":2},{"not_picked":["Perfected Strike","Clash"],"picked":"Shrug It Off","floor":3},{"not_picked":["Twin Strike","Flex"],"picked":"Cleave","floor":4},{"not_picked":["True Grit","Evolve"],"picked":"Reaper","floor":5},{"not_picked":["Second Wind","Cleave"],"picked":"Armaments","floor":7},{"not_picked":["Seeing Red","Anger"],"picked":"Ghostly Armor","floor":8},{"not_picked":["Perfected Strike","Cleave"],"picked":"Heavy Blade","floor":10},{"not_picked":["Corruption","Uppercut","Body Slam"],"picked":"SKIP","floor":13},{"not_picked":["Seeing Red","Armaments"],"picked":"Shockwave","floor":14},{"not_picked":["Brutality","Barricade"],"picked":"Bludgeon","floor":16},{"not_picked":["Wild Strike+1","Pummel"],"picked":"Battle Trance","floor":18},{"not_picked":["Anger+1","Headbutt"],"picked":"True Grit+1","floor":19},{"not_picked":["Rampage","Hemokinesis"],"picked":"Disarm","floor":24},{"not_picked":["Infernal Blade","Evolve","True Grit"],"picked":"SKIP","floor":27},{"not_picked":["Sword Boomerang","Hemokinesis+1","Bloodletting"],"picked":"SKIP","floor":31},{"not_picked":["Berserk","Fiend Fire"],"picked":"Double Tap","floor":33},{"not_picked":["Sentinel","Shrug It Off","Headbutt"],"picked":"SKIP","floor":35},{"not_picked":["Dropkick+1","Thunderclap"],"picked":"Inflame+1","floor":38},{"not_picked":["Corruption","Uppercut","Shrug It Off+1"],"picked":"SKIP","floor":41},{"not_picked":["Corruption","Feed","Twin Strike+1"],"picked":"SKIP","floor":45},{"not_picked":["Warcry","Anger+1","Twin Strike+1"],"picked":"SKIP","floor":46},{"not_picked":["Havoc+1","Wild Strike+1","Headbutt+1"],"picked":"SKIP","floor":48}],"player_experience":501229,"relics_obtained":[{"floor":7,"key":"Happy Flower"},{"floor":9,"key":"Shuriken"},{"floor":10,"key":"Girya"},{"floor":13,"key":"WingedGreaves"},{"floor":24,"key":"Art of War"},{"floor":26,"key":"Bottled Tornado"},{"floor":27,"key":"Incense Burner"},{"floor":31,"key":"Potion Belt"},{"floor":37,"key":"Gambling Chip"},{"floor":41,"key":"Pen Nib"},{"floor":43,"key":"Anchor"},{"floor":45,"key":"Bronze Scales"}],"event_choices":[{"damage_healed":0,"gold_gain":0,"player_choice":"Fight","damage_taken":0,"max_hp_gain":0,"max_hp_loss":0,"event_name":"Colosseum","floor":21,"gold_loss":0},{"damage_healed":0,"gold_gain":0,"player_choice":"Fled From Nobs","damage_taken":0,"max_hp_gain":0,"max_hp_loss":0,"event_name":"Colosseum","floor":21,"gold_loss":0},{"damage_healed":0,"gold_gain":0,"player_choice":"Paid Fearfully","damage_taken":0,"max_hp_gain":0,"max_hp_loss":0,"event_name":"Masked Bandits","floor":22,"gold_loss":87},{"damage_healed":0,"gold_gain":0,"player_choice":"Read","damage_taken":0,"max_hp_gain":0,"max_hp_loss":0,"event_name":"The Library","floor":29,"gold_loss":0,"cards_obtained":["Disarm"]},{"damage_healed":0,"gold_gain":0,"player_choice":"Fight","damage_taken":0,"max_hp_gain":0,"max_hp_loss":0,"event_name":"MindBloom","floor":37,"gold_loss":0},{"cards_removed":["Strike_R"],"damage_healed":0,"gold_gain":0,"player_choice":"Removed Attack","damage_taken":0,"max_hp_gain":0,"max_hp_loss":0,"event_name":"Falling","floor":39,"gold_loss":0},{"damage_healed":0,"gold_gain":0,"player_choice":"Got Potions","damage_taken":0,"max_hp_gain":0,"max_hp_loss":0,"event_name":"Lab","floor":44,"gold_loss":0}],"is_beta":false,"boss_relics":[{"not_picked":["Pandora\u0027s Box","Runic Cube"],"picked":"Sozu"},{"not_picked":["White Beast Statue","Runic Pyramid"],"picked":"Black Blood"}],"items_purged_floors":[12,20],"is_endless":false,"potions_floor_spawned":[3,4,5,10,13,19,24,27,31,38,41,46],"ascension_level":8}