{"gold_per_floor":[118,135,135,135,154,154,154,182,182,198,198,213,213,224,224,322,322,342,342,44,44,63,63,81,6,60,60,74,74,90,103,103,208,208,221,221,239,71,91,91,101,101,101,101,121,141,173,193,193,193],"floor_reached":51,"playtime":3377,"items_purged":["Strike_B","Defend_B"],"score":683,"play_id":"2d3b3f57-0516-48be-a59c-7e135b650567","local_time":"20190215135533","is_ascension_mode":false,"campfire_choices":[{"data":"Zap","floor":6,"key":"SMITH"},{"floor":11,"key":"REST"},{"data":"BootSequence","floor":13,"key":"SMITH"},{"floor":15,"key":"REST"},{"data":"Chaos","floor":23,"key":"SMITH"},{"floor":29,"key":"REST"},{"floor":32,"key":"REST"},{"floor":40,"key":"REST"},{"floor":44,"key":"REST"},{"floor":49,"key":"REST"}],"neow_cost":"NONE","seed_source_timestamp":2741073850409966,"circlet_count":0,"master_deck":["Strike_B+1","Strike_B+1","Defend_B+1","Defend_B+1","Zap+1","Dualcast+1","Genetic Algorithm+1","Capacitor+1","Sweeping Beam+1","BootSequence+1","Skim+1","Chill+1","Fission+1","Glacier+1","Chill+1","Compile Driver+1","Redo+1","Stack+1","Electrodynamics+1","Chaos+1","Blizzard+1","Multi-Cast+1","Consume+1","Coolheaded+1","Barrage+1","White Noise+1","Machine Learning+1","Chaos+1","Blizzard+1","Defragment+1","Double Energy+1","Aggregate+1","Reboot"],"relics":["Philosopher\u0027s Stone","Ginger","Pantograph","Orrery","Tiny Chest","Eternal Feather","Mark of the Bloom","Letter Opener","Orichalcum"],"potions_floor_usage":[8,16,16,16,28,33,39,50],"damage_taken":[{"damage":7,"enemies":"Jaw Worm","floor":1,"turns":3},{"damage":13,"enemies":"2 Louse","floor":2,"turns":4},{"damage":0,"enemies":"Small Slimes","floor":5,"turns":4},{"damage":40,"enemies":"Gremlin Nob","floor":8,"turns":5},{"damage":8,"enemies":"Exordium Wildlife","floor":10,"turns":4},{"damage":0,"enemies":"Lots of Slimes","floor":12,"turns":2},{"damage":0,"enemies":"Blue Slaver","floor":14,"turns":3},{"damage":39,"enemies":"The Guardian","floor":16,"turns":13},{"damage":8,"enemies":"Shell Parasite","floor":18,"turns":12},{"damage":7,"enemies":"2 Thieves","floor":22,"turns":4},{"damage":14,"enemies":"Snake Plant","floor":24,"turns":5},{"damage":25,"enemies":"Chosen and Byrds","floor":28,"turns":7},{"damage":7,"enemies":"Sentry and Sphere","floor":30,"turns":6},{"damage":0,"enemies":"3 Cultists","floor":31,"turns":4},{"damage":70,"enemies":"Automaton","floor":33,"turns":14},{"damage":0,"enemies":"3 Shapes","floor":35,"turns":2},{"damage":11,"enemies":"Orb Walker","floor":37,"turns":6},{"damage":32,"enemies":"Transient","floor":39,"turns":5},{"damage":20,"enemies":"3 Darklings","floor":41,"turns":5},{"damage":11,"enemies":"Jaw Worm Horde","floor":45,"turns":2},{"damage":4,"enemies":"Transient","floor":46,"turns":5},{"damage":0,"enemies":"Giant Head","floor":47,"turns":7},{"damage":0,"enemies":"Sphere and 2 Shapes","floor":48,"turns":4},{"damage":20,"enemies":"Donu and Deca","floor":50,"turns":8}],"seed_played":"4072406563845291444","potions_obtained":[{"floor":1,"key":"Strength Potion"},{"floor":5,"key":"Poison Potion"},{"floor":8,"key":"EssenceOfSteel"},{"floor":12,"key":"EssenceOfSteel"},{"floor":24,"key":"Fire Potion"},{"floor":31,"key":"LiquidBronze"},{"floor":37,"key":"Weak Potion"},{"floor":41,"key":"Ancient Potion"},{"floor":45,"key":"SpeedPotion"},{"floor":47,"key":"Dexterity Potion"}],"is_trial":false,"path_per_floor":["M","M","?","?","M","R","?","E","T","M","R","M","R","M","R","B",null,"M","?","$","?","M","R","M","?","T","$","M","R","M","M","R","B",null,"M","?","M","$","M","R","M","?","T","R","M","M","E","M","R","B",null],"character_chosen":"DEFECT","items_purchased":["Electrodynamics","Chaos","Blizzard","Defragment"],"campfire_rested":7,"item_purchase_floors":[20,20,20,38],"current_hp_per_floor":[68,55,40,65,65,65,65,25,25,17,39,39,39,39,61,36,75,67,53,53,53,46,46,32,32,32,32,7,31,24,24,48,3,80,80,80,69,69,37,79,59,59,59,59,48,44,44,44,44,24],"gold":193,"neow_bonus":"BOSS_RELIC","is_prod":false,"is_daily":false,"chose_seed":false,"campfire_upgraded":3,"win_rate":0.0,"timestamp":1550256933,"path_taken":["M","M","?","?","M","R","?","E","T","M","R","?","R","M","R","BOSS","M","?","$","?","M","R","M","?","T","$","M","R","M","M","R","BOSS","M","?","M","$","?","R","M","?","T","R","M","M","E","M","R","BOSS"],"build_version":"2019-02-06","purchased_purges":2,"victory":true,"max_hp_per_floor":[75,75,75,75,75,75,75,75,75,75,75,75,75,75,75,75,75,75,80,80,80,80,80,80,80,80,80,80,80,80,80,80,80,80,80,80,80,80,80,80,80,80,80,80,80,80,80,80,80,80],"card_choices":[{"not_picked":["Turbo","Skim"],"picked":"Genetic Algorithm","floor":1},{"not_picked":["Lockon","Rebound"],"picked":"Capacitor","floor":2},{"not_picked":["Gash","Rebound"],"picked":"Sweeping Beam","floor":5},{"not_picked":["Leap","Hologram"],"picked":"BootSequence","floor":8},{"not_picked":["Recycle","Beam Cell"],"picked":"Skim","floor":10},{"not_picked":["Streamline","Reinforced Body","Rebound"],"picked":"SKIP","floor":12},{"not_picked":["Streamline","Darkness"],"picked":"Chill","floor":14},{"not_picked":["Amplify","Rainbow"],"picked":"Fission","floor":16},{"not_picked":["Sunder","Beam Cell"],"picked":"Glacier","floor":17},{"not_picked":["Self Repair","Recycle"],"picked":"Chill","floor":17},{"not_picked":["Sweeping Beam","Beam Cell"],"picked":"Compile Driver","floor":17},{"not_picked":["Sweeping Beam","Conserve Battery"],"picked":"Redo","floor":17},{"not_picked":["Hello World","Turbo"],"picked":"Stack","floor":17},{"not_picked":["Rebound","Cold Snap","Heatsinks"],"picked":"SKIP","floor":18},{"not_picked":["Turbo","Coolheaded"],"picked":"Multi-Cast","floor":22},{"not_picked":["Turbo","Ball Lightning"],"picked":"Consume","floor":24},{"not_picked":["Hologram","Self Repair"],"picked":"Coolheaded","floor":28},{"not_picked":["Genetic Algorithm","FTL+1"],"picked":"Barrage","floor":30},{"not_picked":["Fusion","Self Repair"],"picked":"White Noise+1","floor":31},{"not_picked":["Creative AI","Hyperbeam"],"picked":"Machine Learning","floor":33},{"not_picked":["Cold Snap","Self Repair"],"picked":"Chaos+1","floor":35},{"not_picked":["Cold Snap+1","Sweeping Beam+1"],"picked":"Blizzard+1","floor":37},{"not_picked":["Leap","Auto Shields+1","Sweeping Beam+1"],"picked":"SKIP","floor":39},{"not_picked":["Go for the Eyes+1","Ball Lightning","Fusion"],"picked":"SKIP","floor":41},{"not_picked":["Sweeping Beam","Barrage+1"],"picked":"Double Energy+1","floor":45},{"not_picked":["Undo","Chaos+1","Barrage+1"],"picked":"SKIP","floor":46},{"not_picked":["Consume+1","Barrage+1"],"picked":"Aggregate+1","floor":47},{"not_picked":["Gash+1","Storm"],"picked":"Reboot","floor":48}],"player_experience":119557,"relics_obtained":[{"floor":8,"key":"Ginger"},{"floor":9,"key":"Pantograph"},{"floor":26,"key":"Tiny Chest"},{"floor":43,"key":"Letter Opener"},{"floor":47,"key":"Orichalcum"}],"event_choices":[{"damage_healed":0,"gold_gain":0,"player_choice":"Entered Light","damage_taken":15,"max_hp_gain":0,"max_hp_loss":0,"event_name":"Shining Light","floor":3,"gold_loss":0,"cards_upgraded":["Genetic Algorithm","Strike_B"]},{"damage_healed":25,"gold_gain":0,"player_choice":"Banana","damage_taken":0,"max_hp_gain":0,"max_hp_loss":0,"event_name":"Big Fish","floor":4,"gold_loss":0},{"damage_healed":0,"gold_gain":0,"player_choice":"Ignored","damage_taken":0,"max_hp_gain":0,"max_hp_loss":0,"event_name":"Golden Idol","floor":7,"gold_loss":0},{"damage_healed":0,"gold_gain":0,"player_choice":"Shed Blood","damage_taken":19,"max_hp_gain":5,"max_hp_loss":0,"event_name":"Forgotten Altar","floor":19,"gold_loss":0},{"cards_removed":["Defend_B"],"damage_healed":0,"gold_gain":0,"player_choice":"Elegance","damage_taken":0,"max_hp_gain":0,"max_hp_loss":0,"event_name":"Back to Basics","floor":21,"gold_loss":0},{"cards_removed":["Strike_B"],"damage_healed":0,"gold_gain":0,"player_choice":"Gave Gold","damage_taken":0,"max_hp_gain":0,"max_hp_loss":0,"event_name":"Beggar","floor":25,"gold_loss":75},{"damage_healed":0,"gold_gain":0,"player_choice":"Forge","damage_taken":0,"max_hp_gain":0,"max_hp_loss":0,"event_name":"Accursed Blacksmith","floor":36,"gold_loss":0,"cards_upgraded":["Fission"]},{"damage_healed":0,"gold_gain":0,"player_choice":"Upgrade","damage_taken":0,"relics_obtained":["Mark of the Bloom"],"max_hp_gain":0,"max_hp_loss":0,"event_name":"MindBloom","floor":42,"gold_loss":0,"cards_upgraded":["Strike_B","Defend_B","Defend_B","Dualcast","Capacitor","Sweeping Beam","Skim","Chill","Glacier","Chill","Compile Driver","Redo","Stack","Electrodynamics","Blizzard","Multi-Cast","Consume","Coolheaded","Barrage","Machine Learning","Defragment"]}],"is_beta":true,"boss_relics":[{"not_picked":["Coffee Dripper","Cursed Key"],"picked":"Orrery"},{"not_picked":["White Beast Statue","Velvet Choker"],"picked":"Eternal Feather"}],"items_purged_floors":[20,38],"is_endless":false,"potions_floor_spawned":[1,5,8,12,24,31,37,41,45,47],"ascension_level":0}