{"path_per_floor":["M","M","?","M","?","R","E","M","T","R","$","E","R","M","R","B",null,"M","?","$","M","M","R","E","M","T","$","M","R"],"character_chosen":"DEFECT","items_purchased":["Leap","Oddly Smooth Stone","Dexterity Potion","Leap"],"gold_per_floor":[116,128,128,141,291,291,320,331,331,331,202,231,231,250,250,327,327,341,369,20,33,49,49,105,117,144,19,34,34,34],"floor_reached":30,"campfire_rested":3,"playtime":2215,"item_purchase_floors":[11,20,20,20],"current_hp_per_floor":[64,63,63,63,63,63,39,37,37,37,37,11,11,7,26,20,53,36,36,36,30,27,46,25,12,12,12,12,31,0],"items_purged":["Doubt","Strike_B","Strike_B"],"gold":34,"score":480,"play_id":"d9e78b4d-74bb-406f-9c21-cd745796352d","local_time":"20180529174453","is_prod":false,"is_daily":false,"chose_seed":false,"is_ascension_mode":true,"campfire_upgraded":3,"win_rate":0,"timestamp":1527641093,"campfire_choices":[{"data":"Ball Lightning","floor":6,"key":"SMITH"},{"data":"Zap","floor":10,"key":"SMITH"},{"data":"Double Energy","floor":13,"key":"SMITH"},{"floor":15,"key":"REST"},{"floor":23,"key":"REST"},{"floor":29,"key":"REST"}],"path_taken":["M","M","?","M","?","R","E","M","T","R","$","E","R","?","R","BOSS","M","?","$","M","M","R","E","M","T","$","?","R","M"],"build_version":"2018-05-28","seed_source_timestamp":98182314429754,"purchased_purges":3,"victory":false,"master_deck":["Strike_B","Strike_B","Defend_B","Defend_B","Defend_B","Defend_B","Zap+1","Dualcast","AscendersBane","Leap","Ball Lightning+1","Steam","Coolheaded","Leap","Double Energy+1","Ball Lightning","Rainbow","Turbo","Steam","Leap","Steam+1","Consume","Glacier","Leap","Hologram"],"max_hp_per_floor":[64,64,64,64,64,64,64,64,64,64,64,64,64,64,64,64,64,64,64,64,64,64,64,64,64,64,64,64,64,64],"relics":["Cracked Core","Unceasing Top","Bronze Scales","Letter Opener","Question Card","Inserter","Red Mask","Oddly Smooth Stone","Tiny Chest","Lantern"],"card_choices":[{"not_picked":["Streamline","Redo"],"picked":"Leap","floor":1},{"not_picked":["Stack","Redo","Steam Power"],"picked":"SKIP","floor":2},{"not_picked":["Redo","Scrape"],"picked":"Ball Lightning","floor":4},{"not_picked":["Recycle","Thunder Strike"],"picked":"Steam","floor":7},{"not_picked":["Double Energy","Redo"],"picked":"Coolheaded","floor":8},{"not_picked":["Compile Driver","Darkness"],"picked":"Double Energy","floor":12},{"not_picked":["Auto Shields","Doom and Gloom","Streamline"],"picked":"Ball Lightning","floor":14},{"not_picked":["Buffer","Multi-Cast","Electrodynamics"],"picked":"Rainbow","floor":16},{"not_picked":["Ball Lightning","Sweeping Beam","Sunder"],"picked":"Turbo","floor":18},{"not_picked":["Compile Driver","Beam Cell","Hello World"],"picked":"Steam","floor":19},{"not_picked":["Steam Power","Doom and Gloom","Cold Snap"],"picked":"Steam+1","floor":21},{"not_picked":["Steam","Turbo","Go for the Eyes"],"picked":"Consume","floor":22},{"not_picked":["White Noise","Hyperbeam","Consume"],"picked":"Glacier","floor":24},{"not_picked":["Rebound","Coolheaded","Reinforced Body"],"picked":"Leap","floor":25},{"not_picked":["Go for the Eyes","Static Discharge","Darkness"],"picked":"Hologram","floor":28}],"player_experience":1699392,"potions_floor_usage":[7,8,19,19,22,30],"damage_taken":[{"damage":0,"enemies":"2 Louse","floor":1,"turns":2},{"damage":1,"enemies":"Cultist","floor":2,"turns":4},{"damage":0,"enemies":"Small Slimes","floor":4,"turns":3},{"damage":24,"enemies":"Lagavulin","floor":7,"turns":7},{"damage":2,"enemies":"3 Louse","floor":8,"turns":3},{"damage":26,"enemies":"Gremlin Nob","floor":12,"turns":3},{"damage":4,"enemies":"Exordium Thugs","floor":14,"turns":4},{"damage":6,"enemies":"The Guardian","floor":16,"turns":10},{"damage":17,"enemies":"Chosen","floor":18,"turns":6},{"damage":0,"enemies":"Masked Bandits","floor":19,"turns":3},{"damage":6,"enemies":"Spheric Guardian","floor":21,"turns":4},{"damage":3,"enemies":"Chosen and Byrds","floor":22,"turns":5},{"damage":21,"enemies":"Book of Stabbing","floor":24,"turns":5},{"damage":13,"enemies":"3 Cultists","floor":25,"turns":5},{"damage":0,"enemies":"Centurion and Healer","floor":28,"turns":8},{"damage":55,"enemies":"Cultist and Chosen","floor":30,"turns":7}],"relics_obtained":[{"floor":7,"key":"Bronze Scales"},{"floor":9,"key":"Letter Opener"},{"floor":12,"key":"Question Card"},{"floor":19,"key":"Red Mask"},{"floor":24,"key":"Tiny Chest"},{"floor":26,"key":"Lantern"}],"event_choices":[{"event_name":"The Lab","player_choice":"Got Potions","floor":3,"damage_taken":0},{"event_name":"Liars Game","player_choice":"agreed","floor":5,"damage_taken":0},{"event_name":"Masked Bandits","player_choice":"Fought over 341 gold","floor":19,"damage_taken":0}],"boss_relics":[{"not_picked":["Cursed Key","Orrery"],"picked":"Inserter"}],"items_purged_floors":[11,20,27],"potions_floor_spawned":[4,7,12,18],"seed_played":"6061186226246500040","killed_by":"Cultist and Chosen","ascension_level":15,"potions_obtained":[{"floor":3,"key":"SteroidPotion"},{"floor":3,"key":"SpeedPotion"},{"floor":4,"key":"SpeedPotion"},{"floor":7,"key":"Block Potion"},{"floor":12,"key":"Energy Potion"},{"floor":18,"key":"Weak Potion"}],"is_trial":false}