{"gold_per_floor":[117,63,83,33,52,80,80,108,161,161,161,161,161,176,176,274,274,289,303,20,35,52,52,82,82,82,100,120,131,131,144,144,247,247,262,280,280,31,44,44,79,79,79,110,110,128,140,151,151,151],"floor_reached":51,"playtime":3035,"items_purged":["Decay","Strike_R"],"score":856,"play_id":"1fd6921f-1bb6-4a12-87d3-230413f42eed","local_time":"20190212134041","is_ascension_mode":true,"campfire_choices":[{"data":"Flame Barrier","floor":7,"key":"SMITH"},{"floor":10,"key":"REST"},{"floor":15,"key":"REST"},{"floor":23,"key":"REST"},{"data":"Strike_R","floor":30,"key":"PURGE"},{"data":"Strike_R","floor":32,"key":"PURGE"},{"data":"Strike_R+1","floor":40,"key":"PURGE"},{"floor":45,"key":"REST"},{"floor":49,"key":"REST"}],"neow_cost":"NONE","seed_source_timestamp":2481346088261267,"circlet_count":0,"master_deck":["Defend_R","Defend_R","Defend_R","Defend_R","Bash+1","Flame Barrier+1","Shrug It Off","Armaments","Pommel Strike+1","Juggernaut","Barricade","Battle Trance+1","Metallicize+1","Body Slam+1","Shrug It Off","Brutality","PanicButton","Second Wind","Body Slam+1"],"relics":["Burning Blood","Letter Opener","Art of War","Dream Catcher","Cursed Key","Bronze Scales","Peace Pipe","Sozu","Happy Flower","Blood Vial","Whetstone"],"potions_floor_usage":[6,8,8,16,22,24,28,44],"damage_taken":[{"damage":5,"enemies":"Small Slimes","floor":1,"turns":4},{"damage":1,"enemies":"2 Louse","floor":3,"turns":3},{"damage":0,"enemies":"Cultist","floor":5,"turns":5},{"damage":50,"enemies":"Gremlin Nob","floor":6,"turns":6},{"damage":32,"enemies":"3 Sentries","floor":8,"turns":11},{"damage":5,"enemies":"Red Slaver","floor":14,"turns":5},{"damage":52,"enemies":"Hexaghost","floor":16,"turns":13},{"damage":39,"enemies":"Spheric Guardian","floor":18,"turns":9},{"damage":13,"enemies":"Shell Parasite","floor":19,"turns":6},{"damage":17,"enemies":"Sentry and Sphere","floor":21,"turns":6},{"damage":8,"enemies":"Cultist and Chosen","floor":22,"turns":8},{"damage":11,"enemies":"Book of Stabbing","floor":24,"turns":5},{"damage":12,"enemies":"Snake Plant","floor":27,"turns":4},{"damage":0,"enemies":"Chosen and Byrds","floor":28,"turns":4},{"damage":0,"enemies":"Snecko","floor":29,"turns":5},{"damage":0,"enemies":"Cultist and Chosen","floor":31,"turns":6},{"damage":0,"enemies":"Automaton","floor":33,"turns":10},{"damage":13,"enemies":"Orb Walker","floor":35,"turns":4},{"damage":2,"enemies":"3 Shapes","floor":36,"turns":4},{"damage":6,"enemies":"Jaw Worm Horde","floor":39,"turns":4},{"damage":3,"enemies":"Giant Head","floor":41,"turns":6},{"damage":68,"enemies":"Reptomancer","floor":44,"turns":6},{"damage":4,"enemies":"Spire Growth","floor":46,"turns":4},{"damage":25,"enemies":"3 Darklings","floor":47,"turns":4},{"damage":0,"enemies":"4 Shapes","floor":48,"turns":5},{"damage":14,"enemies":"Donu and Deca","floor":50,"turns":8}],"seed_played":"1495514078296843901","potions_obtained":[{"floor":1,"key":"Fire Potion"},{"floor":5,"key":"Fire Potion"},{"floor":6,"key":"Swift Potion"},{"floor":8,"key":"Fire Potion"},{"floor":16,"key":"SteroidPotion"},{"floor":19,"key":"EssenceOfSteel"},{"floor":22,"key":"Regen Potion"},{"floor":24,"key":"Swift Potion"},{"floor":28,"key":"Explosive Potion"}],"is_trial":false,"path_per_floor":["M","$","M","?","M","E","R","E","T","R","?","?","?","M","R","B",null,"M","M","$","M","M","R","E","$","T","M","M","M","R","M","R","B",null,"M","M","?","$","M","R","E","?","T","E","R","M","M","M","R","B",null],"character_chosen":"IRONCLAD","items_purchased":["Shrug It Off","Dexterity Potion","Bronze Scales","Happy Flower"],"campfire_rested":5,"item_purchase_floors":[2,20,20,38],"current_hp_per_floor":[80,80,80,80,80,36,36,10,10,34,54,47,47,48,71,25,77,44,37,37,26,24,47,57,57,57,51,57,63,63,69,69,75,77,70,74,73,73,73,73,73,73,73,11,32,36,19,27,48,42],"gold":151,"neow_bonus":"UPGRADE_CARD","is_prod":false,"is_daily":false,"chose_seed":false,"campfire_upgraded":1,"win_rate":0,"timestamp":1549996841,"path_taken":["M","$","M","?","M","E","R","E","T","R","?","?","?","M","R","BOSS","M","M","$","M","?","R","E","?","T","M","M","M","R","M","R","BOSS","M","M","?","$","M","R","E","?","T","E","R","M","M","M","R","BOSS"],"build_version":"2019-02-06","purchased_purges":2,"victory":true,"max_hp_per_floor":[80,80,80,80,80,80,80,80,80,80,80,80,77,77,77,77,77,77,77,77,77,77,77,77,77,77,77,77,77,77,77,77,77,77,77,77,73,73,73,73,73,73,73,73,73,73,73,73,73,73],"card_choices":[{"not_picked":["Evolve","Ghostly Armor"],"picked":"Flame Barrier","floor":1},{"not_picked":["Anger","Headbutt"],"picked":"Armaments","floor":3},{"not_picked":["Ghostly Armor","Dual Wield"],"picked":"Pommel Strike","floor":5},{"not_picked":["Blood for Blood","Havoc","Sword Boomerang"],"picked":"SKIP","floor":6},{"not_picked":["Fire Breathing","Whirlwind"],"picked":"Juggernaut","floor":8},{"not_picked":["Infernal Blade","Carnage"],"picked":"Rage","floor":10},{"not_picked":["Carnage","Headbutt","Flex"],"picked":"SKIP","floor":14},{"not_picked":["Fiend Fire","Berserk"],"picked":"Barricade","floor":16},{"not_picked":["Rampage","Cleave+1","Thunderclap"],"picked":"SKIP","floor":18},{"not_picked":["Searing Blow","Intimidate","Hemokinesis"],"picked":"SKIP","floor":19},{"not_picked":["Rupture","Warcry+1","Sword Boomerang"],"picked":"SKIP","floor":21},{"not_picked":["Clash+1","Headbutt+1","Cleave"],"picked":"SKIP","floor":22},{"not_picked":["Cleave+1","Clothesline"],"picked":"Battle Trance+1","floor":23},{"not_picked":["Entrench","Armaments"],"picked":"Metallicize+1","floor":24},{"not_picked":["Sword Boomerang+1","Clash"],"picked":"Body Slam+1","floor":27},{"not_picked":["Armaments","Cleave","Pommel Strike+1"],"picked":"SKIP","floor":28},{"not_picked":["Thunderclap","Headbutt","Dropkick"],"picked":"SKIP","floor":29},{"not_picked":["Immolate","Body Slam"],"picked":"Shrug It Off","floor":31},{"not_picked":["Demon Form","Bludgeon"],"picked":"Brutality","floor":33},{"not_picked":["Perfected Strike+1","Clash","Seeing Red"],"picked":"SKIP","floor":35},{"not_picked":["Heavy Blade+1","Infernal Blade","Twin Strike"],"picked":"SKIP","floor":36},{"not_picked":["Wild Strike","Cleave","Dual Wield"],"picked":"SKIP","floor":39},{"not_picked":["Anger","Disarm+1","Sword Boomerang"],"picked":"SKIP","floor":41},{"not_picked":["HandOfGreed","Secret Technique"],"picked":"PanicButton","floor":42},{"not_picked":["Rupture+1","True Grit+1","Intimidate"],"picked":"SKIP","floor":44},{"not_picked":["Cleave+1","Inflame+1","Iron Wave"],"picked":"SKIP","floor":46},{"not_picked":["Havoc","Armaments"],"picked":"Second Wind","floor":47},{"not_picked":["Warcry","Wild Strike"],"picked":"Body Slam+1","floor":48}],"player_experience":79236,"relics_obtained":[{"floor":6,"key":"Letter Opener"},{"floor":8,"key":"Art of War"},{"floor":9,"key":"Dream Catcher"},{"floor":24,"key":"Peace Pipe"},{"floor":41,"key":"Blood Vial"},{"floor":44,"key":"Whetstone"}],"event_choices":[{"cards_removed":["Strike_R"],"damage_healed":0,"gold_gain":0,"player_choice":"Card Removal","damage_taken":0,"max_hp_gain":0,"max_hp_loss":0,"event_name":"The Cleric","floor":4,"gold_loss":50},{"damage_healed":20,"gold_gain":0,"player_choice":"Healed and dodged fight","damage_taken":0,"max_hp_gain":0,"max_hp_loss":0,"event_name":"Mushrooms","floor":11,"gold_loss":0,"cards_obtained":["Parasite"]},{"cards_removed":["Rage"],"damage_healed":0,"gold_gain":0,"player_choice":"Card Removal","damage_taken":7,"max_hp_gain":0,"max_hp_loss":0,"event_name":"Golden Wing","floor":12,"gold_loss":0},{"damage_healed":0,"gold_gain":0,"cards_transformed":["Parasite"],"player_choice":"Transformed","damage_taken":0,"max_hp_gain":0,"max_hp_loss":0,"event_name":"Transmorgrifier","floor":13,"gold_loss":0,"cards_obtained":["Decay"]},{"damage_healed":0,"gold_gain":0,"player_choice":"Max HP","damage_taken":0,"max_hp_gain":0,"max_hp_loss":4,"event_name":"Winding Halls","floor":37,"gold_loss":0},{"damage_healed":0,"gold_gain":0,"player_choice":"Memory 1","damage_taken":0,"max_hp_gain":0,"max_hp_loss":0,"event_name":"SensoryStone","floor":42,"gold_loss":0}],"is_beta":true,"boss_relics":[{"not_picked":["Eternal Feather","Runic Dome"],"picked":"Cursed Key"},{"not_picked":["Mark of Pain","Black Blood"],"picked":"Sozu"}],"items_purged_floors":[20,38],"is_endless":false,"potions_floor_spawned":[1,5,6,8,16,19,22,24,28,29,35,39,44,48],"ascension_level":1}