{"gold_per_floor":[109,109,124,141,141,141,152,170,195,208,52,66,87,107,107,211,261,281,294,311,311],"floor_reached":21,"playtime":1421,"items_purged":["Strike_B"],"score":177,"play_id":"83b01fb7-64b1-46fb-88de-cef3d4704b39","local_time":"20190216112423","is_ascension_mode":false,"campfire_choices":[{"data":"Defragment","floor":6,"key":"SMITH"},{"floor":15,"key":"REST"}],"neow_cost":"NONE","seed_source_timestamp":107761640486964,"circlet_count":0,"master_deck":["Strike_B","Defend_B","Defend_B","Defend_B+1","Defend_B","Zap","Dualcast","Purity","Defragment+1","Defragment","Self Repair","Loop","Capacitor","Defragment","Storm","Barrage","Machine Learning","Reboot","Capacitor","White Noise+1","Storm","Steam"],"relics":["Cracked Core","Bag of Preparation","Odd Mushroom","Tiny House"],"potions_floor_usage":[16,16,18,20,21],"damage_taken":[{"damage":1,"enemies":"Small Slimes","floor":1,"turns":3},{"damage":1,"enemies":"Cultist","floor":3,"turns":3},{"damage":2,"enemies":"2 Louse","floor":4,"turns":3},{"damage":6,"enemies":"2 Fungi Beasts","floor":7,"turns":3},{"damage":17,"enemies":"3 Louse","floor":8,"turns":4},{"damage":14,"enemies":"Blue Slaver","floor":10,"turns":5},{"damage":15,"enemies":"Looter","floor":12,"turns":3},{"damage":11,"enemies":"The Mushroom Lair","floor":13,"turns":3},{"damage":6,"enemies":"Exordium Wildlife","floor":14,"turns":2},{"damage":23,"enemies":"The Guardian","floor":16,"turns":5},{"damage":35,"enemies":"2 Thieves","floor":18,"turns":4},{"damage":18,"enemies":"Shell Parasite","floor":19,"turns":5},{"damage":31,"enemies":"Snake Plant","floor":20,"turns":3},{"damage":12,"enemies":"Shelled Parasite and Fungi","floor":21,"turns":1}],"seed_played":"8538828134299612311","potions_obtained":[{"floor":1,"key":"GamblersBrew"},{"floor":4,"key":"PowerPotion"},{"floor":10,"key":"GamblersBrew"},{"floor":12,"key":"Fire Potion"},{"floor":16,"key":"GamblersBrew"},{"floor":17,"key":"EssenceOfSteel"},{"floor":18,"key":"SteroidPotion"}],"is_trial":false,"path_per_floor":["M","?","M","M","?","R","M","M","T","M","$","M","?","M","R","B",null,"M","M","M","M"],"character_chosen":"DEFECT","items_purchased":["Storm"],"campfire_rested":1,"item_purchase_floors":[11],"current_hp_per_floor":[74,67,66,64,64,64,65,55,55,48,48,40,36,37,59,50,80,52,41,10,0],"gold":311,"neow_bonus":"RANDOM_COLORLESS","is_prod":false,"is_daily":false,"chose_seed":false,"campfire_upgraded":1,"win_rate":0.0,"timestamp":1550312663,"path_taken":["M","?","M","M","?","R","?","M","T","M","$","M","?","M","R","BOSS","M","M","M","M"],"build_version":"2019-01-23","purchased_purges":1,"victory":false,"max_hp_per_floor":[75,75,75,75,75,75,75,75,75,75,75,75,75,75,75,75,80,80,80,80,80],"card_choices":[{"not_picked":["Redo","Cold Snap"],"picked":"Defragment","floor":1},{"not_picked":["Stack","Ball Lightning"],"picked":"Defragment","floor":3},{"not_picked":["Leap","Redo"],"picked":"Self Repair","floor":4},{"not_picked":["Rebound","Rip and Tear"],"picked":"Loop","floor":7},{"not_picked":["Streamline","Blizzard"],"picked":"Capacitor","floor":8},{"not_picked":["Reprogram","Gash"],"picked":"Defragment","floor":10},{"not_picked":["Go for the Eyes","Fusion"],"picked":"Barrage","floor":12},{"not_picked":["Stack","Coolheaded"],"picked":"Machine Learning","floor":14},{"not_picked":["Rainbow","Echo Form"],"picked":"Reboot","floor":16},{"not_picked":["Rebound","Darkness"],"picked":"Capacitor","floor":17},{"not_picked":["Chill+1","Loop"],"picked":"White Noise+1","floor":18},{"not_picked":["Hologram","Leap"],"picked":"Storm","floor":19},{"not_picked":["Sweeping Beam+1","Reprogram"],"picked":"Steam","floor":20}],"player_experience":17737,"relics_obtained":[{"floor":9,"key":"Bag of Preparation"},{"floor":13,"key":"Odd Mushroom"}],"event_choices":[{"cards_removed":["Strike_B"],"damage_healed":0,"gold_gain":0,"player_choice":"Card Removal","damage_taken":7,"max_hp_gain":0,"max_hp_loss":0,"event_name":"Golden Wing","floor":2,"gold_loss":0},{"cards_removed":["Strike_B"],"damage_healed":0,"gold_gain":0,"player_choice":"Card Removal","damage_taken":0,"max_hp_gain":0,"max_hp_loss":0,"event_name":"Wheel of Change","floor":5,"gold_loss":0},{"damage_healed":0,"gold_gain":0,"player_choice":"Fought Mushrooms","damage_taken":0,"max_hp_gain":0,"max_hp_loss":0,"event_name":"Mushrooms","floor":13,"gold_loss":0}],"is_beta":false,"boss_relics":[{"not_picked":["Lizard Tail","Sozu"],"picked":"Tiny House"}],"items_purged_floors":[11],"is_endless":false,"potions_floor_spawned":[1,4,10,12,16,18],"killed_by":"Shelled Parasite and Fungi","ascension_level":0}