{"gold_per_floor":[109,121,141,31,31,31,51,61,85,110,124,138,138,165,165,267,267,252,268,248,263,263],"floor_reached":22,"playtime":1305,"items_purged":["Strike_B"],"score":320,"play_id":"a9a1ebac-eec8-4856-9875-90243b7db5df","local_time":"20190228164341","is_ascension_mode":true,"campfire_choices":[{"data":"Genetic Algorithm","floor":6,"key":"SMITH"},{"floor":13,"key":"REST"},{"floor":15,"key":"REST"}],"neow_cost":"TEN_PERCENT_HP_LOSS","seed_source_timestamp":1163809096735003,"circlet_count":0,"master_deck":["AscendersBane","Strike_B","Strike_B","Strike_B+1","Defend_B","Defend_B","Defend_B","Defend_B","Zap","Dualcast","All For One+1","Hologram","Genetic Algorithm+1","Glacier","Hologram","Gash","Steam","Beam Cell","Steam","Seek","BootSequence","Defragment","Reinforced Body","Stack"],"special_seed":0,"relics":["Cracked Core","Regal Pillow","Whetstone","Bag of Marbles","Orrery"],"potions_floor_usage":[10,12,14,14,22],"damage_taken":[{"damage":0,"enemies":"Jaw Worm","floor":1,"turns":3},{"damage":2,"enemies":"2 Louse","floor":2,"turns":2},{"damage":12,"enemies":"Cultist","floor":3,"turns":4},{"damage":18,"enemies":"Exordium Thugs","floor":7,"turns":6},{"damage":1,"enemies":"Looter","floor":8,"turns":4},{"damage":15,"enemies":"3 Sentries","floor":10,"turns":7},{"damage":13,"enemies":"2 Fungi Beasts","floor":11,"turns":3},{"damage":0,"enemies":"Large Slime","floor":12,"turns":4},{"damage":19,"enemies":"Gremlin Nob","floor":14,"turns":4},{"damage":42,"enemies":"Hexaghost","floor":16,"turns":15},{"damage":4,"enemies":"2 Thieves","floor":18,"turns":4},{"damage":13,"enemies":"3 Byrds","floor":19,"turns":8},{"damage":11,"enemies":"Snake Plant","floor":21,"turns":7},{"damage":30,"enemies":"Chosen and Byrds","floor":22,"turns":6}],"seed_played":"-195532406123069713","potions_obtained":[{"floor":7,"key":"Explosive Potion"},{"floor":8,"key":"Poison Potion"},{"floor":10,"key":"Weak Potion"},{"floor":12,"key":"Regen Potion"},{"floor":20,"key":"PowerPotion"}],"is_trial":false,"path_per_floor":["M","M","M","$","?","R","M","M","T","E","M","M","R","E","R","B",null,"M","M","?","M","M"],"character_chosen":"DEFECT","items_purchased":["Glacier"],"campfire_rested":2,"item_purchase_floors":[4],"current_hp_per_floor":[68,66,54,54,54,54,36,35,35,20,7,7,42,35,68,26,58,54,41,41,30,0],"gold":263,"neow_bonus":"THREE_RARE_CARDS","is_prod":false,"is_daily":false,"chose_seed":false,"campfire_upgraded":1,"win_rate":0,"timestamp":1551368621,"path_taken":["M","M","M","$","?","R","M","M","T","E","M","M","R","E","R","BOSS","M","M","?","M","?"],"build_version":"2019-01-23","purchased_purges":1,"victory":false,"max_hp_per_floor":[68,68,68,68,68,68,68,68,68,68,68,68,68,68,68,68,68,68,68,68,68,68],"card_choices":[{"not_picked":["Creative AI","Amplify"],"picked":"All For One","floor":0.0},{"not_picked":["Streamline","Conserve Battery"],"picked":"Hologram","floor":1},{"not_picked":["Leap","Sweeping Beam"],"picked":"Genetic Algorithm","floor":2},{"not_picked":["Skim","Compile Driver","Sunder"],"picked":"SKIP","floor":3},{"not_picked":["Undo","Static Discharge"],"picked":"Hologram","floor":7},{"not_picked":["Recycle","Redo"],"picked":"Gash","floor":8},{"not_picked":["Conserve Battery","Coolheaded"],"picked":"Steam","floor":10},{"not_picked":["Genetic Algorithm","Blizzard","Amplify"],"picked":"SKIP","floor":11},{"not_picked":["Fusion","White Noise"],"picked":"Beam Cell","floor":12},{"not_picked":["Hyperbeam","Ball Lightning"],"picked":"Steam","floor":14},{"not_picked":["Creative AI","All For One"],"picked":"Seek","floor":16},{"not_picked":["Ball Lightning","Conserve Battery"],"picked":"BootSequence","floor":17},{"not_picked":["Reinforced Body","Ball Lightning"],"picked":"Defragment","floor":17},{"not_picked":["Redo","Beam Cell"],"picked":"Reinforced Body","floor":17},{"not_picked":["Blizzard","Barrage"],"picked":"Stack","floor":17},{"not_picked":["Coolheaded","Ball Lightning","Multi-Cast"],"picked":"SKIP","floor":18},{"not_picked":["Rip and Tear","Turbo","Barrage"],"picked":"SKIP","floor":19},{"not_picked":["Streamline","Genetic Algorithm+1","Leap"],"picked":"SKIP","floor":21}],"player_experience":647674,"relics_obtained":[{"floor":9,"key":"Regal Pillow"},{"floor":10,"key":"Whetstone"},{"floor":14,"key":"Bag of Marbles"}],"event_choices":[{"damage_healed":0,"gold_gain":0,"player_choice":"Ignored","damage_taken":0,"max_hp_gain":0,"max_hp_loss":0,"event_name":"Liars Game","floor":5,"gold_loss":0},{"damage_healed":0,"gold_gain":0,"player_choice":"Bought 1 Potion","damage_taken":0,"max_hp_gain":0,"max_hp_loss":0,"event_name":"The Woman in Blue","floor":20,"gold_loss":0}],"is_beta":false,"boss_relics":[{"not_picked":["Lizard Tail","Runic Dome"],"picked":"Orrery"}],"items_purged_floors":[4],"is_endless":false,"potions_floor_spawned":[7,8,10,12],"killed_by":"Chosen and Byrds","ascension_level":12}