{"path_per_floor":["M","M","?","M","M","R","M","$","T","?","M","E","R","M","R","B",null,"M","?","M","M","$","R","E","R","T","?","E","T","R","M","R","B",null,"M","M","M","$","?","E","R","?","T","?","R","M","R","M","R","B"],"character_chosen":"THE_SILENT","items_purchased":["Backstab","Vajra","Apotheosis","Bottled Lightning"],"gold_per_floor":[141,159,159,171,187,187,202,17,42,42,58,93,93,106,106,205,205,224,224,240,258,82,82,112,112,112,37,64,111,111,126,126,229,229,244,263,276,17,17,43,43,0,0,300,300,312,312,327,327,327],"floor_reached":51,"campfire_rested":4,"playtime":3956,"current_hp_per_floor":[68,58,33,29,21,21,13,13,13,6,5,1,23,23,45,32,64,63,63,63,62,62,62,52,52,52,52,38,38,38,38,38,37,66,66,61,61,61,61,34,56,56,56,56,56,54,54,54,75,57],"items_purged":[],"gold":327,"score":777,"play_id":"6dc4f726-e476-49e4-bb75-149c2853a88e","is_prod":false,"is_daily":false,"is_ascension_mode":true,"campfire_upgraded":2,"path_taken":["M","M","?","M","M","R","M","$","T","?","M","E","R","M","R","BOSS","M","?","M","?","$","R","E","R","T","?","E","?","R","M","R","BOSS","M","M","M","$","?","E","R","?","T","?","R","M","R","M","R","BOSS"],"build_version":"2018-02-08-BETA1","purchased_purges":0,"victory":true,"master_deck":["Survivor","Neutralize","Masterful Stab","Slice","Masterful Stab","Prepared+1","Slice","Backstab+1","Backstab","Choke","Backflip","Masterful Stab","After Image+1","Endless Agony","Blade Dance","Well Laid Plans","Masterful Stab","Skewer+1","Outmaneuver","Quick Slash","Dagger Spray","Slice","Escape Plan","After Image+1","Acrobatics+1","Terror","Apotheosis","After Image","After Image","Prepared+1","Backflip+1","Cloak And Dagger"],"max_hp_per_floor":[75,75,75,75,75,75,75,75,75,75,75,75,75,75,75,75,75,75,75,75,75,75,75,75,75,75,75,75,75,75,75,75,75,75,75,75,75,75,75,75,75,75,75,75,75,75,75,75,75,75],"relics":["Tiny House","Omamori","Vajra","Pen Nib","Snake Skull","Pandora\u0027s Box","Girya","Ice Cream","Tough Bandages","Lantern","Cursed Key","Bottled Lightning","Whetstone","Red Mask","Shovel","Regal Pillow","Bag of Preparation"],"card_choices":[{"not_picked":["Deflect","Dodge and Roll"],"picked":"Masterful Stab"},{"not_picked":["Blade Dance","Corpse Explosion"],"picked":"Slice"},{"not_picked":["Quick Slash","Outmaneuver"],"picked":"Masterful Stab"},{"not_picked":["Slice","Blur"],"picked":"Prepared"},{"not_picked":["Deadly Poison","Bane"],"picked":"Slice"},{"not_picked":["Accuracy","Bane"],"picked":"Backstab"},{"not_picked":["Slice","Flechettes"],"picked":"Choke"},{"not_picked":["Caltrops","Predator"],"picked":"Backflip"},{"not_picked":["Outmaneuver","Cloak And Dagger"],"picked":"Masterful Stab"},{"not_picked":["Die Die Die","A Thousand Cuts"],"picked":"After Image"},{"not_picked":["Deadly Poison","Sucker Punch"],"picked":"Escape Plan"},{"not_picked":["Dagger Spray","Masterful Stab"],"picked":"Acrobatics"},{"not_picked":["Malaise","Caltrops"],"picked":"Terror"},{"not_picked":["Quick Slash","Riddle With Holes"],"picked":"After Image"},{"not_picked":["A Thousand Cuts","Unload"],"picked":"After Image"},{"not_picked":["Acrobatics","Deflect"],"picked":"Prepared"},{"not_picked":["Bane","Predator"],"picked":"Backflip"},{"not_picked":["Storm of Steel","Prepared"],"picked":"Cloak And Dagger"}],"player_experience":134206,"potions_floor_usage":[7,7,12,16,24,28,31,40,40,50],"damage_taken":[{"damage":0,"enemies":"Cultist","floor":1,"turns":4},{"damage":10,"enemies":"Small Slimes","floor":2,"turns":4},{"damage":4,"enemies":"2 Louse","floor":4,"turns":4},{"damage":8,"enemies":"Lots of Slimes","floor":5,"turns":6},{"damage":8,"enemies":"Exordium Thugs","floor":7,"turns":5},{"damage":1,"enemies":"Looter","floor":11,"turns":3},{"damage":4,"enemies":"3 Sentries","floor":12,"turns":3},{"damage":0,"enemies":"Gremlin Gang","floor":14,"turns":3},{"damage":13,"enemies":"The Guardian","floor":16,"turns":13},{"damage":1,"enemies":"Shell Parasite","floor":18,"turns":2},{"damage":0,"enemies":"Spheric Guardian","floor":20,"turns":1},{"damage":1,"enemies":"Cultist and Chosen","floor":21,"turns":5},{"damage":10,"enemies":"Book of Stabbing","floor":24,"turns":4},{"damage":14,"enemies":"Gremlin Leader","floor":28,"turns":4},{"damage":0,"enemies":"Chosen and Byrds","floor":31,"turns":3},{"damage":1,"enemies":"Automaton","floor":33,"turns":6},{"damage":0,"enemies":"3 Darklings","floor":35,"turns":2},{"damage":5,"enemies":"3 Shapes","floor":36,"turns":3},{"damage":0,"enemies":"Flame Bruiser 2 Orb","floor":37,"turns":3},{"damage":27,"enemies":"2 Orb Walkers","floor":40,"turns":3},{"damage":2,"enemies":"3 Darklings","floor":46,"turns":4},{"damage":0,"enemies":"Maw","floor":48,"turns":4},{"damage":18,"enemies":"Time Eater","floor":50,"turns":5}],"event_choices":[{"event_name":"Scrap Ooze","player_choice":"success","floor":3,"damage_taken":25},{"event_name":"Wheel of Change","player_choice":"Damage","floor":10,"damage_taken":0},{"event_name":"Duplicator","player_choice":"One dupe","floor":19,"damage_taken":0},{"event_name":"Beggar","player_choice":"Gave Gold","floor":27,"damage_taken":0},{"event_name":"Upgrade Shrine","player_choice":"Upgraded","floor":39,"damage_taken":0},{"event_name":"Tomb of Lord Red Mask","player_choice":"Paid","floor":42,"damage_taken":0},{"event_name":"Wheel of Change","player_choice":"Gold","floor":44,"damage_taken":0}],"boss_relics":[{"not_picked":["Black Star","Snecko Eye"],"picked":"Pandora\u0027s Box"},{"not_picked":["Orrery","Runic Pyramid"],"picked":"Cursed Key"}],"potions_floor_spawned":[1,7,11,12,16,21,24,31,36,48],"seed_played":"6689991992208426812","ascension_level":9,"is_trial":false}