{"path_per_floor":["M","M","?","?","M","R","E","?","T","E","M","E","M","E","R","B",null,"M","$","?","M","$","E","R","M","T","M","E","M","E","?","R","B",null,"M","M","M","M","$","E","R","E","T","M","R","$","M","M","R","B"],"character_chosen":"THE_SILENT","items_purchased":["Well Laid Plans","Bottled Tornado","Regen Potion","Gremlin Horn","Block Potion"],"gold_per_floor":[116,132,132,102,116,116,145,165,192,226,242,275,292,322,322,417,417,428,34,68,50,2,31,31,49,73,89,121,136,165,165,165,262,262,273,284,302,313,263,298,298,353,353,372,372,23,39,49,49,49],"floor_reached":51,"campfire_rested":0,"playtime":7881,"current_hp_per_floor":[60,52,39,39,39,39,34,34,34,23,23,21,21,21,21,16,54,67,67,38,40,40,51,51,53,60,62,59,61,60,60,60,47,67,69,71,73,74,74,74,74,73,73,70,70,70,72,54,54,28],"items_purged":["Strike_G","Strike_G","Strike_G"],"gold":49,"score":1095,"play_id":"9b51cd07-3cc8-40a4-a629-b99571b11512","is_prod":false,"is_daily":false,"is_ascension_mode":true,"campfire_upgraded":2,"path_taken":["M","M","?","?","M","R","E","?","T","E","M","E","M","E","R","BOSS","M","$","?","M","?","E","R","M","T","M","E","M","E","?","R","BOSS","M","?","M","M","$","E","R","E","T","?","R","$","M","M","R","BOSS"],"build_version":"2018-02-13-BETA1","purchased_purges":3,"victory":true,"master_deck":["Defend_G","Defend_G","Defend_G","Defend_G","Defend_G","Strike_G","Strike_G+1","Survivor","Neutralize+1","Leg Sweep","Flying Knee+1","Heel Hook","PiercingWail","Terror","Footwork","Escape Plan","Backflip","Grand Finale+1","Riddle With Holes","Well Laid Plans","Leg Sweep+1","Dash","Acrobatics","Dash","Bullet Time+1","Acrobatics+1","Backflip+1","Backflip+1","Blur+1","Well Laid Plans+1"],"max_hp_per_floor":[67,67,67,67,67,67,67,67,67,67,67,67,67,67,67,67,67,67,67,67,67,67,67,67,67,74,74,74,74,74,74,74,74,74,74,74,74,74,74,74,74,74,74,74,74,74,74,74,74,74],"relics":["Ring of the Snake","Matryoshka","Odd Mushroom","Bag of Preparation","Pen Nib","Lantern","Snake Skull","Shovel","Blood Vial","Snecko Eye","Bottled Tornado","Red Mask","Bag of Marbles","Dream Catcher","Strawberry","Blue Candle","Omamori","Toxic Egg 2","Smiling Mask","Orrery","Happy Flower","Unceasing Top","Tiny Chest","Art of War","Prayer Wheel","Gremlin Horn","Singing Bowl"],"card_choices":[{"not_picked":["Terror","Expertise"],"picked":"Leg Sweep"},{"not_picked":["Blade Dance","PiercingWail"],"picked":"Flying Knee"},{"not_picked":["Deadly Poison","Eviscerate"],"picked":"Heel Hook"},{"not_picked":["Dagger Throw","Cloak And Dagger"],"picked":"PiercingWail"},{"not_picked":["Concentrate","Deadly Poison"],"picked":"Terror"},{"not_picked":["Dagger Throw","Unload"],"picked":"Footwork"},{"not_picked":["Outmaneuver","Infinite Blades"],"picked":"Escape Plan"},{"not_picked":["Cloak And Dagger","Prepared"],"picked":"Backflip"},{"not_picked":["Die Die Die","Corpse Explosion"],"picked":"Grand Finale"},{"not_picked":["Setup","Quick Slash"],"picked":"Riddle With Holes"},{"not_picked":["Outmaneuver","Bane"],"picked":"Leg Sweep"},{"not_picked":["Poisoned Stab","Noxious Fumes"],"picked":"Dash"},{"not_picked":["Terror","Tactician"],"picked":"Acrobatics"},{"not_picked":["Deadly Poison","Prepared"],"picked":"Dash"},{"not_picked":["Grand Finale","Glass Knife"],"picked":"Bullet Time"},{"not_picked":["Malaise","Deflect"],"picked":"Acrobatics"},{"not_picked":["Blade Dance","Outmaneuver"],"picked":"Backflip"},{"not_picked":["Endless Agony","Accuracy"],"picked":"Backflip"},{"not_picked":["Backflip","Sucker Punch"],"picked":"Blur"},{"not_picked":["Caltrops","Prepared"],"picked":"Well Laid Plans"}],"player_experience":180315,"potions_floor_usage":[7,7,8,12,14,18,18,20,20,23,40,40,50,50],"damage_taken":[{"damage":3,"enemies":"Small Slimes","floor":1,"turns":4},{"damage":8,"enemies":"Cultist","floor":2,"turns":4},{"damage":0,"enemies":"Jaw Worm","floor":5,"turns":5},{"damage":5,"enemies":"Gremlin Nob","floor":7,"turns":3},{"damage":0,"enemies":"The Mushroom Lair","floor":8,"turns":4},{"damage":11,"enemies":"3 Sentries","floor":10,"turns":10},{"damage":0,"enemies":"Lots of Slimes","floor":11,"turns":3},{"damage":2,"enemies":"Lagavulin","floor":12,"turns":8},{"damage":0,"enemies":"Exordium Wildlife","floor":13,"turns":5},{"damage":6,"enemies":"Gremlin Nob","floor":14,"turns":3},{"damage":7,"enemies":"The Guardian","floor":16,"turns":13},{"damage":0,"enemies":"Chosen","floor":18,"turns":6},{"damage":29,"enemies":"Masked Bandits","floor":20,"turns":6},{"damage":0,"enemies":"2 Thieves","floor":21,"turns":4},{"damage":0,"enemies":"Gremlin Leader","floor":23,"turns":5},{"damage":0,"enemies":"3 Cultists","floor":25,"turns":3},{"damage":0,"enemies":"Cultist and Chosen","floor":27,"turns":4},{"damage":5,"enemies":"Book of Stabbing","floor":28,"turns":3},{"damage":0,"enemies":"Sentry and Sphere","floor":29,"turns":3},{"damage":3,"enemies":"Slavers","floor":30,"turns":3},{"damage":15,"enemies":"Collector","floor":33,"turns":6},{"damage":0,"enemies":"3 Shapes","floor":35,"turns":3},{"damage":0,"enemies":"Orb Walker","floor":36,"turns":3},{"damage":0,"enemies":"4 Shapes","floor":37,"turns":3},{"damage":0,"enemies":"3 Darklings","floor":38,"turns":3},{"damage":0,"enemies":"Nemesis","floor":40,"turns":5},{"damage":1,"enemies":"Giant Head","floor":42,"turns":7},{"damage":4,"enemies":"Sphere and 2 Shapes","floor":44,"turns":4},{"damage":0,"enemies":"Spire Growth","floor":47,"turns":3},{"damage":20,"enemies":"Flame Bruiser 2 Orb","floor":48,"turns":5},{"damage":28,"enemies":"Donu and Deca","floor":50,"turns":9}],"event_choices":[{"event_name":"Shining Light","player_choice":"Entered Light","floor":3,"damage_taken":0},{"event_name":"The Woman in Blue","player_choice":"Bought 2 Potions","floor":4,"damage_taken":0},{"event_name":"Mushrooms","player_choice":"Fought Mushrooms","floor":8,"damage_taken":0},{"event_name":"Masked Bandits","player_choice":"Fought over 34 gold","floor":20,"damage_taken":0},{"event_name":"The Mausoleum","player_choice":"Yes","floor":31,"damage_taken":0}],"boss_relics":[{"not_picked":["Runic Dome","Ectoplasm"],"picked":"Snecko Eye"},{"not_picked":["Question Card","Velvet Choker"],"picked":"Orrery"}],"potions_floor_spawned":[1,7,10,12,14,16,18,21,27,29,30,35,44,47,48],"seed_played":"6265943861329283080","ascension_level":11,"is_trial":false}