{"gold_per_floor":[111,126,146,165,12,12,37,50,50,68,1,1,13,24,24,127,127,141,157,173,193,211,241,260,260,260,271,126,137,155,165,165,165],"floor_reached":33,"playtime":3234,"items_purged":["Strike_G","Strike_G"],"score":321,"play_id":"be6f8f23-5680-49d6-a0c8-9bf774f372d7","local_time":"20190218160716","is_ascension_mode":true,"campfire_choices":[{"data":"Noxious Fumes","floor":6,"key":"SMITH"},{"data":"Acrobatics","floor":12,"key":"SMITH"},{"data":"Prepared","floor":15,"key":"SMITH"},{"floor":25,"key":"REST"},{"floor":32,"key":"REST"}],"neow_cost":"NONE","seed_source_timestamp":295722543457143,"circlet_count":0,"master_deck":["Defend_G","Defend_G","Defend_G","Defend_G","Defend_G","Strike_G","Strike_G","Strike_G","Survivor","Neutralize+1","Dagger Throw","Acrobatics+1","Prepared+1","Noxious Fumes+1","Crippling Poison+1","Deadly Poison+1","Flying Knee","Backflip+1","Flying Knee","Corpse Explosion+1","Catalyst+1","PiercingWail+1","Backstab","Deadly Poison+1","Underhanded Strike","Footwork","Good Instincts+1","Backflip+1"],"relics":["Ring of the Snake","Toxic Egg 2","Gremlin Horn","The Courier","Sozu","Ornamental Fan","Potion Belt"],"potions_floor_usage":[7,16,22,33],"damage_taken":[{"damage":0,"enemies":"2 Louse","floor":1,"turns":6},{"damage":0,"enemies":"Cultist","floor":2,"turns":3},{"damage":0,"enemies":"Jaw Worm","floor":3,"turns":4},{"damage":1,"enemies":"Exordium Thugs","floor":4,"turns":8},{"damage":6,"enemies":"Lagavulin","floor":7,"turns":7},{"damage":0,"enemies":"Large Slime","floor":8,"turns":6},{"damage":10,"enemies":"Exordium Wildlife","floor":10,"turns":5},{"damage":0,"enemies":"Blue Slaver","floor":13,"turns":4},{"damage":0,"enemies":"2 Fungi Beasts","floor":14,"turns":3},{"damage":12,"enemies":"The Guardian","floor":16,"turns":8},{"damage":6,"enemies":"3 Byrds","floor":18,"turns":3},{"damage":2,"enemies":"Shell Parasite","floor":19,"turns":4},{"damage":2,"enemies":"Cultist and Chosen","floor":20,"turns":4},{"damage":2,"enemies":"Centurion and Healer","floor":21,"turns":5},{"damage":0,"enemies":"Sentry and Sphere","floor":22,"turns":4},{"damage":20,"enemies":"Slavers","floor":23,"turns":3},{"damage":7,"enemies":"Snake Plant","floor":24,"turns":3},{"damage":9,"enemies":"Centurion and Healer","floor":27,"turns":2},{"damage":0,"enemies":"3 Cultists","floor":29,"turns":2},{"damage":0,"enemies":"Snecko","floor":30,"turns":4},{"damage":8,"enemies":"Sentry and Sphere","floor":31,"turns":5},{"damage":59,"enemies":"Collector","floor":33,"turns":6}],"seed_played":"1057092257654643751","potions_obtained":[{"floor":3,"key":"Poison Potion"},{"floor":4,"key":"SteroidPotion"},{"floor":10,"key":"GhostInAJar"},{"floor":14,"key":"Swift Potion"}],"is_trial":false,"path_per_floor":["M","M","M","M","$","R","E","M","T","M","?","R","M","M","R","B",null,"M","M","M","M","M","E","M","R","T","M","$","M","M","M","R","B"],"character_chosen":"THE_SILENT","items_purchased":["Noxious Fumes","Good Instincts+1"],"campfire_rested":2,"item_purchase_floors":[5,28],"current_hp_per_floor":[70,70,70,69,69,69,63,63,63,53,53,53,53,53,53,41,70,64,62,60,58,58,38,31,52,52,43,43,43,43,35,56,0],"gold":165,"neow_bonus":"UPGRADE_CARD","is_prod":false,"is_daily":false,"chose_seed":false,"campfire_upgraded":3,"win_rate":0,"timestamp":1550502436,"path_taken":["M","M","M","M","$","R","E","M","T","M","?","R","M","M","R","BOSS","M","M","M","M","M","E","M","R","T","M","$","M","M","M","R","BOSS"],"build_version":"2019-01-23","purchased_purges":2,"victory":false,"max_hp_per_floor":[70,70,70,70,70,70,70,70,70,70,70,70,70,70,70,70,70,70,70,70,70,70,70,70,70,70,70,70,70,70,70,70,70],"card_choices":[{"not_picked":["Deflect","Well Laid Plans"],"picked":"Dagger Throw","floor":1},{"not_picked":["Dodge and Roll","Reflex"],"picked":"Acrobatics","floor":2},{"not_picked":["Slice","Acrobatics","Outmaneuver"],"picked":"SKIP","floor":3},{"not_picked":["Poisoned Stab","Blade Dance"],"picked":"Prepared","floor":4},{"not_picked":["Dodge and Roll","Prepared"],"picked":"Crippling Poison","floor":7},{"not_picked":["Malaise+1","Footwork"],"picked":"Deadly Poison+1","floor":8},{"not_picked":["Prepared+1","Expertise+1"],"picked":"Flying Knee","floor":10},{"not_picked":["Cloak And Dagger+1","Adrenaline+1"],"picked":"Backflip+1","floor":13},{"not_picked":["Sucker Punch","Dagger Throw"],"picked":"Flying Knee","floor":14},{"not_picked":["Malaise+1","Venomology+1"],"picked":"Corpse Explosion+1","floor":16},{"not_picked":["Cloak And Dagger+1","Flying Knee"],"picked":"Catalyst+1","floor":18},{"not_picked":["Quick Slash","Riddle With Holes"],"picked":"PiercingWail+1","floor":19},{"not_picked":["Quick Slash","Caltrops"],"picked":"Backstab","floor":20},{"not_picked":["Acrobatics+1","Dagger Throw"],"picked":"Deadly Poison+1","floor":21},{"not_picked":["Dodge and Roll+1","Masterful Stab"],"picked":"Underhanded Strike","floor":22},{"not_picked":["Envenom","Backstab","Choke"],"picked":"SKIP","floor":23},{"not_picked":["Skewer+1","Deadly Poison+1","PiercingWail+1"],"picked":"SKIP","floor":24},{"not_picked":["Flechettes","Poisoned Stab"],"picked":"Footwork","floor":27},{"not_picked":["Flying Knee","Quick Slash","Cloak And Dagger+1"],"picked":"SKIP","floor":29},{"not_picked":["Accuracy+1","Dash"],"picked":"Backflip+1","floor":30},{"not_picked":["PiercingWail+1","Cloak And Dagger+1","Prepared+1"],"picked":"SKIP","floor":31}],"player_experience":77827,"relics_obtained":[{"floor":7,"key":"Toxic Egg 2"},{"floor":9,"key":"Gremlin Horn"},{"floor":23,"key":"Ornamental Fan"},{"floor":26,"key":"Potion Belt"}],"event_choices":[{"damage_healed":0,"gold_gain":0,"player_choice":"Paid Gold","damage_taken":0,"relics_obtained":["The Courier"],"max_hp_gain":0,"max_hp_loss":0,"event_name":"WeMeetAgain","floor":11,"gold_loss":67}],"is_beta":false,"boss_relics":[{"not_picked":["Empty Cage","WristBlade"],"picked":"Sozu"}],"items_purged_floors":[5,28],"is_endless":false,"potions_floor_spawned":[3,4,10,14,18,20,21,27,31],"killed_by":"Collector","ascension_level":1}