{"path_per_floor":["M","?","M","?","?","R","M","?","T","E","R","?","E","M","R","B",null,"M","M","?","M","M","E","$","R","T","E","R","M","R","?","R","B",null,"M","M","?","$","M","?","E","M","T","R","?","R","T","E","R","B"],"character_chosen":"IRONCLAD","items_purchased":["Bottled Tornado","Evolve","Secret Technique","Evolve"],"gold_per_floor":[111,111,131,131,131,131,144,144,169,198,198,198,226,244,244,348,348,361,372,372,382,401,435,35,35,113,143,143,153,153,153,153,255,255,270,281,281,13,24,0,34,53,104,104,204,204,204,232,232,232],"floor_reached":51,"campfire_rested":2,"playtime":4920,"current_hp_per_floor":[80,85,84,77,77,77,83,66,66,32,32,32,32,35,60,34,85,85,81,81,81,85,11,11,36,36,47,47,57,57,57,57,48,85,85,85,74,74,76,76,66,82,82,82,82,82,82,85,85,65],"items_purged":["Strike_R"],"gold":232,"score":871,"play_id":"9fa700c4-4602-4591-a299-0b710aef59ed","local_time":"20180313024202","is_prod":false,"is_daily":false,"is_ascension_mode":true,"campfire_upgraded":8,"timestamp":1520934122,"path_taken":["M","?","?","?","?","R","?","?","T","E","R","?","E","M","R","BOSS","M","M","?","M","M","E","$","R","T","E","R","M","R","?","R","BOSS","M","M","?","$","M","?","E","M","T","R","?","R","?","E","R","BOSS"],"build_version":"2018-03-09","purchased_purges":1,"victory":true,"master_deck":["Strike_R+1","Strike_R+1","Defend_R+1","Defend_R+1","Defend_R+1","Defend_R+1","Bash+1","True Grit+1","Pommel Strike+1","Flex+1","Clothesline+1","Shrug It Off+1","Berserk+1","Shrug It Off+1","Heavy Blade+1","Flame Barrier+1","Havoc+1","Headbutt+1","Evolve+1","Feel No Pain+1","Inflame+1","Limit Break+1","Cleave","Battle Trance+1","Madness+1","Madness+1","Secret Technique+1","Evolve+1","Headbutt+1","Thunderclap+1"],"max_hp_per_floor":[80,85,85,85,85,85,85,85,85,85,85,85,85,85,85,85,85,85,85,85,85,85,85,85,85,85,85,85,85,85,85,85,85,85,85,85,85,85,85,85,85,85,85,85,85,85,85,85,85,85],"relics":["Burning Blood","Oddly Smooth Stone","Bronze Scales","Bag of Preparation","Philosopher\u0027s Stone","Frozen Egg 2","Bottled Tornado","Meat on the Bone","Lantern","Sozu","Red Mask","Bird Faced Urn","Orichalcum","War Paint","Anchor"],"card_choices":[{"not_picked":["Perfected Strike","Thunderclap"],"picked":"True Grit"},{"not_picked":["Carnage","Heavy Blade"],"picked":"Pommel Strike"},{"not_picked":["Sever Soul","Blood for Blood"],"picked":"Flex"},{"not_picked":["Sword Boomerang","Offering"],"picked":"Clothesline"},{"not_picked":["Bloodletting","Carnage"],"picked":"Shrug It Off"},{"not_picked":["Double Tap","Exhume"],"picked":"Berserk"},{"not_picked":["Wild Strike","Perfected Strike"],"picked":"Shrug It Off"},{"not_picked":["Havoc","Seeing Red"],"picked":"Heavy Blade"},{"not_picked":["Armaments","Blood for Blood"],"picked":"Flame Barrier"},{"not_picked":["Intimidate","Corruption"],"picked":"Havoc"},{"not_picked":["Rage","Anger"],"picked":"Headbutt"},{"not_picked":["Cleave","Pommel Strike"],"picked":"Feel No Pain"},{"not_picked":["Clothesline","Berserk"],"picked":"Inflame"},{"not_picked":["Double Tap","Brutality"],"picked":"Limit Break"},{"not_picked":["Perfected Strike","Clothesline"],"picked":"Cleave"},{"not_picked":["Armaments","Clothesline"],"picked":"Battle Trance"},{"not_picked":["Rampage","Warcry"],"picked":"Headbutt"},{"not_picked":["Iron Wave","Sword Boomerang"],"picked":"Thunderclap"}],"player_experience":225931,"potions_floor_usage":[10,22,22,33,50,50],"damage_taken":[{"damage":4.0,"enemies":"2 Louse","floor":1.0,"turns":3.0},{"damage":7.0,"enemies":"Small Slimes","floor":3.0,"turns":5.0},{"damage":0,"enemies":"Cultist","floor":7,"turns":3},{"damage":40,"enemies":"Lagavulin","floor":10,"turns":7},{"damage":6,"enemies":"3 Sentries","floor":13,"turns":6},{"damage":3,"enemies":"Red Slaver","floor":14,"turns":3},{"damage":32,"enemies":"The Guardian","floor":16,"turns":12},{"damage":0,"enemies":"Shell Parasite","floor":18,"turns":5},{"damage":10,"enemies":"Chosen","floor":19,"turns":5},{"damage":6,"enemies":"Centurion and Healer","floor":21,"turns":5},{"damage":0,"enemies":"Snecko","floor":22,"turns":4},{"damage":80,"enemies":"Gremlin Leader","floor":23,"turns":9},{"damage":7,"enemies":"Slavers","floor":27,"turns":5},{"damage":8,"enemies":"Chosen and Byrds","floor":29,"turns":3},{"damage":27,"enemies":"Champ","floor":33,"turns":10},{"damage":1,"enemies":"3 Shapes","floor":35,"turns":7},{"damage":0,"enemies":"Orb Walker","floor":36,"turns":3},{"damage":4,"enemies":"Maw","floor":39,"turns":6},{"damage":16,"enemies":"2 Orb Walkers","floor":41,"turns":5},{"damage":0,"enemies":"3 Darklings","floor":42,"turns":4},{"damage":2,"enemies":"Giant Head","floor":48,"turns":5},{"damage":34,"enemies":"Donu and Deca","floor":50,"turns":7}],"event_choices":[{"event_name":"Big Fish","player_choice":"Donut","floor":2.0,"damage_taken":0.0},{"event_name":"Golden Wing","player_choice":"Card Removal","floor":4,"damage_taken":0},{"event_name":"The Woman in Blue","player_choice":"Bought 0 Potions","floor":5,"damage_taken":0},{"event_name":"Shining Light","player_choice":"Entered Light","floor":8,"damage_taken":0},{"event_name":"Upgrade Shrine","player_choice":"Upgraded","floor":12,"damage_taken":0},{"event_name":"Back to Basics","player_choice":"Simplicity","floor":20,"damage_taken":0},{"event_name":"Vampires","player_choice":"Ignored","floor":31,"damage_taken":0},{"event_name":"Winding Halls","player_choice":"Embrace Madness","floor":37,"damage_taken":0},{"event_name":"Tomb of Lord Red Mask","player_choice":"Paid","floor":40,"damage_taken":0},{"event_name":"Golden Shrine","player_choice":"Pray","floor":45,"damage_taken":0}],"boss_relics":[{"not_picked":["Lizard Tail","Runic Pyramid"],"picked":"Philosopher\u0027s Stone"},{"not_picked":["Runic Dome","Question Card"],"picked":"Sozu"}],"potions_floor_spawned":[1,10,13,16,18,23,27,33,35,42],"seed_played":"-7616168577618777257","ascension_level":4,"is_trial":false}