{"gold_per_floor":[109,39,50,50,65,65,108,108,108,39,52,52,75,93,93,216,216,235,235,223,4,4,4,45,66,66,81,99,113,113,113,113,244,244,267,267,16,32,365,399,129,142,142,0,12,112,132,149,149,149],"floor_reached":51,"playtime":4983,"items_purged":["Injury"],"score":816,"play_id":"2060ef54-a9f0-49f4-b47c-dab52d01dc3d","local_time":"20190219171459","is_ascension_mode":true,"campfire_choices":[{"data":"Evolve","floor":6,"key":"SMITH"},{"floor":15,"key":"REST"},{"floor":23,"key":"REST"},{"data":"Exhume","floor":30,"key":"SMITH"},{"data":"Disarm","floor":32,"key":"SMITH"},{"floor":49,"key":"REST"}],"neow_cost":"NONE","seed_source_timestamp":3097037632732975,"circlet_count":0,"master_deck":["Defend_R","Defend_R","Defend_R","Defend_R","Bash","Anger","Metallicize","Evolve+1","Injury","Power Through","Disarm","Twin Strike","Shrug It Off","Disarm+1","Havoc","Shrug It Off","Exhume+1","Thunderclap","Iron Wave","Dropkick","Shrug It Off","Armaments","Shrug It Off+1","True Grit+1","Feed","Anger","Bite","Bite","Bite","Bite","Bite","Reaper","Rage+1","Fire Breathing","Havoc+1","Swift Strike","Infernal Blade+1","Disarm+1","Parasite","Pummel+1","Seeing Red+1"],"relics":["Burning Blood","Shuriken","Kunai","Anchor","Eternal Feather","Singing Bowl","Lantern","Meat on the Bone","Fusion Hammer","Sling","Orichalcum","Bag of Preparation","Self Forming Clay","FossilizedHelix"],"potions_floor_usage":[7,24,24,24,24,24,24,27,29,38,40,40,42,42,45,45,47],"damage_taken":[{"damage":3,"enemies":"2 Louse","floor":1,"turns":3},{"damage":1,"enemies":"Small Slimes","floor":3,"turns":4},{"damage":3,"enemies":"Cultist","floor":5,"turns":4},{"damage":33,"enemies":"Gremlin Nob","floor":7,"turns":6},{"damage":48,"enemies":"Exordium Thugs","floor":11,"turns":6},{"damage":5,"enemies":"3 Louse","floor":13,"turns":5},{"damage":2,"enemies":"2 Fungi Beasts","floor":14,"turns":5},{"damage":1,"enemies":"Hexaghost","floor":16,"turns":10},{"damage":27,"enemies":"Chosen","floor":18,"turns":8},{"damage":32,"enemies":"2 Thieves","floor":20,"turns":5},{"damage":15,"enemies":"Slavers","floor":24,"turns":6},{"damage":64,"enemies":"Cultist and Chosen","floor":25,"turns":13},{"damage":10,"enemies":"Shelled Parasite and Fungi","floor":27,"turns":10},{"damage":24,"enemies":"Centurion and Healer","floor":28,"turns":13},{"damage":2,"enemies":"Chosen and Byrds","floor":29,"turns":9},{"damage":25,"enemies":"Champ","floor":33,"turns":20},{"damage":4,"enemies":"3 Shapes","floor":35,"turns":6},{"damage":22,"enemies":"3 Darklings","floor":38,"turns":8},{"damage":43,"enemies":"Reptomancer","floor":40,"turns":11},{"damage":75,"enemies":"Transient","floor":42,"turns":5},{"damage":25,"enemies":"4 Shapes","floor":45,"turns":5},{"damage":3,"enemies":"Mind Bloom Boss Battle","floor":46,"turns":10},{"damage":8,"enemies":"Writhing Mass","floor":47,"turns":12},{"damage":64,"enemies":"Transient","floor":48,"turns":5},{"damage":79,"enemies":"Awakened One","floor":50,"turns":20}],"seed_played":"-4145051226677036696","potions_obtained":[{"floor":1,"key":"Weak Potion"},{"floor":13,"key":"Strength Potion"},{"floor":16,"key":"EntropicBrew"},{"floor":20,"key":"Fire Potion"},{"floor":25,"key":"Block Potion"},{"floor":28,"key":"BloodPotion"},{"floor":29,"key":"Block Potion"},{"floor":35,"key":"Block Potion"},{"floor":40,"key":"Weak Potion"},{"floor":42,"key":"Block Potion"}],"is_trial":false,"path_per_floor":["M","$","M","?","M","R","E","?","T","$","M","?","M","M","R","B",null,"M","?","M","$","T","R","E","M","T","M","M","M","R","?","R","B",null,"M","?","$","M","?","E","$","M","T","$","M","?","M","M","R","B",null],"character_chosen":"IRONCLAD","items_purchased":["Metallicize","Twin Strike","Shrug It Off","Dropkick","Shrug It Off","Armaments","Sling","AttackPotion","Bag of Preparation","Ancient Potion","AttackPotion","Swift Strike","Weak Potion"],"campfire_rested":3,"item_purchase_floors":[2,10,10,21,21,21,37,37,41,41,41,44,44],"current_hp_per_floor":[88,88,88,88,88,88,61,66,66,66,24,24,25,29,56,61,93,72,72,46,46,46,88,79,21,21,31,25,53,71,68,68,67,68,71,71,71,71,71,67,67,22,22,22,37,65,79,35,79,52],"gold":149,"neow_bonus":"TEN_PERCENT_HP_BONUS","is_prod":false,"is_daily":false,"chose_seed":false,"campfire_upgraded":3,"win_rate":0,"timestamp":1550614499,"path_taken":["M","$","M","?","M","R","E","?","T","$","M","?","M","M","R","BOSS","M","?","M","$","?","R","E","M","T","M","M","M","R","?","R","BOSS","M","?","$","M","?","E","$","M","T","$","M","?","M","M","R","BOSS"],"build_version":"2019-02-06","purchased_purges":1,"victory":true,"max_hp_per_floor":[88,88,88,88,88,88,88,93,93,93,93,93,93,93,93,93,93,93,93,93,93,93,93,93,93,93,95,95,98,98,68,68,68,68,71,71,71,71,71,71,71,73,73,73,79,79,79,79,79,79],"card_choices":[{"not_picked":["Dual Wield","Body Slam"],"picked":"Anger","floor":1},{"not_picked":["Iron Wave","Cleave"],"picked":"Evolve","floor":3},{"not_picked":["Intimidate","Havoc"],"picked":"Power Through","floor":5},{"not_picked":["Whirlwind","Sword Boomerang"],"picked":"Disarm","floor":7},{"not_picked":["Armaments","Bludgeon"],"picked":"Disarm","floor":11},{"not_picked":["Uppercut","Twin Strike"],"picked":"Havoc","floor":13},{"not_picked":["Shockwave","Clash"],"picked":"Shrug It Off","floor":14},{"not_picked":["Fiend Fire","Berserk"],"picked":"Exhume","floor":16},{"not_picked":["Shockwave","Blood for Blood"],"picked":"Thunderclap","floor":18},{"not_picked":["Perfected Strike+1","Thunderclap"],"picked":"Iron Wave","floor":20},{"not_picked":["Pommel Strike","Whirlwind"],"picked":"Shrug It Off+1","floor":24},{"not_picked":["Sword Boomerang","Battle Trance"],"picked":"True Grit+1","floor":25},{"not_picked":["Pommel Strike","Twin Strike+1","Entrench"],"picked":"Singing Bowl","floor":27},{"not_picked":["Body Slam","Hemokinesis"],"picked":"Feed","floor":28},{"not_picked":["Spot Weakness","Ghostly Armor+1"],"picked":"Anger","floor":29},{"not_picked":["Offering","Brutality"],"picked":"Reaper","floor":33},{"not_picked":["Body Slam","True Grit+1"],"picked":"Rage+1","floor":35},{"not_picked":["Sever Soul","Clothesline"],"picked":"Fire Breathing","floor":38},{"not_picked":["Heavy Blade+1","Spot Weakness+1"],"picked":"Havoc+1","floor":40},{"not_picked":["Bloodletting+1","Rampage+1","Clothesline+1"],"picked":"Singing Bowl","floor":42},{"not_picked":["Body Slam+1","Rage+1"],"picked":"Infernal Blade+1","floor":45},{"not_picked":["Shrug It Off+1","Corruption"],"picked":"Disarm+1","floor":46},{"not_picked":["Flame Barrier","Impervious"],"picked":"Pummel+1","floor":47},{"not_picked":["Flame Barrier","Wild Strike+1"],"picked":"Seeing Red+1","floor":48}],"player_experience":159024,"relics_obtained":[{"floor":7,"key":"Shuriken"},{"floor":9,"key":"Kunai"},{"floor":12,"key":"Anchor"},{"floor":22,"key":"Singing Bowl"},{"floor":24,"key":"Lantern"},{"floor":26,"key":"Meat on the Bone"},{"floor":40,"key":"Orichalcum"},{"floor":43,"key":"Self Forming Clay"},{"floor":46,"key":"FossilizedHelix"}],"event_choices":[{"damage_healed":0,"gold_gain":0,"player_choice":"Take Wound","damage_taken":0,"relics_obtained":["Golden Idol"],"max_hp_gain":0,"max_hp_loss":0,"event_name":"Golden Idol","floor":4,"gold_loss":0,"cards_obtained":["Injury"]},{"damage_healed":0,"gold_gain":0,"player_choice":"Donut","damage_taken":0,"max_hp_gain":5,"max_hp_loss":0,"event_name":"Big Fish","floor":8,"gold_loss":0},{"damage_healed":0,"gold_gain":0,"player_choice":"Relic","damage_taken":0,"max_hp_gain":0,"max_hp_loss":0,"event_name":"Wheel of Change","floor":12,"gold_loss":0},{"damage_healed":0,"gold_gain":0,"player_choice":"Copied","damage_taken":0,"max_hp_gain":0,"max_hp_loss":0,"event_name":"Duplicator","floor":19,"gold_loss":0,"cards_obtained":["Injury"]},{"damage_healed":0,"gold_gain":0,"player_choice":"Became a vampire","damage_taken":0,"max_hp_gain":0,"max_hp_loss":30,"event_name":"Vampires","floor":31,"gold_loss":0,"cards_obtained":["Bite","Bite","Bite","Bite","Bite"]},{"damage_healed":0,"gold_gain":0,"player_choice":"Ignored","damage_taken":0,"max_hp_gain":0,"max_hp_loss":0,"event_name":"Tomb of Lord Red Mask","floor":36,"gold_loss":0},{"damage_healed":0,"gold_gain":333,"player_choice":"Gave Idol","damage_taken":0,"max_hp_gain":0,"max_hp_loss":0,"event_name":"The Moai Head","floor":39,"relics_lost":["Golden Idol"],"gold_loss":0},{"damage_healed":0,"gold_gain":0,"player_choice":"Fight","damage_taken":0,"max_hp_gain":0,"max_hp_loss":0,"event_name":"MindBloom","floor":46,"gold_loss":0}],"is_beta":true,"boss_relics":[{"not_picked":["White Beast Statue","Coffee Dripper"],"picked":"Eternal Feather"},{"not_picked":["Calling Bell","Astrolabe"],"picked":"Fusion Hammer"}],"items_purged_floors":[21],"is_endless":false,"potions_floor_spawned":[1,13,16,20,25,28,29,35,40,42],"ascension_level":2}