{"gold_per_floor":[118,118,118,137,154,154,173,192,217,217,217,167,167,185,185,288,288,305,315,315,414,414,414,432,432,462,237,237,257,257,257,257,353,353,364,364,364,383,409,440,92,92,92,118,118,133,143,159,159,159],"floor_reached":51,"playtime":1206,"items_purged":["FTL"],"score":745,"play_id":"c4622ec0-bf86-4e9c-9bd8-a5ac9ab706d2","local_time":"20190226021537","is_ascension_mode":false,"campfire_choices":[{"data":"Zap","floor":6.0,"key":"SMITH"},{"data":"Fusion","floor":11.0,"key":"SMITH"},{"data":"Dualcast","floor":13.0,"key":"SMITH"},{"data":"Coolheaded","floor":15.0,"key":"SMITH"},{"data":"Defragment","floor":23.0,"key":"SMITH"},{"data":"Fission","floor":25.0,"key":"SMITH"},{"data":"Meteor Strike","floor":30.0,"key":"SMITH"},{"data":"Go for the Eyes","floor":32.0,"key":"SMITH"},{"floor":42.0,"key":"REST"},{"floor":45.0,"key":"REST"},{"floor":49.0,"key":"RECALL"}],"neow_cost":"NONE","seed_source_timestamp":46799294352152,"circlet_count":0,"master_deck":["Defend_B+1","Defend_B+1","Defend_B+1","Zap+1","Dualcast+1","Coolheaded+1","Leap","Fusion+1","Ball Lightning+1","Meteor Strike+1","Fission+1","Ball Lightning+1","Defragment+1","Go for the Eyes+1","Recycle+1","Defragment+1","Biased Cognition","Compile Driver","Coolheaded","Cold Snap","Beam Cell+1","Cold Snap"],"special_seed":0,"relics":["Cracked Core","NeowsBlessing","Boot","Bottled Lightning","Busted Crown","Tiny Chest","PreservedInsect","Fusion Hammer","Du-Vu Doll","Whetstone","Lantern","Medical Kit","Singing Bowl","DataDisk"],"potions_floor_usage":[50,50],"damage_taken":[{"damage":0.0,"enemies":"Small Slimes","floor":1.0,"turns":1.0},{"damage":0.0,"enemies":"Jaw Worm","floor":4.0,"turns":1.0},{"damage":0.0,"enemies":"Cultist","floor":5.0,"turns":1.0},{"damage":0.0,"enemies":"Large Slime","floor":7.0,"turns":5.0},{"damage":0.0,"enemies":"2 Fungi Beasts","floor":8.0,"turns":2.0},{"damage":10.0,"enemies":"Looter","floor":14.0,"turns":3.0},{"damage":23.0,"enemies":"The Guardian","floor":16.0,"turns":13.0},{"damage":10.0,"enemies":"Chosen","floor":18.0,"turns":5.0},{"damage":12.0,"enemies":"3 Byrds","floor":19.0,"turns":4.0},{"damage":5.0,"enemies":"Shelled Parasite and Fungi","floor":24.0,"turns":3.0},{"damage":9.0,"enemies":"Centurion and Healer","floor":29.0,"turns":4.0},{"damage":30.0,"enemies":"Collector","floor":33.0,"turns":12.0},{"damage":0.0,"enemies":"Orb Walker","floor":35.0,"turns":3.0},{"damage":24.0,"enemies":"3 Darklings","floor":38.0,"turns":3.0},{"damage":10.0,"enemies":"Reptomancer","floor":40.0,"turns":4.0},{"damage":0.0,"enemies":"Nemesis","floor":44.0,"turns":3.0},{"damage":0.0,"enemies":"Spire Growth","floor":46.0,"turns":3.0},{"damage":0.0,"enemies":"4 Shapes","floor":47.0,"turns":4.0},{"damage":0.0,"enemies":"Sphere and 2 Shapes","floor":48.0,"turns":4.0},{"damage":42,"enemies":"Time Eater","floor":50,"turns":12}],"seed_played":"-6385982068215662460","potions_obtained":[{"floor":4.0,"key":"Swift Potion"},{"floor":7.0,"key":"SteroidPotion"},{"floor":16.0,"key":"FairyPotion"},{"floor":18.0,"key":"Energy Potion"},{"floor":35.0,"key":"LiquidBronze"},{"floor":40.0,"key":"Regen Potion"},{"floor":46.0,"key":"FearPotion"}],"is_trial":false,"path_per_floor":["M","?","?","M","M","R","M","M","T","T","R","?","R","M","R","B",null,"M","M","?","?","?","R","M","R","T","$","?","M","R","?","R","B",null,"M","T","?","M","T","E","$","R","T","E","R","M","M","M","R","B",null],"character_chosen":"DEFECT","items_purchased":["PreservedInsect","Compile Driver","Coolheaded","Cold Snap","Medical Kit"],"campfire_rested":2,"item_purchase_floors":[27,41,41,41,41],"current_hp_per_floor":[75,68,53,53,53,53,53,53,53,53,53,53,53,43,43,20,75,65,53,53,53,53,53,48,48,48,48,48,39,39,39,39,9,75,75,75,75,51,51,41,41,63,63,74,77,77,77,79,79,37],"gold":159,"neow_bonus":"THREE_ENEMY_KILL","is_prod":false,"is_daily":false,"chose_seed":false,"campfire_upgraded":8,"win_rate":0,"timestamp":1551168937,"path_taken":["M","?","?","M","?","R","M","M","T","?","R","?","R","M","R","BOSS","M","M","?","?","?","R","M","R","T","$","?","?","R","?","R","BOSS","M","?","?","M","?","E","$","R","T","E","R","M","?","M","R","BOSS"],"build_version":"2019-01-23","purchased_purges":1,"victory":true,"max_hp_per_floor":[75,75,75,75,75,75,75,75,75,75,75,75,75,75,75,75,75,75,75,75,75,75,75,75,75,75,75,75,75,75,75,75,75,75,75,75,75,75,75,75,75,75,75,77,77,77,77,79,79,79],"card_choices":[{"not_picked":["Hologram","Beam Cell"],"picked":"Coolheaded","floor":1.0},{"not_picked":["Compile Driver","Sunder"],"picked":"Leap","floor":4.0},{"not_picked":["Turbo","Static Discharge"],"picked":"Fusion","floor":5.0},{"not_picked":["Go for the Eyes","Stack"],"picked":"Ball Lightning","floor":7.0},{"not_picked":["Recycle","Cold Snap"],"picked":"Meteor Strike","floor":8.0},{"not_picked":["Scrape","Melter","Streamline"],"picked":"SKIP","floor":14.0},{"not_picked":["Creative AI","Thunder Strike"],"picked":"Fission","floor":16.0},{"not_picked":[],"picked":"Ball Lightning+1","floor":18.0},{"not_picked":[],"picked":"Defragment","floor":19.0},{"not_picked":["Rip and Tear"],"picked":"SKIP","floor":24.0},{"not_picked":[],"picked":"Recycle+1","floor":29.0},{"not_picked":[],"picked":"Biased Cognition","floor":33.0},{"not_picked":["Scrape+1"],"picked":"SKIP","floor":35.0},{"not_picked":["Stack"],"picked":"SKIP","floor":38.0},{"not_picked":["Go for the Eyes"],"picked":"SKIP","floor":40.0},{"not_picked":["Rebound"],"picked":"Singing Bowl","floor":44.0},{"not_picked":[],"picked":"Beam Cell+1","floor":46.0},{"not_picked":[],"picked":"Cold Snap","floor":47.0},{"not_picked":["Blizzard"],"picked":"Singing Bowl","floor":48.0}],"player_experience":926633,"relics_obtained":[{"floor":9.0,"key":"Boot"},{"floor":10.0,"key":"Bottled Lightning"},{"floor":26.0,"key":"Tiny Chest"},{"floor":36.0,"key":"Du-Vu Doll"},{"floor":39.0,"key":"Whetstone"},{"floor":40.0,"key":"Lantern"},{"floor":43.0,"key":"Singing Bowl"},{"floor":44.0,"key":"DataDisk"}],"event_choices":[{"cards_removed":["Strike_B"],"damage_healed":0.0,"max_hp_gain":0.0,"max_hp_loss":0.0,"gold_gain":0.0,"event_name":"Golden Wing","player_choice":"Card Removal","floor":2.0,"gold_loss":0.0,"damage_taken":7.0},{"damage_healed":0.0,"max_hp_gain":0.0,"max_hp_loss":0.0,"gold_gain":0.0,"event_name":"Shining Light","player_choice":"Entered Light","floor":3.0,"gold_loss":0.0,"damage_taken":15.0,"cards_upgraded":["Strike_B","Defend_B"]},{"cards_removed":["Strike_B"],"damage_healed":0.0,"max_hp_gain":0.0,"max_hp_loss":0.0,"gold_gain":0.0,"event_name":"The Cleric","player_choice":"Card Removal","floor":12.0,"gold_loss":50.0,"damage_taken":0.0},{"damage_healed":0.0,"max_hp_gain":0.0,"max_hp_loss":0.0,"gold_gain":0.0,"event_name":"Back to Basics","player_choice":"Simplicity","floor":20.0,"gold_loss":0.0,"damage_taken":0.0,"cards_upgraded":["Strike_B","Defend_B","Defend_B","Defend_B"]},{"damage_healed":0.0,"max_hp_gain":0.0,"max_hp_loss":0.0,"gold_gain":99.0,"event_name":"Nest","player_choice":"Stole From Cult","floor":21.0,"gold_loss":0.0,"damage_taken":0.0},{"damage_healed":0.0,"max_hp_gain":0.0,"max_hp_loss":0.0,"gold_gain":0.0,"cards_transformed":["Strike_B","Strike_B"],"event_name":"Drug Dealer","player_choice":"Became Test Subject","floor":22.0,"gold_loss":0.0,"damage_taken":0.0,"cards_obtained":["FTL","Go for the Eyes"]},{"cards_removed":["Defend_B"],"damage_healed":0.0,"max_hp_gain":0.0,"max_hp_loss":0.0,"gold_gain":0.0,"event_name":"Purifier","player_choice":"Purged","floor":28.0,"gold_loss":0.0,"damage_taken":0.0},{"damage_healed":0.0,"max_hp_gain":0.0,"max_hp_loss":0.0,"gold_gain":0.0,"event_name":"Duplicator","player_choice":"Copied","floor":31.0,"gold_loss":0.0,"damage_taken":0.0,"cards_obtained":["Defragment"]},{"damage_healed":0.0,"max_hp_gain":0.0,"max_hp_loss":0.0,"gold_gain":0.0,"event_name":"Tomb of Lord Red Mask","player_choice":"Ignored","floor":37.0,"gold_loss":0.0,"damage_taken":0.0}],"is_beta":false,"boss_relics":[{"not_picked":["Philosopher\u0027s Stone","Tiny House"],"picked":"Busted Crown"},{"not_picked":["Runic Dome","Astrolabe"],"picked":"Fusion Hammer"}],"items_purged_floors":[27],"is_endless":false,"potions_floor_spawned":[4,7,16,18,33,35,40,46],"ascension_level":0}