{"path_per_floor":["M","M","?","M","$","E","M","R","T","$","?","E","R","E","R","B",null,"M","M","$","T","?","R","$","R","T","M","E","M","R","?","R","B",null,"M","$","M","M","T","R","M","$","T","$","?","$","M","M","R","B"],"character_chosen":"DEFECT","items_purchased":["Capacitor","Glacier","Capacitor","Turbo","Sunder","Stack","Block Potion"],"gold_per_floor":[110,127,127,143,68,97,109,109,109,9,9,39,39,74,74,151,151,151,169,52,52,52,52,2,2,2,16,42,56,56,56,56,129,129,146,10,26,37,37,37,55,55,55,16,16,16,35,53,53,53],"floor_reached":51,"campfire_rested":2,"playtime":3045,"current_hp_per_floor":[63,60,65,63,63,55,46,46,46,46,46,44,44,45,45,25,66,66,66,66,66,45,53,53,61,61,48,35,16,50,50,58,58,75,46,46,51,48,48,62,42,42,42,42,42,42,42,51,80,50],"items_purged":["Strike_B","Strike_B"],"gold":53,"score":1289,"play_id":"e5efd07c-3e5d-45e6-88ff-3aac8c36d6d6","local_time":"20180515192104","is_prod":false,"is_daily":false,"chose_seed":false,"is_ascension_mode":true,"campfire_upgraded":7,"timestamp":1526437264,"path_taken":["M","M","?","M","$","E","M","R","T","$","?","E","R","E","R","BOSS","M","M","$","?","?","R","?","R","T","M","E","?","R","?","R","BOSS","M","$","M","M","?","R","M","$","T","$","?","?","M","M","R","BOSS"],"build_version":"2018-05-14v2","seed_source_timestamp":2096113939476485,"purchased_purges":2,"victory":true,"master_deck":["Strike_B","Defend_B+1","Defend_B+1","Defend_B+1","Defend_B","Zap+1","Dualcast+1","AscendersBane","Cold Snap","Ball Lightning","Barrage+1","All For One","Gash","FTL","Capacitor+1","Buffer+1","Cold Snap","Capacitor+1","Glacier","Necronomicurse","Capacitor+1","Steam+1","Echo Form+1","Streamline","All For One","Gash","BootSequence","Hologram","Force Field","Stack","Turbo+1","Sunder","Stack","Skim+1","Loop+1","Hologram","Conserve Battery+1"],"max_hp_per_floor":[71,71,76,76,76,76,76,76,76,76,76,76,76,76,76,80,80,80,80,80,80,80,80,80,80,80,80,80,80,80,80,80,80,80,80,80,80,80,80,80,80,80,80,80,80,80,80,80,80,80],"relics":["White Beast Statue","Meat on the Bone","Cables","Symbiotic Virus","Frozen Egg 2","Du-Vu Doll","Eternal Feather","Bottled Tornado","Necronomicon","Ginger","Bronze Scales","Orrery","Potion Belt","The Courier"],"card_choices":[{"not_picked":["Ball Lightning","Blizzard"],"picked":"Cold Snap","floor":1},{"not_picked":["Conserve Battery","Beam Cell"],"picked":"Ball Lightning","floor":2},{"not_picked":["Skim","Turbo"],"picked":"Barrage","floor":4},{"not_picked":["Streamline","Melter"],"picked":"All For One","floor":6},{"not_picked":["Ball Lightning","Turbo"],"picked":"Gash","floor":7},{"not_picked":["Double Energy","Skim"],"picked":"FTL","floor":12},{"not_picked":["Scrape","Undo"],"picked":"Capacitor+1","floor":14},{"not_picked":["Seek","Hyperbeam"],"picked":"Buffer+1","floor":16},{"not_picked":["Chaos","Barrage"],"picked":"Cold Snap","floor":19},{"not_picked":["Hello World+1","Axe Kick"],"picked":"Steam+1","floor":27},{"not_picked":["Chaos","Fusion"],"picked":"Echo Form+1","floor":28},{"not_picked":["Force Field","Go for the Eyes"],"picked":"Streamline","floor":29},{"not_picked":["Meteor Strike","Buffer+1"],"picked":"All For One","floor":33},{"not_picked":["BootSequence","Stack"],"picked":"Gash","floor":34},{"not_picked":["Blizzard","Ball Lightning"],"picked":"BootSequence","floor":34},{"not_picked":["Skim","Sweeping Beam"],"picked":"Hologram","floor":34},{"not_picked":["Undo","Chaos"],"picked":"Force Field","floor":34},{"not_picked":["Beam Cell","Steam"],"picked":"Stack","floor":35},{"not_picked":["Sweeping Beam+1","Axe Kick"],"picked":"Skim+1","floor":37},{"not_picked":["Ball Lightning","Rebound+1"],"picked":"Loop+1","floor":38},{"not_picked":["Redo","Rebound+1","Meteor Strike"],"picked":"SKIP","floor":41},{"not_picked":["Barrage","Axe Kick+1"],"picked":"Hologram","floor":47},{"not_picked":["Skim","Go for the Eyes+1"],"picked":"Conserve Battery+1","floor":48}],"player_experience":1492000,"potions_floor_usage":[6,6,6,16,18,28,28,33,35,47,48,50,50,50,50],"damage_taken":[{"damage":1,"enemies":"Cultist","floor":1,"turns":4},{"damage":3,"enemies":"2 Louse","floor":2,"turns":3},{"damage":2,"enemies":"Small Slimes","floor":4,"turns":4},{"damage":8,"enemies":"Gremlin Nob","floor":6,"turns":4},{"damage":9,"enemies":"Blue Slaver","floor":7,"turns":4},{"damage":14,"enemies":"3 Sentries","floor":12,"turns":5},{"damage":11,"enemies":"Lagavulin","floor":14,"turns":5},{"damage":36,"enemies":"The Guardian","floor":16,"turns":7},{"damage":0,"enemies":"2 Thieves","floor":18,"turns":1},{"damage":0,"enemies":"Chosen","floor":19,"turns":3},{"damage":25,"enemies":"Snake Plant","floor":27,"turns":5},{"damage":25,"enemies":"Book of Stabbing","floor":28,"turns":4},{"damage":31,"enemies":"Slaver and Parasite","floor":29,"turns":3},{"damage":0,"enemies":"Automaton","floor":33,"turns":7},{"damage":29,"enemies":"3 Darklings","floor":35,"turns":4},{"damage":7,"enemies":"Flame Bruiser 1 Orb","floor":37,"turns":5},{"damage":3,"enemies":"3 Darklings","floor":38,"turns":4},{"damage":20,"enemies":"Spire Growth","floor":41,"turns":5},{"damage":12,"enemies":"Flame Bruiser 2 Orb","floor":47,"turns":5},{"damage":3,"enemies":"Sphere and 2 Shapes","floor":48,"turns":3},{"damage":52,"enemies":"Donu and Deca","floor":50,"turns":7}],"relics_obtained":[{"floor":6,"key":"Meat on the Bone"},{"floor":9,"key":"Cables"},{"floor":12,"key":"Frozen Egg 2"},{"floor":14,"key":"Du-Vu Doll"},{"floor":21,"key":"Bottled Tornado"},{"floor":22,"key":"Necronomicon"},{"floor":26,"key":"Ginger"},{"floor":28,"key":"Bronze Scales"},{"floor":39,"key":"Potion Belt"},{"floor":43,"key":"The Courier"}],"event_choices":[{"event_name":"Big Fish","player_choice":"Donut","floor":3,"damage_taken":0},{"event_name":"Dead Adventurer","player_choice":"Searched \u00272\u0027 times","floor":11,"damage_taken":0},{"event_name":"Cursed Tome","player_choice":"Obtained Book","floor":22,"damage_taken":0},{"event_name":"Back to Basics","player_choice":"Elegance","floor":31,"damage_taken":0},{"event_name":"Mysterious Sphere","player_choice":"Ignore","floor":45,"damage_taken":0}],"boss_relics":[{"not_picked":["Pandora\u0027s Box","Calling Bell"],"picked":"Eternal Feather"},{"not_picked":["Lizard Tail","Black Star"],"picked":"Orrery"}],"potions_floor_spawned":[1,2,4,6,7,12,14,16,18,19,27,28,29,33,35,37,38,41,47,48],"seed_played":"-1247964707788252132","ascension_level":15,"potions_obtained":[{"floor":1,"key":"Block Potion"},{"floor":2,"key":"Fire Potion"},{"floor":4,"key":"Weak Potion"},{"floor":6,"key":"LiquidBronze"},{"floor":7,"key":"SmokeBomb"},{"floor":12,"key":"AttackPotion"},{"floor":14,"key":"Fruit Juice"},{"floor":16,"key":"Weak Potion"},{"floor":19,"key":"SneckoOil"},{"floor":27,"key":"FocusPotion"},{"floor":28,"key":"Poison Potion"},{"floor":29,"key":"AttackPotion"},{"floor":33,"key":"SkillPotion"},{"floor":35,"key":"AttackPotion"},{"floor":37,"key":"Explosive Potion"},{"floor":41,"key":"EssenceOfSteel"},{"floor":47,"key":"LiquidBronze"},{"floor":48,"key":"Regen Potion"}],"is_trial":false}