{"gold_per_floor":[111,121,136,9,19,46,46,72,72,84,98,98,112,143,143,241,241,221,231,231],"floor_reached":20,"playtime":1016,"items_purged":["Strike_B"],"score":317,"play_id":"a26ab1de-72b6-4834-bf3a-cd1dc4f79051","local_time":"20190228215255","is_ascension_mode":true,"campfire_choices":[{"data":"Gash","floor":7.0,"key":"SMITH"},{"floor":12.0,"key":"REST"},{"floor":15,"key":"REST"}],"neow_cost":"NONE","seed_source_timestamp":1182671247055196,"circlet_count":0,"master_deck":["AscendersBane","Strike_B","Strike_B","Defend_B","Defend_B","Defend_B","Defend_B","Zap","Dualcast","Ball Lightning","Gash+1","Cold Snap","Gash","Sweeping Beam","Reinforced Body","Leap","Darkness","Core Surge","Echo Form","Darkness","Defragment"],"special_seed":0,"relics":["Cracked Core","Strawberry","Ornamental Fan","Dodecahedron","Question Card","Nuclear Battery"],"potions_floor_usage":[16,20],"damage_taken":[{"damage":4.0,"enemies":"Jaw Worm","floor":1.0,"turns":3.0},{"damage":1.0,"enemies":"2 Louse","floor":2.0,"turns":2.0},{"damage":0.0,"enemies":"Small Slimes","floor":3.0,"turns":3.0},{"damage":10.0,"enemies":"Looter","floor":5.0,"turns":3.0},{"damage":32.0,"enemies":"3 Sentries","floor":6.0,"turns":9.0},{"damage":36.0,"enemies":"Gremlin Nob","floor":8.0,"turns":4.0},{"damage":0.0,"enemies":"2 Fungi Beasts","floor":10.0,"turns":2.0},{"damage":9.0,"enemies":"Gremlin Gang","floor":11.0,"turns":5.0},{"damage":5.0,"enemies":"Exordium Thugs","floor":13.0,"turns":5.0},{"damage":21,"enemies":"Lagavulin","floor":14,"turns":6},{"damage":11,"enemies":"Hexaghost","floor":16,"turns":9},{"damage":24,"enemies":"2 Thieves","floor":18,"turns":4},{"damage":7,"enemies":"Spheric Guardian","floor":19,"turns":3},{"damage":45,"enemies":"3 Cultists","floor":20,"turns":4}],"seed_played":"4298545216665226608","potions_obtained":[{"floor":5.0,"key":"FairyPotion"},{"floor":6.0,"key":"Regen Potion"},{"floor":11.0,"key":"SmokeBomb"},{"floor":14,"key":"FocusPotion"},{"floor":18,"key":"Block Potion"}],"is_trial":false,"path_per_floor":["M","M","M","$","M","E","R","E","T","M","M","R","M","E","R","B",null,"M","M","M"],"character_chosen":"DEFECT","items_purchased":["Block Potion"],"campfire_rested":2,"item_purchase_floors":[4],"current_hp_per_floor":[64,63,63,63,53,28,28,4,4,4,7,31,26,5,29,18,66,42,35,0],"gold":231,"neow_bonus":"TRANSFORM_CARD","is_prod":false,"is_daily":false,"chose_seed":false,"campfire_upgraded":1,"win_rate":0,"timestamp":1551387175,"path_taken":["M","M","M","$","M","E","R","E","T","M","M","R","M","E","R","BOSS","M","M","M"],"build_version":"2019-01-23","purchased_purges":1,"victory":false,"max_hp_per_floor":[75,75,75,75,75,82,82,82,82,82,82,82,82,82,82,82,82,82,82,82],"card_choices":[{"not_picked":["Streamline","Barrage"],"picked":"Gash","floor":1.0},{"not_picked":["Glacier","Self Repair"],"picked":"Cold Snap","floor":2.0},{"not_picked":["Rip and Tear","Go for the Eyes","Cold Snap"],"picked":"SKIP","floor":3.0},{"not_picked":["Beam Cell","Ball Lightning","Go for the Eyes"],"picked":"SKIP","floor":5.0},{"not_picked":["Aggregate","Loop"],"picked":"Gash","floor":6.0},{"not_picked":["Streamline","Barrage"],"picked":"Sweeping Beam","floor":8.0},{"not_picked":["Chill","Capacitor"],"picked":"Reinforced Body","floor":10.0},{"not_picked":["Loop","Sweeping Beam"],"picked":"Leap","floor":11.0},{"not_picked":["Redo","Leap"],"picked":"Darkness","floor":13.0},{"not_picked":["Leap","Self Repair"],"picked":"Core Surge","floor":14},{"not_picked":["Rainbow","Biased Cognition","Fission"],"picked":"Echo Form","floor":16},{"not_picked":["Stack+1","Beam Cell","Static Discharge"],"picked":"Darkness","floor":18},{"not_picked":["Aggregate","Compile Driver","Conserve Battery"],"picked":"Defragment","floor":19}],"player_experience":649925,"relics_obtained":[{"floor":6.0,"key":"Strawberry"},{"floor":8.0,"key":"Ornamental Fan"},{"floor":9.0,"key":"Dodecahedron"},{"floor":14,"key":"Question Card"}],"event_choices":[],"is_beta":false,"boss_relics":[{"not_picked":["Lizard Tail","Ectoplasm"],"picked":"Nuclear Battery"}],"items_purged_floors":[4],"is_endless":false,"potions_floor_spawned":[5,6,11,14,18],"killed_by":"3 Cultists","ascension_level":12}