{"path_per_floor":["M","$","M","?","M","R","M","R","T","R","E","M","E","T","R","B",null,"M","M","$","M","M","R","E","M","T","E","?","E","R","M","R","B",null,"M","M","M","M","M","R","E","?","T","R","M","M","?"],"character_chosen":"IRONCLAD","items_purchased":["Combust","Shrug It Off"],"gold_per_floor":[118,8,22,97,112,112,123,123,148,148,173,187,216,239,239,336,336,261,261,137,137,137,137,137,137,137,137,137,137,137,137,137,137,137,137,137,137,137,137,137,137,137,137,137,137,137,137,137],"floor_reached":48,"campfire_rested":1,"playtime":3710,"current_hp_per_floor":[77,77,80,69,67,67,35,35,35,35,32,38,26,26,26,23,66,59,37,37,41,39,63,59,44,51,42,42,34,34,40,40,35,41,43,43,43,27,33,33,34,34,34,34,39,43,43,0],"items_purged":["Strike_R","Defend_R"],"gold":137,"score":1004,"play_id":"755593a8-3937-4909-9cf8-88077b623441","local_time":"20180415221202","is_prod":false,"is_daily":false,"chose_seed":false,"is_ascension_mode":true,"campfire_upgraded":8,"timestamp":1523855522,"path_taken":["M","$","M","?","M","R","M","R","T","R","E","M","E","?","R","BOSS","M","M","$","M","M","R","E","M","T","E","?","E","R","M","R","BOSS","M","M","M","M","M","R","E","?","T","R","M","M","?","?"],"build_version":"2018-04-12","seed_source_timestamp":0,"purchased_purges":3,"victory":false,"master_deck":["Strike_R+1","Strike_R","Strike_R+1","Defend_R","Defend_R","Defend_R","Bash","AscendersBane","Combust+1","Shrug It Off","Flame Barrier+1","Disarm+1","Shrug It Off","Armaments+1","Demon Form+1","Entrench+1","Disarm","Shrug It Off","Body Slam","Clothesline+1","Heavy Blade+1","Ghostly+1","Ghostly","Ghostly","Ghostly","Ghostly","Shrug It Off+1","Battle Trance","Barricade+1","Shockwave"],"max_hp_per_floor":[80,80,80,80,80,80,80,80,80,80,80,80,80,80,80,80,80,80,80,80,80,80,80,80,80,87,87,43,43,43,43,43,43,43,43,43,43,43,43,43,43,43,43,43,43,43,43,43],"relics":["Burning Blood","Omamori","Juzu Bracelet","Bronze Scales","Whetstone","Ectoplasm","Old Coin","Strawberry","Ancient Tea Set","Torii","Velvet Choker","Centennial Puzzle","Question Card"],"card_choices":[{"not_picked":["Twin Strike","Clash"],"picked":"Shrug It Off","floor":3.0},{"not_picked":["Shrug It Off","Bloodletting"],"picked":"Flame Barrier","floor":5.0},{"not_picked":["Power Through","Fire Breathing"],"picked":"Disarm","floor":7.0},{"not_picked":["Reaper","Sever Soul"],"picked":"Shrug It Off","floor":12.0},{"not_picked":["Pommel Strike","Reckless Charge"],"picked":"Armaments","floor":13.0},{"not_picked":["Limit Break","Brutality"],"picked":"Demon Form","floor":16.0},{"not_picked":["Bloodletting","Sword Boomerang"],"picked":"Entrench","floor":18.0},{"not_picked":["True Grit","Heavy Blade"],"picked":"Disarm","floor":19.0},{"not_picked":["Cleave","Reckless Charge"],"picked":"Body Slam","floor":22.0},{"not_picked":["Headbutt","Sword Boomerang"],"picked":"Clothesline","floor":25.0},{"not_picked":["Power Through","Armaments"],"picked":"Heavy Blade","floor":27.0},{"not_picked":["Pummel","Heavy Blade"],"picked":"Shrug It Off","floor":29.0},{"not_picked":["Feel No Pain","Havoc"],"picked":"Battle Trance","floor":31.0},{"not_picked":["Demon Form","Limit Break"],"picked":"Barricade","floor":33.0},{"not_picked":["Flex","Warcry","Cleave"],"picked":"Shockwave","floor":46}],"player_experience":401450,"potions_floor_usage":[41,48,48],"damage_taken":[{"damage":1.0,"enemies":"Cultist","floor":1.0,"turns":3.0},{"damage":2.0,"enemies":"Small Slimes","floor":3.0,"turns":2.0},{"damage":8.0,"enemies":"Jaw Worm","floor":5.0,"turns":6.0},{"damage":38.0,"enemies":"Exordium Thugs","floor":7.0,"turns":7.0},{"damage":9.0,"enemies":"Lagavulin","floor":11.0,"turns":9.0},{"damage":0.0,"enemies":"Large Slime","floor":12.0,"turns":9.0},{"damage":18.0,"enemies":"Gremlin Nob","floor":13.0,"turns":5.0},{"damage":9.0,"enemies":"The Guardian","floor":16.0,"turns":11.0},{"damage":13.0,"enemies":"2 Thieves","floor":18.0,"turns":5.0},{"damage":28.0,"enemies":"Chosen","floor":19.0,"turns":5.0},{"damage":2.0,"enemies":"Snake Plant","floor":21.0,"turns":5.0},{"damage":8.0,"enemies":"Centurion and Healer","floor":22.0,"turns":10.0},{"damage":10.0,"enemies":"Slavers","floor":24.0,"turns":6.0},{"damage":21.0,"enemies":"Cultist and Chosen","floor":25.0,"turns":7.0},{"damage":15.0,"enemies":"Book of Stabbing","floor":27.0,"turns":6.0},{"damage":14.0,"enemies":"Slavers","floor":29.0,"turns":6.0},{"damage":0.0,"enemies":"Snake Plant","floor":31.0,"turns":4.0},{"damage":11.0,"enemies":"Collector","floor":33.0,"turns":10.0},{"damage":1,"enemies":"Orb Walker","floor":35,"turns":5},{"damage":1,"enemies":"3 Shapes","floor":36,"turns":8},{"damage":0,"enemies":"Maw","floor":37,"turns":8},{"damage":22,"enemies":"3 Darklings","floor":38,"turns":7},{"damage":0,"enemies":"4 Shapes","floor":39,"turns":9},{"damage":5,"enemies":"2 Orb Walkers","floor":41,"turns":6},{"damage":1,"enemies":"Maw","floor":45,"turns":9},{"damage":0,"enemies":"3 Darklings","floor":46,"turns":8},{"damage":44,"enemies":"Mysterious Sphere","floor":48,"turns":9}],"event_choices":[{"event_name":"World of Goop","player_choice":"Gather Gold","floor":4.0,"damage_taken":0.0},{"event_name":"Ghosts","player_choice":"Became a Ghost","floor":28.0,"damage_taken":0.0},{"event_name":"SecretPortal","player_choice":"Rejected Portal.","floor":42,"damage_taken":0},{"event_name":"Purifier","player_choice":"One Purge","floor":47,"damage_taken":0},{"event_name":"Mysterious Sphere","player_choice":"Fight","floor":48,"damage_taken":0}],"boss_relics":[{"not_picked":["Runic Dome","Lizard Tail"],"picked":"Velvet Choker"}],"potions_floor_spawned":[1,3,7,13,16,19,21,22,27,29,35,36,37,46],"seed_played":"363187016248617979","killed_by":"Mysterious Sphere","ascension_level":10,"is_trial":false}