{"path_per_floor":["M","?","M","M","$","E","R","E","T","R","E","M","?","E","R","B",null,"M","?","$","?","M","R","T","E","T","M","E","R","E","M","R","B",null,"M","M","?","?","?","R","M","E","T","E","M","M","E","$","R","B"],"character_chosen":"DEFECT","items_purchased":["Cold Snap","Mercury Hourglass","Tiny Chest","Coolheaded","Self Repair","Master of Strategy"],"gold_per_floor":[115,265,281,293,17,42,42,67,67,67,96,110,110,145,145,220,220,240,275,3,3,16,16,16,51,102,117,144,144,175,194,194,272,272,287,302,302,302,524,524,534,568,641,675,689,708,741,449,449,449],"floor_reached":51,"campfire_rested":2,"playtime":4554,"item_purchase_floors":[5,5,20,20,20,48],"current_hp_per_floor":[63,63,60,60,60,43,43,19,19,55,42,38,38,13,13,7,55,55,14,14,14,18,54,54,55,55,59,43,43,38,45,45,43,75,82,76,76,66,66,66,72,85,95,84,84,95,95,95,95,90],"items_purged":["Doubt","Strike_B"],"gold":449,"score":1443,"play_id":"99c70bd1-2abe-482d-84b2-adf0671bc19c","local_time":"20180524194536","is_prod":false,"is_daily":false,"chose_seed":false,"is_ascension_mode":true,"campfire_upgraded":6,"win_rate":0,"timestamp":1527216336,"campfire_choices":[{"data":"Consume","floor":7,"key":"SMITH"},{"floor":10,"key":"REST"},{"data":"Capacitor","floor":15,"key":"SMITH"},{"floor":23,"key":"REST"},{"data":"Hologram","floor":29,"key":"SMITH"},{"data":"Coolheaded","floor":32,"key":"SMITH"},{"data":"Master of Strategy","floor":40,"key":"SMITH"},{"data":"Master of Strategy","floor":49,"key":"SMITH"}],"path_taken":["M","?","M","M","$","E","R","E","T","R","E","M","?","E","R","BOSS","M","?","$","?","M","R","?","E","T","?","E","R","E","M","R","BOSS","M","?","?","?","?","R","M","E","T","E","M","M","E","$","R","BOSS"],"build_version":"2018-05-23v2","seed_source_timestamp":564025200982890,"purchased_purges":2,"victory":true,"master_deck":["Strike_B+1","Strike_B","Defend_B","Defend_B","Defend_B","Defend_B","Zap","Dualcast","AscendersBane","Capacitor+1","Auto Shields","Compile Driver","Cold Snap+1","Consume+1","Leap","Glacier","Reinforced Body","Hologram+1","Coolheaded+1","Self Repair","Go for the Eyes","FTL","BootSequence","Echo Form","Coolheaded+1","Master of Strategy+1","Barrage+1","Capacitor","Master of Strategy+1"],"max_hp_per_floor":[71,71,71,71,71,71,71,71,71,71,71,71,71,71,71,71,71,71,71,71,71,71,71,71,85,85,85,85,85,85,85,85,85,85,85,85,85,85,85,85,85,85,95,95,95,95,95,95,95,95],"relics":["Cracked Core","Mercury Hourglass","Happy Flower","Kunai","Regal Pillow","Potion Belt","Art of War","Inserter","Red Mask","Tiny Chest","Bottled Lightning","Mango","Whetstone","Boot","Oddly Smooth Stone","Velvet Choker","Matryoshka","Bronze Scales","Pear","Dead Branch","Ornamental Fan"],"card_choices":[{"not_picked":["Barrage","Double Energy"],"picked":"Capacitor","floor":1},{"not_picked":["Beam Cell","Streamline"],"picked":"Auto Shields","floor":3},{"not_picked":["Double Energy","Blizzard"],"picked":"Compile Driver","floor":4},{"not_picked":["White Noise","Coolheaded"],"picked":"Consume","floor":6},{"not_picked":["Doom and Gloom","Amplify","Hyperbeam"],"picked":"SKIP","floor":8},{"not_picked":["Darkness","Go for the Eyes"],"picked":"Leap","floor":11},{"not_picked":["Capacitor","Hologram"],"picked":"Glacier","floor":12},{"not_picked":["Redo","Coolheaded"],"picked":"Reinforced Body","floor":14},{"not_picked":["Leap","Sunder"],"picked":"Hologram","floor":18},{"not_picked":["Redo","Sunder"],"picked":"Go for the Eyes","floor":22},{"not_picked":["Lockon","Loop","Rebound"],"picked":"SKIP","floor":25},{"not_picked":["Chill","Glacier","Leap+1"],"picked":"SKIP","floor":27},{"not_picked":["Creative AI","Auto Shields+1"],"picked":"FTL","floor":28},{"not_picked":["Chill","Ball Lightning","Leap"],"picked":"SKIP","floor":30},{"not_picked":["Tempest","Steam"],"picked":"BootSequence","floor":31},{"not_picked":["Biased Cognition","Seek"],"picked":"Echo Form","floor":33},{"not_picked":["Redo","Hello World","Stack"],"picked":"SKIP","floor":35},{"not_picked":["Steam","Melter"],"picked":"Coolheaded+1","floor":36},{"not_picked":["Jack Of All Trades","Dark Shackles"],"picked":"Master of Strategy","floor":38},{"not_picked":["Beam Cell","Turbo"],"picked":"Barrage+1","floor":41},{"not_picked":["Coolheaded","Redo"],"picked":"Capacitor","floor":42},{"not_picked":["Turbo+1","Rip and Tear+1","Electrodynamics"],"picked":"SKIP","floor":44},{"not_picked":["Redo+1","Capacitor+1","Compile Driver"],"picked":"SKIP","floor":45},{"not_picked":["Ball Lightning","Force Field+1","Fusion"],"picked":"SKIP","floor":46},{"not_picked":["Reprogram","Stack","Doom and Gloom"],"picked":"SKIP","floor":47}],"player_experience":1607937,"potions_floor_usage":[6,14,16,25,28,28,31,33,44,50],"damage_taken":[{"damage":1,"enemies":"2 Louse","floor":1,"turns":3},{"damage":3,"enemies":"Jaw Worm","floor":3,"turns":4},{"damage":0,"enemies":"Cultist","floor":4,"turns":4},{"damage":17,"enemies":"Gremlin Nob","floor":6,"turns":5},{"damage":24,"enemies":"Lagavulin","floor":8,"turns":8},{"damage":13,"enemies":"3 Sentries","floor":11,"turns":6},{"damage":4,"enemies":"2 Fungi Beasts","floor":12,"turns":3},{"damage":25,"enemies":"Gremlin Nob","floor":14,"turns":5},{"damage":33,"enemies":"Slime Boss","floor":16,"turns":11},{"damage":0,"enemies":"Shell Parasite","floor":18,"turns":11},{"damage":41,"enemies":"Masked Bandits","floor":19,"turns":9},{"damage":3,"enemies":"Chosen","floor":22,"turns":5},{"damage":20,"enemies":"Gremlin Leader","floor":25,"turns":11},{"damage":3,"enemies":"Snake Plant","floor":27,"turns":6},{"damage":23,"enemies":"Slavers","floor":28,"turns":7},{"damage":12,"enemies":"Gremlin Leader","floor":30,"turns":10},{"damage":0,"enemies":"Cultist and Chosen","floor":31,"turns":7},{"damage":9,"enemies":"Automaton","floor":33,"turns":14},{"damage":0,"enemies":"3 Shapes","floor":35,"turns":5},{"damage":13,"enemies":"Flame Bruiser 1 Orb","floor":36,"turns":8},{"damage":1,"enemies":"Spire Growth","floor":41,"turns":10},{"damage":0,"enemies":"Giant Head","floor":42,"turns":15},{"damage":11,"enemies":"2 Orb Walkers","floor":44,"turns":7},{"damage":0,"enemies":"3 Darklings","floor":45,"turns":5},{"damage":0,"enemies":"Sphere and 2 Shapes","floor":46,"turns":7},{"damage":3,"enemies":"Giant Head","floor":47,"turns":12},{"damage":12,"enemies":"Time Eater","floor":50,"turns":17}],"relics_obtained":[{"floor":6,"key":"Happy Flower"},{"floor":8,"key":"Kunai"},{"floor":9,"key":"Regal Pillow"},{"floor":11,"key":"Potion Belt"},{"floor":14,"key":"Art of War"},{"floor":19,"key":"Red Mask"},{"floor":24,"key":"Bottled Lightning"},{"floor":25,"key":"Mango"},{"floor":26,"key":"Whetstone"},{"floor":28,"key":"Boot"},{"floor":30,"key":"Oddly Smooth Stone"},{"floor":42,"key":"Matryoshka"},{"floor":43,"key":"Bronze Scales"},{"floor":43,"key":"Pear"},{"floor":44,"key":"Dead Branch"},{"floor":47,"key":"Ornamental Fan"}],"event_choices":[{"event_name":"Liars Game","player_choice":"agreed","floor":2,"damage_taken":0},{"event_name":"Match and Keep!","player_choice":"0 cards matched","floor":13,"damage_taken":0},{"event_name":"Masked Bandits","player_choice":"Fought over 240 gold","floor":19,"damage_taken":0},{"event_name":"The Lab","player_choice":"Got Potions","floor":21,"damage_taken":0},{"event_name":"SensoryStone","player_choice":"Memory 3","floor":38,"damage_taken":0},{"event_name":"Tomb of Lord Red Mask","player_choice":"Wore Mask","floor":39,"damage_taken":0}],"boss_relics":[{"not_picked":["Tiny House","Lizard Tail"],"picked":"Inserter"},{"not_picked":["Black Star","Runic Pyramid"],"picked":"Velvet Choker"}],"items_purged_floors":[20,48],"potions_floor_spawned":[6,8,14,16,22,28,31,33,36,44,45],"seed_played":"-2519103706882628191","ascension_level":15,"potions_obtained":[{"floor":6,"key":"LiquidBronze"},{"floor":14,"key":"Poison Potion"},{"floor":16,"key":"FearPotion"},{"floor":21,"key":"EssenceOfSteel"},{"floor":21,"key":"Fire Potion"},{"floor":22,"key":"Ancient Potion"},{"floor":28,"key":"SteroidPotion"},{"floor":31,"key":"Swift Potion"},{"floor":33,"key":"SpeedPotion"},{"floor":36,"key":"Explosive Potion"},{"floor":44,"key":"Fire Potion"},{"floor":45,"key":"Poison Potion"}],"is_trial":false}