{"gold_per_floor":[119,129,129,140,160,193,193,209,277,291,366,366,395,409,409,480,480,492,492,571,585,91,91,118,118,118,148,148,148,108,125,125,125],"floor_reached":33,"playtime":2587,"items_purged":["Strike_R"],"score":575,"play_id":"b784b5ec-0c97-4f2e-9080-2af8d9a05ec7","local_time":"20190227001108","is_ascension_mode":true,"campfire_choices":[{"data":"Corruption","floor":7.0,"key":"SMITH"},{"data":"Whirlwind","floor":12,"key":"SMITH"},{"data":"Flame Barrier","floor":15,"key":"SMITH"},{"data":"Disarm","floor":23,"key":"SMITH"},{"data":"Inflame","floor":25,"key":"SMITH"},{"data":"Inflame","floor":29,"key":"SMITH"},{"data":"Combust","floor":32,"key":"SMITH"}],"neow_cost":"NONE","seed_source_timestamp":0,"circlet_count":0,"master_deck":["AscendersBane","Strike_R","Strike_R","Strike_R","Strike_R","Defend_R","Defend_R","Defend_R","Defend_R","Bash+1","Hemokinesis+1","Anger","Iron Wave","Spot Weakness","Corruption+1","Reaper","Whirlwind+1","Flame Barrier+1","Impervious","Intimidate","Rage","Inflame+1","Immolate","Disarm+1","Inflame+1","Combust+1"],"special_seed":0,"relics":["Burning Blood","Meat on the Bone","Self Forming Clay","Torii","Orrery","Pantograph","Nunchaku","PreservedInsect","Paper Frog","Matryoshka"],"potions_floor_usage":[16,16,27,33],"damage_taken":[{"damage":4.0,"enemies":"2 Louse","floor":1.0,"turns":3.0},{"damage":5.0,"enemies":"Jaw Worm","floor":2.0,"turns":3.0},{"damage":4.0,"enemies":"Small Slimes","floor":4.0,"turns":4.0},{"damage":18.0,"enemies":"Exordium Wildlife","floor":5.0,"turns":5.0},{"damage":17.0,"enemies":"3 Sentries","floor":6.0,"turns":7.0},{"damage":16.0,"enemies":"Blue Slaver","floor":8.0,"turns":4.0},{"damage":9.0,"enemies":"Looter","floor":10.0,"turns":3.0},{"damage":24,"enemies":"Gremlin Nob","floor":13,"turns":4},{"damage":17,"enemies":"Gremlin Gang","floor":14,"turns":2},{"damage":71,"enemies":"Slime Boss","floor":16,"turns":12},{"damage":43,"enemies":"Chosen","floor":18,"turns":7},{"damage":17,"enemies":"3 Byrds","floor":21,"turns":5},{"damage":38,"enemies":"Slavers","floor":24,"turns":5},{"damage":16,"enemies":"Gremlin Leader","floor":27,"turns":7},{"damage":14,"enemies":"Sentry and Sphere","floor":31,"turns":6},{"damage":95,"enemies":"Automaton","floor":33,"turns":8}],"seed_played":"7477291399259317819","potions_obtained":[{"floor":1.0,"key":"Dexterity Potion"},{"floor":2.0,"key":"Explosive Potion"},{"floor":10.0,"key":"SkillPotion"},{"floor":14,"key":"AttackPotion"},{"floor":24,"key":"SteroidPotion"},{"floor":30,"key":"Strength Potion"},{"floor":30,"key":"LiquidBronze"}],"is_trial":false,"path_per_floor":["M","M","?","M","M","E","R","M","T","M","?","R","E","M","R","B",null,"M","?","T","M","$","R","E","R","T","E","?","R","?","M","R","B"],"character_chosen":"IRONCLAD","items_purchased":["Nunchaku","Combust"],"campfire_rested":0,"item_purchase_floors":[22,22],"current_hp_per_floor":[70,71,71,73,61,50,50,52,52,59,48,48,42,59,59,22,62,41,41,41,46,46,46,37,37,37,44,44,44,44,56,56,0],"gold":125,"neow_bonus":"UPGRADE_CARD","is_prod":false,"is_daily":false,"chose_seed":false,"campfire_upgraded":7,"win_rate":0,"timestamp":1551255068,"path_taken":["M","M","?","M","M","E","R","M","T","M","?","R","E","M","R","BOSS","M","?","?","M","$","R","E","R","T","E","?","R","?","M","R","BOSS"],"build_version":"2019-01-23","purchased_purges":1,"victory":false,"max_hp_per_floor":[75,75,75,75,75,75,75,75,75,75,75,75,75,75,75,75,75,75,75,75,75,75,75,75,75,75,75,75,75,75,75,75,75],"card_choices":[{"not_picked":["Dual Wield","Dropkick"],"picked":"Hemokinesis","floor":1.0},{"not_picked":["Dual Wield","Havoc"],"picked":"Anger","floor":2.0},{"not_picked":["Twin Strike","Pommel Strike"],"picked":"Iron Wave","floor":4.0},{"not_picked":["Pommel Strike","Seeing Red"],"picked":"Spot Weakness","floor":5.0},{"not_picked":["Warcry","Flex"],"picked":"Corruption","floor":6.0},{"not_picked":["Pommel Strike","Wild Strike"],"picked":"Reaper","floor":8.0},{"not_picked":["True Grit","Uppercut"],"picked":"Whirlwind","floor":10.0},{"not_picked":["Uppercut","Pommel Strike","Dropkick"],"picked":"SKIP","floor":13},{"not_picked":["Clash","Havoc"],"picked":"Flame Barrier","floor":14},{"not_picked":["Bludgeon","Fiend Fire"],"picked":"Impervious","floor":16},{"not_picked":["Clothesline","Rupture"],"picked":"Intimidate","floor":17},{"not_picked":["Anger","Clothesline"],"picked":"Rage","floor":17},{"not_picked":["Shockwave","Cleave"],"picked":"Inflame","floor":17},{"not_picked":["Twin Strike","Perfected Strike"],"picked":"Immolate","floor":18},{"not_picked":["Pommel Strike","Clash"],"picked":"Inflame","floor":21},{"not_picked":["Pommel Strike","Anger","Hemokinesis"],"picked":"SKIP","floor":24},{"not_picked":["Corruption","Perfected Strike","Headbutt+1"],"picked":"SKIP","floor":27},{"not_picked":["Headbutt+1","Cleave","Sword Boomerang"],"picked":"SKIP","floor":31}],"player_experience":886296,"relics_obtained":[{"floor":6.0,"key":"Meat on the Bone"},{"floor":9.0,"key":"Self Forming Clay"},{"floor":13,"key":"Torii"},{"floor":20,"key":"Pantograph"},{"floor":24,"key":"PreservedInsect"},{"floor":26,"key":"Paper Frog"},{"floor":27,"key":"Matryoshka"}],"event_choices":[{"damage_healed":0.0,"max_hp_gain":0.0,"max_hp_loss":0.0,"gold_gain":0.0,"event_name":"Living Wall","player_choice":"Grow","floor":3.0,"gold_loss":0.0,"damage_taken":0.0,"cards_upgraded":["Hemokinesis"]},{"damage_healed":0,"gold_gain":75,"player_choice":"Gather Gold","damage_taken":11,"max_hp_gain":0,"max_hp_loss":0,"event_name":"World of Goop","floor":11,"gold_loss":0},{"damage_healed":0,"gold_gain":0,"player_choice":"Read","damage_taken":0,"max_hp_gain":0,"max_hp_loss":0,"event_name":"The Library","floor":19,"gold_loss":0,"cards_obtained":["Disarm"]},{"damage_healed":0,"gold_gain":0,"player_choice":"Ignored","damage_taken":0,"max_hp_gain":0,"max_hp_loss":0,"event_name":"Ghosts","floor":28,"gold_loss":0},{"damage_healed":0,"gold_gain":0,"player_choice":"Bought 3 Potions","damage_taken":0,"max_hp_gain":0,"max_hp_loss":0,"event_name":"The Woman in Blue","floor":30,"gold_loss":0}],"is_beta":false,"boss_relics":[{"not_picked":["Runic Cube","Eternal Feather"],"picked":"Orrery"}],"items_purged_floors":[22],"is_endless":false,"potions_floor_spawned":[1,2,10,14,24,31],"killed_by":"Automaton","ascension_level":19}