{"path_per_floor":["M","M","M","$","?","E","R","?","T","E","M","R","$","?","R","B",null,"M","M","?","?","?","R","E","R","T","?","M","R","M","M","R","B",null,"M","?","$","T","M","E","M","R","T","R","M","E","R","?","R","B"],"character_chosen":"DEFECT","items_purchased":["Regen Potion","Regen Potion","Auto Shields","Sunder","Lee\u0027s Waffle"],"gold_per_floor":[210,221,233,88,88,114,114,114,114,146,163,163,52,52,52,126,126,146,156,71,71,71,71,101,101,101,130,146,146,165,185,185,258,258,273,273,4,28,41,70,80,80,148,148,165,199,199,421,421,421],"floor_reached":51,"campfire_rested":6,"playtime":3034,"item_purchase_floors":[4,4,13,37,37],"current_hp_per_floor":[60,60,57,57,57,51,51,28,38,32,29,29,29,29,29,19,69,69,69,69,61,61,61,14,39,39,39,27,52,48,44,69,41,75,75,75,93,93,93,63,51,78,78,78,78,57,84,84,93,53],"items_purged":["Strike_B"],"gold":421,"score":1286,"play_id":"c4aa54db-cce6-4156-b699-37ee577d85b7","local_time":"20180616135100","is_prod":false,"is_daily":false,"chose_seed":false,"is_ascension_mode":true,"campfire_upgraded":4,"win_rate":0,"timestamp":1529182260,"campfire_choices":[{"data":"Defragment","floor":7,"key":"SMITH"},{"data":"Zap","floor":12,"key":"SMITH"},{"data":"Ball Lightning","floor":15,"key":"SMITH"},{"data":"Electrodynamics","floor":23,"key":"SMITH"},{"floor":25,"key":"REST"},{"floor":29,"key":"REST"},{"floor":32,"key":"REST"},{"floor":42,"key":"REST"},{"data":"Strike_B","floor":44,"key":"PURGE"},{"floor":47,"key":"REST"},{"floor":49,"key":"REST"}],"path_taken":["M","M","M","$","?","E","R","?","T","E","M","R","$","?","R","BOSS","M","M","?","?","?","R","E","R","T","?","M","R","M","M","R","BOSS","M","?","$","?","M","E","M","R","T","R","M","E","R","?","R","BOSS"],"build_version":"2018-06-14v2","seed_source_timestamp":870754430231587,"purchased_purges":1,"victory":true,"master_deck":["Strike_B+1","Strike_B","Defend_B+1","Defend_B","Defend_B","Zap+1","Dualcast+1","AscendersBane","Beam Cell+1","Ball Lightning+1","Defragment+1","Coolheaded","Steam","Auto Shields","Electrodynamics+1","Coolheaded","Ball Lightning+1","All For One","Conserve Battery+1","Skim","Cold Snap","Electrodynamics","Conserve Battery+1","Sunder","Streamline+1","Leap+1","Rainbow","Leap","Hologram+1"],"max_hp_per_floor":[71,71,71,71,71,76,76,76,86,86,86,86,86,86,86,86,86,86,86,86,86,86,86,86,86,86,86,86,86,86,86,86,86,86,86,86,93,93,93,93,93,93,93,93,93,93,93,93,93,93],"relics":["Cracked Core","Emotion Chip","Pear","Juzu Bracelet","Snecko Eye","Lantern","War Paint","Peace Pipe","Red Mask","Fusion Hammer","Lee\u0027s Waffle","Vajra","Art of War","Meat on the Bone","Bag of Marbles"],"card_choices":[{"not_picked":["Hologram","Redo"],"picked":"Beam Cell","floor":1},{"not_picked":["Aggregate","Redo"],"picked":"Ball Lightning","floor":2},{"not_picked":["Conserve Battery","Melter"],"picked":"Defragment","floor":3},{"not_picked":["Tempest","Sweeping Beam"],"picked":"Coolheaded","floor":6},{"not_picked":["Rip and Tear","Meteor Strike","Turbo"],"picked":"SKIP","floor":10},{"not_picked":["Chaos","Ball Lightning"],"picked":"Steam","floor":11},{"not_picked":["Multi-Cast","Reboot"],"picked":"Electrodynamics","floor":16},{"not_picked":["FTL","Beam Cell"],"picked":"Coolheaded","floor":18},{"not_picked":["Hologram","Steam Power+1"],"picked":"Ball Lightning+1","floor":19},{"not_picked":["Steam","Gash+1"],"picked":"Conserve Battery","floor":24},{"not_picked":["Rebound","Leap"],"picked":"Skim","floor":28},{"not_picked":["Turbo","Ball Lightning","Gash"],"picked":"SKIP","floor":30},{"not_picked":["Reinforced Body","Tempest"],"picked":"Cold Snap","floor":31},{"not_picked":["Multi-Cast","Biased Cognition"],"picked":"Electrodynamics","floor":33},{"not_picked":["Chaos","Rip and Tear"],"picked":"Conserve Battery+1","floor":35},{"not_picked":["Cold Snap","Aggregate+1"],"picked":"Streamline+1","floor":39},{"not_picked":["Rebound","Double Energy"],"picked":"Leap+1","floor":40},{"not_picked":["Gash","Turbo"],"picked":"Rainbow","floor":41},{"not_picked":["Chaos","Rebound+1"],"picked":"Leap","floor":45},{"not_picked":["Compile Driver","Static Discharge"],"picked":"Hologram+1","floor":46}],"player_experience":1925098,"potions_floor_usage":[6,6,10,24,28,50,50],"damage_taken":[{"damage":4,"enemies":"Jaw Worm","floor":1,"turns":4},{"damage":0,"enemies":"Cultist","floor":2,"turns":3},{"damage":3,"enemies":"2 Louse","floor":3,"turns":3},{"damage":25,"enemies":"Lagavulin","floor":6,"turns":6},{"damage":6,"enemies":"Gremlin Nob","floor":10,"turns":3},{"damage":3,"enemies":"Blue Slaver","floor":11,"turns":2},{"damage":10,"enemies":"The Guardian","floor":16,"turns":8},{"damage":0,"enemies":"Chosen","floor":18,"turns":4},{"damage":0,"enemies":"Spheric Guardian","floor":19,"turns":3},{"damage":47,"enemies":"Slavers","floor":24,"turns":4},{"damage":0,"floor":27,"turns":2},{"damage":12,"enemies":"Centurion and Healer","floor":28,"turns":5},{"damage":4,"enemies":"Snake Plant","floor":30,"turns":3},{"damage":4,"enemies":"Cultist and Chosen","floor":31,"turns":3},{"damage":28,"enemies":"Collector","floor":33,"turns":7},{"damage":0,"enemies":"3 Darklings","floor":35,"turns":3},{"damage":0,"enemies":"3 Shapes","floor":39,"turns":3},{"damage":30,"enemies":"2 Orb Walkers","floor":40,"turns":4},{"damage":12,"enemies":"Flame Bruiser 2 Orb","floor":41,"turns":4},{"damage":0,"enemies":"4 Shapes","floor":45,"turns":4},{"damage":33,"enemies":"Nemesis","floor":46,"turns":7},{"damage":40,"enemies":"Time Eater","floor":50,"turns":12}],"relics_obtained":[{"floor":6,"key":"Emotion Chip"},{"floor":9,"key":"Pear"},{"floor":10,"key":"Juzu Bracelet"},{"floor":24,"key":"War Paint"},{"floor":26,"key":"Peace Pipe"},{"floor":27,"key":"Red Mask"},{"floor":38,"key":"Vajra"},{"floor":40,"key":"Art of War"},{"floor":43,"key":"Meat on the Bone"},{"floor":46,"key":"Bag of Marbles"}],"event_choices":[{"event_name":"The Lab","player_choice":"Got Potions","floor":5,"damage_taken":0},{"event_name":"Shining Light","player_choice":"Entered Light","floor":8,"damage_taken":0},{"event_name":"Accursed Blacksmith","player_choice":"Forge","floor":14,"damage_taken":0},{"event_name":"Addict","player_choice":"Obtained Relic","floor":20,"damage_taken":0},{"event_name":"Knowing Skull","player_choice":"","floor":21,"damage_taken":0},{"event_name":"The Library","player_choice":"Read","floor":22,"damage_taken":0},{"event_name":"Masked Bandits","player_choice":"Fought over 101 gold","floor":27,"damage_taken":0},{"event_name":"Falling","player_choice":"Removed Skill","floor":36,"damage_taken":0},{"event_name":"Tomb of Lord Red Mask","player_choice":"Wore Mask","floor":48,"damage_taken":0}],"boss_relics":[{"not_picked":["Nuclear Battery","Lizard Tail"],"picked":"Snecko Eye"},{"not_picked":["Runic Dome","White Beast Statue"],"picked":"Fusion Hammer"}],"items_purged_floors":[13],"is_endless":false,"potions_floor_spawned":[6,10,11,18,27,30,33,46],"seed_played":"-3093307730845523629","ascension_level":15,"potions_obtained":[{"floor":5,"key":"Fruit Juice"},{"floor":6,"key":"Strength Potion"},{"floor":10,"key":"SteroidPotion"},{"floor":11,"key":"SpeedPotion"},{"floor":27,"key":"SkillPotion"},{"floor":30,"key":"SpeedPotion"},{"floor":33,"key":"LiquidBronze"}],"is_trial":false}