{"gold_per_floor":[116,127,142,159,159,189,209,209,236,255,180,192,221,237,237,337,337,326,191,191,191,203,228,244,244,244,261,271,298,318,193,193,295,295,308,323,323,323,323,323,333,333,333,333,39,69,169,182,182,182],"floor_reached":51,"playtime":4389,"items_purged":["Strike_R","Strike_R","Strike_R","Strike_R"],"score":706,"play_id":"7c500824-79d0-4a0b-88bf-b6f1ee9a8b8f","local_time":"20190217210547","is_ascension_mode":false,"campfire_choices":[{"data":"Armaments","floor":8,"key":"SMITH"},{"data":"Armaments","floor":15,"key":"SMITH"},{"data":"Limit Break","floor":25,"key":"SMITH"},{"floor":32,"key":"REST"},{"data":"Limit Break","floor":40,"key":"SMITH"},{"floor":42,"key":"RECALL"},{"floor":49,"key":"REST"}],"neow_cost":"NONE","seed_source_timestamp":226064820248134,"circlet_count":0,"master_deck":["Strike_R","Defend_R","Defend_R","Defend_R","Defend_R","Bash","Heavy Blade","Dual Wield","Armaments+1","Shockwave","Shrug It Off","Spot Weakness","Armaments+1","Whirlwind","Iron Wave","Perfected Strike","Shrug It Off","Limit Break+1","Pommel Strike+1","Inflame","Heavy Blade+1","Anger+1","Inflame","Limit Break+1","Inflame","Madness","Madness","Searing Blow+1"],"relics":["Burning Blood","Happy Flower","Question Card","Strawberry","Boot","Sozu","Nilry\u0027s Codex","Regal Pillow","Incense Burner","Self Forming Clay","Centennial Puzzle","Busted Crown","Torii","Blood Vial","Charon\u0027s Ashes"],"potions_floor_usage":[6,13,16,16,18],"damage_taken":[{"damage":0,"enemies":"Cultist","floor":1,"turns":4},{"damage":2,"enemies":"2 Louse","floor":2,"turns":3},{"damage":3,"enemies":"Small Slimes","floor":3,"turns":4},{"damage":4,"enemies":"2 Fungi Beasts","floor":4,"turns":4},{"damage":16,"enemies":"Gremlin Nob","floor":6,"turns":5},{"damage":2,"enemies":"3 Louse","floor":7,"turns":4},{"damage":5,"enemies":"Looter","floor":10,"turns":3},{"damage":2,"enemies":"2 Fungi Beasts","floor":12,"turns":3},{"damage":26,"enemies":"Lagavulin","floor":13,"turns":8},{"damage":7,"enemies":"3 Louse","floor":14,"turns":3},{"damage":23,"enemies":"Hexaghost","floor":16,"turns":9},{"damage":10,"enemies":"2 Thieves","floor":18,"turns":4},{"damage":17,"enemies":"Shell Parasite","floor":22,"turns":5},{"damage":40,"enemies":"Slavers","floor":23,"turns":5},{"damage":2,"enemies":"Snecko","floor":24,"turns":3},{"damage":7,"enemies":"Shelled Parasite and Fungi","floor":27,"turns":5},{"damage":5,"enemies":"Cultist and Chosen","floor":28,"turns":5},{"damage":12,"enemies":"Book of Stabbing","floor":29,"turns":5},{"damage":15,"enemies":"Snecko","floor":30,"turns":4},{"damage":36,"enemies":"Collector","floor":33,"turns":7},{"damage":4,"enemies":"3 Shapes","floor":35,"turns":2},{"damage":8,"enemies":"3 Darklings","floor":36,"turns":5},{"damage":5,"enemies":"Transient","floor":41,"turns":5},{"damage":23,"enemies":"Reptomancer","floor":46,"turns":5},{"damage":6,"enemies":"4 Shapes","floor":48,"turns":3},{"damage":52,"enemies":"Awakened One","floor":50,"turns":5}],"seed_played":"323161389058892297","potions_obtained":[{"floor":2,"key":"PowerPotion"},{"floor":6,"key":"SkillPotion"},{"floor":10,"key":"FearPotion"},{"floor":14,"key":"EssenceOfSteel"},{"floor":16,"key":"Fire Potion"}],"is_trial":false,"path_per_floor":["M","M","M","M","?","E","M","R","T","M","$","M","E","M","R","B",null,"M","$","?","?","M","E","M","R","T","M","M","E","M","$","R","B",null,"M","M","?","?","?","R","M","R","T","?","$","E","?","M","R","B",null],"character_chosen":"IRONCLAD","items_purchased":["Inflame","Blood Vial"],"campfire_rested":2,"item_purchase_floors":[19,45],"current_hp_per_floor":[80,80,80,80,80,70,74,74,81,82,82,86,66,65,65,48,87,83,83,67,67,56,22,26,26,26,25,26,20,11,11,52,22,87,87,85,85,74,74,74,75,75,75,75,75,60,60,62,87,41],"gold":182,"neow_bonus":"RANDOM_COMMON_RELIC","is_prod":false,"is_daily":false,"chose_seed":false,"campfire_upgraded":4,"win_rate":0,"timestamp":1550433947,"path_taken":["M","M","?","M","?","E","?","R","T","M","$","M","E","M","R","BOSS","M","$","?","?","M","E","M","R","T","M","M","E","M","$","R","BOSS","M","M","?","?","?","R","M","R","T","?","$","E","?","M","R","BOSS"],"build_version":"2019-01-23","purchased_purges":4,"victory":true,"max_hp_per_floor":[80,80,80,80,80,80,80,80,87,87,87,87,87,87,87,87,87,87,87,87,87,87,87,87,87,87,87,87,87,87,87,87,87,87,87,87,87,87,87,87,87,87,87,87,87,87,87,87,87,87],"card_choices":[{"not_picked":["Warcry","True Grit"],"picked":"Heavy Blade","floor":1},{"not_picked":["Wild Strike","Disarm"],"picked":"Dual Wield","floor":2},{"not_picked":["Searing Blow","Burning Pact"],"picked":"Armaments","floor":3},{"not_picked":["Warcry","Iron Wave","True Grit"],"picked":"SKIP","floor":4},{"not_picked":["Rampage","Hemokinesis"],"picked":"Spot Weakness","floor":6},{"not_picked":["Clash","Wild Strike","Combust"],"picked":"Armaments","floor":7},{"not_picked":["Sever Soul","Clash","Pummel"],"picked":"Whirlwind","floor":10},{"not_picked":["True Grit","Cleave","Bludgeon"],"picked":"Iron Wave","floor":12},{"not_picked":["Pommel Strike","Second Wind","Headbutt"],"picked":"Perfected Strike","floor":13},{"not_picked":["Second Wind","Thunderclap","Iron Wave"],"picked":"Shrug It Off","floor":14},{"not_picked":["Juggernaut","Immolate","Reaper"],"picked":"Limit Break","floor":16},{"not_picked":["Searing Blow","Combust","Feel No Pain"],"picked":"Pommel Strike+1","floor":18},{"not_picked":["Sword Boomerang+1","Ghostly Armor+1","Second Wind","Uppercut"],"picked":"SKIP","floor":22},{"not_picked":["Sword Boomerang+1","Ghostly Armor+1","Second Wind","Uppercut"],"picked":"SKIP","floor":22},{"not_picked":["Evolve","Wild Strike","Flame Barrier+1"],"picked":"Heavy Blade+1","floor":23},{"not_picked":["Brutality","Dual Wield","Sever Soul","Thunderclap"],"picked":"SKIP","floor":24},{"not_picked":["Thunderclap","Ghostly Armor","Warcry","Wild Strike"],"picked":"SKIP","floor":27},{"not_picked":["Body Slam+1","Thunderclap","Feel No Pain+1","Clash"],"picked":"SKIP","floor":28},{"not_picked":["Immolate","True Grit","Clothesline"],"picked":"Anger+1","floor":29},{"not_picked":["Pummel+1","Headbutt+1","Dual Wield"],"picked":"Inflame","floor":30},{"not_picked":["Bludgeon","Offering","Feed"],"picked":"Limit Break","floor":33},{"not_picked":["Body Slam","Cleave"],"picked":"SKIP","floor":35},{"not_picked":["Twin Strike+1"],"picked":"Inflame","floor":36},{"not_picked":["Jack Of All Trades"],"picked":"Mayhem","floor":39},{"not_picked":["Searing Blow","Power Through+1"],"picked":"SKIP","floor":41},{"not_picked":["Clash+1","Shockwave"],"picked":"SKIP","floor":46},{"not_picked":["Sword Boomerang+1"],"picked":"Searing Blow+1","floor":48}],"player_experience":61157,"relics_obtained":[{"floor":6,"key":"Question Card"},{"floor":9,"key":"Strawberry"},{"floor":13,"key":"Boot"},{"floor":20,"key":"Nilry\u0027s Codex"},{"floor":23,"key":"Incense Burner"},{"floor":26,"key":"Self Forming Clay"},{"floor":29,"key":"Centennial Puzzle"},{"floor":43,"key":"Torii"},{"floor":46,"key":"Charon\u0027s Ashes"}],"event_choices":[{"damage_healed":0,"gold_gain":0,"player_choice":"2 cards matched","damage_taken":0,"max_hp_gain":0,"max_hp_loss":0,"event_name":"Match and Keep!","floor":5,"gold_loss":0,"cards_obtained":["Shockwave","Shrug It Off"]},{"damage_healed":0,"gold_gain":0,"player_choice":"Obtained Book","damage_taken":16,"max_hp_gain":0,"max_hp_loss":0,"event_name":"Cursed Tome","floor":20,"gold_loss":0},{"damage_healed":0,"gold_gain":0,"player_choice":"Opened","damage_taken":0,"relics_obtained":["Regal Pillow"],"max_hp_gain":0,"max_hp_loss":0,"event_name":"The Mausoleum","floor":21,"gold_loss":0},{"damage_healed":0,"gold_gain":0,"player_choice":"Ignored","damage_taken":0,"max_hp_gain":0,"max_hp_loss":0,"event_name":"Tomb of Lord Red Mask","floor":37,"gold_loss":0},{"damage_healed":0,"gold_gain":0,"player_choice":"Embrace Madness","damage_taken":11,"max_hp_gain":0,"max_hp_loss":0,"event_name":"Winding Halls","floor":38,"gold_loss":0,"cards_obtained":["Madness","Madness"]},{"damage_healed":0,"gold_gain":0,"player_choice":"Memory 1","damage_taken":0,"max_hp_gain":0,"max_hp_loss":0,"event_name":"SensoryStone","floor":39,"gold_loss":0},{"cards_removed":["Mayhem"],"damage_healed":0,"gold_gain":0,"player_choice":"Removed Power","damage_taken":0,"max_hp_gain":0,"max_hp_loss":0,"event_name":"Falling","floor":44,"gold_loss":0},{"damage_healed":0,"gold_gain":100,"player_choice":"Pray","damage_taken":0,"max_hp_gain":0,"max_hp_loss":0,"event_name":"Golden Shrine","floor":47,"gold_loss":0}],"is_beta":false,"boss_relics":[{"not_picked":["Philosopher\u0027s Stone","Empty Cage"],"picked":"Sozu"},{"not_picked":["Coffee Dripper","Calling Bell"],"picked":"Busted Crown"}],"items_purged_floors":[11,19,31,45],"is_endless":false,"potions_floor_spawned":[2,6,10,14,16,18,23,24,30,41,48],"ascension_level":0}