{"path_per_floor":["M","$","M","M","M","E","R","E","T","E","M","?","R","M","R","B",null,"M","M","?","$","M","R","E","R","T","E","R","M","T","M","R","B",null,"M","M","$","M","$","E","M","E","T","E"],"character_chosen":"THE_SILENT","items_purchased":["Footwork","Flash of Steel","Mummified Hand","Flechettes","Apotheosis"],"gold_per_floor":[216,6,19,32,45,78,78,113,161,194,207,207,207,223,223,301,301,319,332,332,93,110,110,135,135,135,170,170,182,250,264,264,340,340,357,374,121,132,32,59,70,96,96,130],"floor_reached":45,"campfire_rested":0,"playtime":5701,"current_hp_per_floor":[55,55,55,55,55,51,51,36,36,36,36,36,36,36,36,20,52,42,42,42,42,42,42,42,42,42,48,48,44,44,56,56,42,58,48,56,56,55,55,55,63,21,21,5],"items_purged":["Parasite","Strike_G"],"gold":130,"score":1033,"play_id":"aa61232c-8c39-48b9-9134-59a8320ef70b","is_prod":false,"is_daily":false,"is_ascension_mode":true,"campfire_upgraded":2,"path_taken":["M","$","M","M","M","E","R","E","T","E","M","?","R","M","R","BOSS","M","?","?","?","?","R","E","R","T","E","R","M","?","M","R","BOSS","M","M","$","M","$","E","?","E","T","E","M"],"build_version":"2018-02-16-BETA2","purchased_purges":3,"victory":false,"master_deck":["Defend_G","Defend_G","Defend_G","Defend_G","Survivor","Neutralize+1","Flying Knee","Footwork","Flash of Steel","Blur","Choke","Glass Knife+1","Infinite Blades","Tools of the Trade","Night Terror","Calculated Gamble","Acrobatics","Burst","Wraith Form","Malaise","Leg Sweep+1","PiercingWail+1","Tools of the Trade","Noxious Fumes","Dash","Blur","Crippling Poison","PiercingWail","Flechettes","Apotheosis","Adrenaline","Eviscerate","Acrobatics+1","Burst"],"max_hp_per_floor":[66,63,63,63,63,63,63,63,63,63,63,63,63,63,63,63,63,63,63,63,63,63,63,63,63,63,63,63,63,63,63,63,63,63,63,63,63,63,63,63,63,63,63,63],"relics":["Ring of the Snake","Regal Pillow","Prayer Wheel","Ancient Tea Set","Peace Pipe","Snecko Eye","Mummified Hand","Art of War","Bird Faced Urn","Pen Nib","Pantograph","Orrery","Snake Skull","Smiling Mask","Ginger","Sundial"],"card_choices":[{"not_picked":["Cloak And Dagger","Backflip"],"picked":"Flying Knee"},{"not_picked":["Malaise","Sucker Punch"],"picked":"Blur"},{"not_picked":["Dagger Throw","PiercingWail"],"picked":"Choke"},{"not_picked":["Slice","Flying Knee"],"picked":"Glass Knife"},{"not_picked":["Cloak And Dagger","Riddle With Holes"],"picked":"Infinite Blades"},{"not_picked":["Quick Slash","Flying Knee"],"picked":"Tools of the Trade"},{"not_picked":["Envenom","Storm of Steel"],"picked":"Night Terror"},{"not_picked":["Sucker Punch","Prepared"],"picked":"Calculated Gamble"},{"not_picked":["Prepared","Slice"],"picked":"Acrobatics"},{"not_picked":["Acrobatics","Prepared"],"picked":"Burst"},{"not_picked":["Deflect","Predator"],"picked":"Wraith Form"},{"not_picked":["Heel Hook","Riddle With Holes"],"picked":"Malaise"},{"not_picked":["Sucker Punch","Dagger Throw"],"picked":"Leg Sweep"},{"not_picked":["Distraction","Quick Slash"],"picked":"PiercingWail"},{"not_picked":["Burst","Envenom"],"picked":"Tools of the Trade"},{"not_picked":["Bane","Cloak And Dagger"],"picked":"Noxious Fumes"},{"not_picked":["Flying Knee","Acrobatics"],"picked":"Dash"},{"not_picked":["Infinite Blades","Quick Slash"],"picked":"Blur"},{"not_picked":["Flying Knee","Dodge and Roll"],"picked":"Crippling Poison"},{"not_picked":["Dagger Spray","Heel Hook"],"picked":"PiercingWail"},{"not_picked":["Underhanded Strike","Deflect"],"picked":"Adrenaline"},{"not_picked":["Blade Dance","Outmaneuver"],"picked":"Eviscerate"},{"not_picked":["Deflect","Doppelganger"],"picked":"Acrobatics"},{"not_picked":["Deadly Poison","Choke"],"picked":"Burst"}],"player_experience":734468,"potions_floor_usage":[6,10,11,16,16,24,29,44,45],"damage_taken":[{"damage":4,"enemies":"Small Slimes","floor":1,"turns":4},{"damage":0,"enemies":"Cultist","floor":3,"turns":4},{"damage":0,"enemies":"Jaw Worm","floor":4,"turns":5},{"damage":0,"enemies":"Looter","floor":5,"turns":4},{"damage":4,"enemies":"Lagavulin","floor":6,"turns":9},{"damage":15,"enemies":"3 Sentries","floor":8,"turns":8},{"damage":0,"enemies":"Lagavulin","floor":10,"turns":9},{"damage":0,"enemies":"Large Slime","floor":11,"turns":6},{"damage":0,"enemies":"Exordium Thugs","floor":14,"turns":4},{"damage":16,"enemies":"Hexaghost","floor":16,"turns":11},{"damage":10,"enemies":"Chosen","floor":18,"turns":4},{"damage":0,"enemies":"Spheric Guardian","floor":19,"turns":2},{"damage":0,"enemies":"Centurion and Healer","floor":22,"turns":5},{"damage":0,"enemies":"Slavers","floor":24,"turns":2},{"damage":0,"enemies":"Gremlin Leader","floor":27,"turns":4},{"damage":12,"enemies":"Chosen and Byrds","floor":29,"turns":7},{"damage":0,"enemies":"Slaver and Parasite","floor":31,"turns":2},{"damage":23,"enemies":"Collector","floor":33,"turns":11},{"damage":21,"enemies":"Flame Bruiser 1 Orb","floor":35,"turns":8},{"damage":0,"enemies":"3 Shapes","floor":36,"turns":5},{"damage":8,"enemies":"Maw","floor":38,"turns":5},{"damage":10,"enemies":"Nemesis","floor":40,"turns":9},{"damage":5,"enemies":"Sphere and 2 Shapes","floor":41,"turns":6},{"damage":52,"enemies":"2 Orb Walkers","floor":42,"turns":5},{"damage":28,"enemies":"Nemesis","floor":44,"turns":10},{"damage":11,"enemies":"Flame Bruiser 2 Orb","floor":45,"turns":2}],"event_choices":[{"event_name":"The Lab","player_choice":"Got Potions","floor":12,"damage_taken":0},{"event_name":"Drug Dealer","player_choice":"Ignored","floor":20,"damage_taken":0}],"boss_relics":[{"not_picked":["The Specimen","Eternal Feather"],"picked":"Snecko Eye"},{"not_picked":["Velvet Choker","Lizard Tail"],"picked":"Orrery"}],"potions_floor_spawned":[4,6,8,14,16,18,22,31,33,40,41,44],"seed_played":"-6222931081766003727","killed_by":"Flame Bruiser 2 Orb","ascension_level":15,"is_trial":false}