{"path_per_floor":["M","M","?","?","$","E","R","M","T","E","M","R","E","?","R","B",null,"M","?","?","$","?","E","?","R","T","R","M","E","M","M","R","B",null,"M","M","?","?","M","E","R","E","T","R","E","M","M","$","R","B"],"character_chosen":"DEFECT","items_purchased":["Capacitor","Master of Strategy","Lee\u0027s Waffle","Poison Potion","Poison Potion"],"gold_per_floor":[117,137,137,137,38,65,65,83,83,116,133,133,167,167,167,245,245,262,296,296,1,1,35,35,35,35,35,54,84,95,109,109,181,181,199,211,211,211,224,252,252,287,311,311,340,351,370,9,9,9],"floor_reached":51,"campfire_rested":1,"playtime":4784,"current_hp_per_floor":[64,63,63,56,56,43,43,41,41,44,38,38,23,23,23,8,63,67,56,56,56,56,47,47,47,47,71,71,68,68,68,68,38,70,67,67,67,67,67,59,59,67,67,67,5,4,4,90,90,90],"items_purged":["Defend_B","Strike_B","Strike_B"],"gold":9,"score":1412,"play_id":"23e78a55-8b5e-41a0-923b-b3fd2f25b7e9","local_time":"20180508184034","is_prod":false,"is_daily":false,"chose_seed":false,"is_ascension_mode":true,"campfire_upgraded":8,"timestamp":1525830034,"path_taken":["M","M","?","?","$","E","R","M","T","E","M","R","E","?","R","BOSS","M","?","?","$","?","E","?","R","T","R","M","E","?","M","R","BOSS","M","M","?","?","M","E","R","E","T","R","E","M","M","$","R","BOSS"],"build_version":"2018-05-07","seed_source_timestamp":1487186112007456,"purchased_purges":3,"victory":true,"master_deck":["Defend_B","Defend_B+1","Defend_B","Zap+1","Dualcast","AscendersBane","Sunder+1","Steam Power+1","Capacitor","Beam Cell+1","Skim","Go for the Eyes+1","Creative AI+1","Hyperbeam","Hello World+1","Leap+1","Master of Strategy+1","Biased Cognition","Writhe","Writhe","Steam Power","Buffer+1","Seek","Turbo+1","Ball Lightning","Auto Shields","Reinforced Body+1","Doubt","Cold Snap","Coolheaded+1"],"max_hp_per_floor":[71,71,71,71,71,71,71,71,71,81,81,81,81,81,81,81,81,81,81,81,81,81,81,81,81,81,81,81,81,81,81,81,81,81,81,81,81,81,81,81,81,81,81,81,83,83,83,90,90,90],"relics":["Cracked Core","Ornamental Fan","Mummified Hand","Pear","DataDisk","Cursed Key","Red Mask","Smiling Mask","War Paint","Dodecahedron","Gambling Chip","Inserter","Bottled Flame","Pantograph","Singing Bowl","Sundial","Lee\u0027s Waffle"],"card_choices":[{"not_picked":["Beam Cell","Coolheaded"],"picked":"Sunder","floor":1},{"not_picked":["Beam Cell","Stack"],"picked":"Steam Power","floor":2},{"not_picked":["Sunder","Impulse"],"picked":"Beam Cell","floor":6},{"not_picked":["Axe Kick","Capacitor"],"picked":"Skim","floor":8},{"not_picked":["Impulse","Streamline"],"picked":"Go for the Eyes","floor":11},{"not_picked":["Barrage","Go for the Eyes"],"picked":"Creative AI","floor":13},{"not_picked":["Biased Cognition","Meteor Strike"],"picked":"Hyperbeam","floor":16},{"not_picked":["Aggregate","Barrage"],"picked":"Hello World","floor":18},{"not_picked":["Streamline","Tempest"],"picked":"Leap","floor":19},{"not_picked":["Fission","Redo"],"picked":"Steam Power","floor":29},{"not_picked":["Capacitor","Turbo"],"picked":"BootSequence","floor":30},{"not_picked":["Rip and Tear","Hologram"],"picked":"Buffer","floor":31},{"not_picked":["Hyperbeam","Meteor Strike"],"picked":"Seek","floor":33},{"not_picked":["Conserve Battery","Beam Cell"],"picked":"Turbo","floor":35},{"not_picked":["Go for the Eyes","Blizzard"],"picked":"Ball Lightning","floor":39},{"not_picked":["Reinforced Body","Sweeping Beam"],"picked":"Auto Shields","floor":40},{"not_picked":["Tempest","Turbo"],"picked":"Reinforced Body","floor":42},{"not_picked":["Static Discharge","Barrage"],"picked":"Cold Snap","floor":46},{"not_picked":["Cold Snap","Hello World"],"picked":"Coolheaded","floor":47}],"player_experience":1397278,"potions_floor_usage":[10,18,23,29,33,42,45,45,47,50,50],"damage_taken":[{"damage":0,"enemies":"Jaw Worm","floor":1,"turns":3},{"damage":1,"enemies":"Cultist","floor":2,"turns":3},{"damage":13,"enemies":"3 Sentries","floor":6,"turns":5},{"damage":2,"enemies":"2 Louse","floor":8,"turns":2},{"damage":7,"enemies":"Gremlin Nob","floor":10,"turns":3},{"damage":6,"enemies":"Looter","floor":11,"turns":2},{"damage":15,"enemies":"Lagavulin","floor":13,"turns":5},{"damage":35,"enemies":"Slime Boss","floor":16,"turns":6},{"damage":4,"enemies":"Shell Parasite","floor":18,"turns":3},{"damage":11,"enemies":"Masked Bandits","floor":19,"turns":3},{"damage":9,"enemies":"Book of Stabbing","floor":23,"turns":4},{"damage":0,"enemies":"Spheric Guardian","floor":28,"turns":3},{"damage":3,"enemies":"Slavers","floor":29,"turns":4},{"damage":0,"enemies":"3 Cultists","floor":30,"turns":2},{"damage":0,"enemies":"Snecko","floor":31,"turns":3},{"damage":30,"enemies":"Automaton","floor":33,"turns":9},{"damage":3,"enemies":"Orb Walker","floor":35,"turns":2},{"damage":0,"enemies":"Flame Bruiser 1 Orb","floor":36,"turns":6},{"damage":0,"enemies":"Spire Growth","floor":39,"turns":4},{"damage":8,"enemies":"Giant Head","floor":40,"turns":7},{"damage":0,"enemies":"2 Orb Walkers","floor":42,"turns":5},{"damage":64,"enemies":"Giant Head","floor":45,"turns":10},{"damage":1,"enemies":"4 Shapes","floor":46,"turns":7},{"damage":0,"enemies":"3 Darklings","floor":47,"turns":5},{"damage":0,"enemies":"Awakened One","floor":50,"turns":17}],"event_choices":[{"event_name":"Accursed Blacksmith","player_choice":"Forge","floor":3,"damage_taken":0},{"event_name":"Golden Wing","player_choice":"Card Removal","floor":4,"damage_taken":0},{"event_name":"The Woman in Blue","player_choice":"Bought 0 Potions","floor":14,"damage_taken":0},{"event_name":"Masked Bandits","player_choice":"Fought over 262 gold","floor":19,"damage_taken":0},{"event_name":"Drug Dealer","player_choice":"Ignored","floor":20,"damage_taken":0},{"event_name":"Transmorgrifier","player_choice":"Transform","floor":22,"damage_taken":0},{"event_name":"The Mausoleum","player_choice":"Yes","floor":24,"damage_taken":0},{"event_name":"SecretPortal","player_choice":"Rejected Portal.","floor":38,"damage_taken":0}],"boss_relics":[{"not_picked":["Eternal Feather","Runic Dome"],"picked":"Cursed Key"},{"not_picked":["Nuclear Battery","Velvet Choker"],"picked":"Inserter"}],"potions_floor_spawned":[1,6,10,13,19,28,30,31,35,40,45],"seed_played":"878679045034363055","ascension_level":14,"is_trial":false}