{"gold_per_floor":[114,127,127,127,140,140,315,14,66,78,106,132,144,156,168,276,288,315,327,339,351,363,375,397,409,467,499,528,540,293,310,310,407,407,421,441,451,470,486,486,4,4,4,4,15,15,29,47,47,47],"floor_reached":51,"playtime":1521,"items_purged":["Regret","Shame"],"score":666,"play_id":"f79befa0-1a89-4ddb-9e5c-c9cd26faabb0","local_time":"20190227075220","is_ascension_mode":false,"campfire_choices":[{"data":"Defragment","floor":6.0,"key":"SMITH"},{"data":"Zap","floor":10.0,"key":"SMITH"},{"data":"Multi-Cast","floor":13.0,"key":"SMITH"},{"data":"Dualcast","floor":15.0,"key":"SMITH"},{"data":"Darkness","floor":23.0,"key":"SMITH"},{"data":"Creative AI","floor":25.0,"key":"SMITH"},{"floor":32.0,"key":"REST"},{"floor":40.0,"key":"REST"},{"data":"Darkness","floor":42,"key":"SMITH"},{"data":"Tempest","floor":44,"key":"SMITH"},{"floor":49,"key":"REST"}],"neow_cost":"TEN_PERCENT_HP_LOSS","seed_source_timestamp":43322718050182,"circlet_count":0,"master_deck":["Strike_B","Strike_B","Strike_B","Defend_B","Defend_B","Defend_B","Zap+1","Dualcast+1","Defragment+1","Multi-Cast+1","Darkness+1","Cold Snap","Doubt","Ball Lightning","Creative AI+1","Double Energy","Double Energy","Ball Lightning+1","Heatsinks+1","Panache","Self Repair","Creative AI","Go for the Eyes+1","Parasite","Darkness+1","Conserve Battery","Tempest+1","Cold Snap","Clumsy","Capacitor","Conserve Battery+1"],"special_seed":0,"relics":["Cracked Core","Bird Faced Urn","MawBank","Mummified Hand","Cursed Key","Vajra","Regal Pillow","Busted Crown","Incense Burner","Ornamental Fan"],"potions_floor_usage":[50,50,50],"damage_taken":[{"damage":2.0,"enemies":"2 Louse","floor":1.0,"turns":3.0},{"damage":0.0,"enemies":"Cultist","floor":2.0,"turns":4.0},{"damage":0.0,"enemies":"Small Slimes","floor":5.0,"turns":3.0},{"damage":1.0,"enemies":"3 Louse","floor":11.0,"turns":3.0},{"damage":12.0,"enemies":"Large Slime","floor":12.0,"turns":4.0},{"damage":26.0,"enemies":"The Guardian","floor":16.0,"turns":8.0},{"damage":0.0,"enemies":"3 Byrds","floor":18.0,"turns":4.0},{"damage":23.0,"enemies":"2 Thieves","floor":24.0,"turns":4.0},{"damage":38.0,"enemies":"3 Cultists","floor":27.0,"turns":5.0},{"damage":22.0,"enemies":"Centurion and Healer","floor":28.0,"turns":6.0},{"damage":23.0,"enemies":"Sentry and Sphere","floor":31.0,"turns":4.0},{"damage":23.0,"enemies":"Collector","floor":33.0,"turns":6.0},{"damage":39.0,"enemies":"Orb Walker","floor":35.0,"turns":4.0},{"damage":52.0,"enemies":"3 Shapes","floor":36.0,"turns":4.0},{"damage":30.0,"enemies":"Jaw Worm Horde","floor":37.0,"turns":4.0},{"damage":14.0,"enemies":"Writhing Mass","floor":38.0,"turns":4.0},{"damage":30.0,"enemies":"3 Darklings","floor":39.0,"turns":4.0},{"damage":0,"enemies":"Transient","floor":45,"turns":5},{"damage":37,"enemies":"Jaw Worm Horde","floor":47,"turns":5},{"damage":20,"enemies":"3 Darklings","floor":48,"turns":3},{"damage":18,"enemies":"Donu and Deca","floor":50,"turns":6}],"seed_played":"7489420229322842837","potions_obtained":[{"floor":2.0,"key":"SkillPotion"},{"floor":5.0,"key":"SpeedPotion"},{"floor":12.0,"key":"AttackPotion"},{"floor":18.0,"key":"Regen Potion"},{"floor":27.0,"key":"Ancient Potion"},{"floor":38.0,"key":"EssenceOfSteel"},{"floor":45,"key":"Swift Potion"}],"is_trial":false,"path_per_floor":["M","M","?","$","M","R","?","$","T","R","M","M","R","?","R","B",null,"M","?","?","?","?","R","M","R","T","M","M","$","$","M","R","B",null,"M","M","M","M","M","R","$","R","T","R","M","$","M","M","R","B",null],"character_chosen":"DEFECT","items_purchased":["Bird Faced Urn","Panache","Tempest","Cold Snap","Incense Burner"],"campfire_rested":3,"item_purchase_floors":[8,30,41,41,41],"current_hp_per_floor":[66,66,66,66,66,66,66,66,66,66,67,56,56,49,49,25,68,68,68,68,56,56,56,41,41,41,15,34,34,34,27,63,63,73,53,22,17,28,21,57,57,57,57,57,73,73,53,43,73,73],"gold":47,"neow_bonus":"TRANSFORM_TWO_CARDS","is_prod":false,"is_daily":false,"chose_seed":false,"campfire_upgraded":8,"win_rate":0,"timestamp":1551275540,"path_taken":["M","M","?","?","M","R","?","$","T","R","M","M","R","?","R","BOSS","M","?","?","?","?","R","M","R","T","M","M","?","$","?","R","BOSS","M","?","M","?","M","R","$","R","T","R","M","$","M","M","R","BOSS"],"build_version":"2019-01-23","purchased_purges":2,"victory":true,"max_hp_per_floor":[68,68,68,68,68,68,68,68,68,68,68,68,68,68,68,68,68,68,68,68,73,73,73,73,73,73,73,73,73,73,73,73,73,73,73,73,73,73,73,73,73,73,73,73,73,73,73,73,73,73],"card_choices":[{"not_picked":["Beam Cell","Heatsinks","Sunder"],"picked":"SKIP","floor":1.0},{"not_picked":["Compile Driver","Auto Shields"],"picked":"Darkness","floor":2.0},{"not_picked":["Beam Cell","Sweeping Beam"],"picked":"Cold Snap","floor":5.0},{"not_picked":["Redo","Chill","Scrape"],"picked":"SKIP","floor":11.0},{"not_picked":["Hologram","Rip and Tear"],"picked":"Ball Lightning","floor":12.0},{"not_picked":["Hyperbeam","Machine Learning"],"picked":"Creative AI","floor":16.0},{"not_picked":["Compile Driver","Consume"],"picked":"Double Energy","floor":18.0},{"not_picked":["Hologram+1","Loop+1"],"picked":"Double Energy","floor":24.0},{"not_picked":["Cold Snap+1","Sweeping Beam"],"picked":"Ball Lightning+1","floor":27.0},{"not_picked":["Chill","Auto Shields"],"picked":"Heatsinks+1","floor":28.0},{"not_picked":["Static Discharge+1","Lockon"],"picked":"Self Repair","floor":31.0},{"not_picked":["Fission","Electrodynamics"],"picked":"Creative AI","floor":33.0},{"not_picked":["Barrage+1"],"picked":"SKIP","floor":35.0},{"not_picked":["Blizzard+1"],"picked":"SKIP","floor":36.0},{"not_picked":[],"picked":"Go for the Eyes+1","floor":37.0},{"not_picked":[],"picked":"Darkness","floor":38.0},{"not_picked":[],"picked":"Conserve Battery","floor":39.0},{"not_picked":[],"picked":"Capacitor","floor":45},{"not_picked":[],"picked":"Conserve Battery+1","floor":47},{"not_picked":["Rebound+1"],"picked":"SKIP","floor":48}],"player_experience":934550,"relics_obtained":[{"floor":9.0,"key":"MawBank"},{"floor":26.0,"key":"Regal Pillow"},{"floor":43,"key":"Ornamental Fan"}],"event_choices":[{"damage_healed":0.0,"max_hp_gain":0.0,"max_hp_loss":0.0,"gold_gain":0.0,"event_name":"NoteForYourself","player_choice":"Ignored","floor":3.0,"gold_loss":0.0,"damage_taken":0.0},{"damage_healed":0.0,"max_hp_gain":0.0,"max_hp_loss":0.0,"gold_gain":175.0,"event_name":"Liars Game","player_choice":"AGREE","floor":7.0,"gold_loss":0.0,"damage_taken":0.0,"cards_obtained":["Doubt"]},{"damage_healed":0.0,"max_hp_gain":0.0,"max_hp_loss":0.0,"gold_gain":0.0,"event_name":"Scrap Ooze","player_choice":"Success","floor":14.0,"gold_loss":0.0,"damage_taken":7.0,"relics_obtained":["Mummified Hand"]},{"damage_healed":0.0,"max_hp_gain":0.0,"max_hp_loss":0.0,"gold_gain":0.0,"event_name":"Ghosts","player_choice":"Ignored","floor":19.0,"gold_loss":0.0,"damage_taken":0.0},{"damage_healed":0.0,"max_hp_gain":0.0,"max_hp_loss":0.0,"gold_gain":0.0,"event_name":"Addict","player_choice":"Stole Relic","floor":20.0,"gold_loss":0.0,"damage_taken":0.0,"relics_obtained":["Vajra"],"cards_obtained":["Shame"]},{"damage_healed":0.0,"max_hp_gain":5.0,"max_hp_loss":0.0,"gold_gain":0.0,"event_name":"Forgotten Altar","player_choice":"Shed Blood","floor":21.0,"gold_loss":0.0,"damage_taken":17.0},{"damage_healed":0.0,"max_hp_gain":0.0,"max_hp_loss":0.0,"gold_gain":0.0,"event_name":"Vampires","player_choice":"Ignored","floor":22.0,"gold_loss":0.0,"damage_taken":0.0}],"is_beta":false,"boss_relics":[{"not_picked":["Orrery","Velvet Choker"],"picked":"Cursed Key"},{"not_picked":["Coffee Dripper","Pandora\u0027s Box"],"picked":"Busted Crown"}],"items_purged_floors":[30,41],"is_endless":false,"potions_floor_spawned":[2,5,12,18,27,38,45,48],"ascension_level":0}