{"gold_per_floor":[117,217,227,241,256,290,290,318,318,288,288,288,300,326,326,423,423,433,124,137,155,171,171],"floor_reached":23,"playtime":1606,"items_purged":[],"score":277,"play_id":"6d1ef486-4ce4-42f2-aac3-74e55f28fb3d","local_time":"20190221222711","is_ascension_mode":true,"campfire_choices":[{"floor":7,"key":"REST"},{"floor":11,"key":"REST"},{"floor":15,"key":"REST"}],"neow_cost":"NONE","seed_source_timestamp":3291987871222453,"circlet_count":0,"master_deck":["Defend_G","Defend_G","Defend_G","Defend_G","Defend_G","Strike_G","Strike_G","Strike_G","Strike_G","Strike_G","Survivor","Neutralize","Slice","Footwork","Backstab","Noxious Fumes","All Out Attack","Cloak And Dagger","Well Laid Plans","Backflip","Dagger Throw","Slice","Noxious Fumes","Envenom","Deflect+1","PiercingWail","Dagger Throw","Leg Sweep"],"relics":["White Beast Statue","Dream Catcher","Ice Cream","Meat on the Bone","Question Card","Cursed Key","Gremlin Horn"],"potions_floor_usage":[1,6,8,8,13,13,16,20,21,22,23,23],"damage_taken":[{"damage":3,"enemies":"2 Louse","floor":1,"turns":3},{"damage":0,"enemies":"Cultist","floor":3,"turns":5},{"damage":2,"enemies":"Jaw Worm","floor":4,"turns":5},{"damage":8,"enemies":"Blue Slaver","floor":5,"turns":5},{"damage":22,"enemies":"3 Sentries","floor":6,"turns":9},{"damage":16,"enemies":"Gremlin Nob","floor":8,"turns":3},{"damage":1,"enemies":"Looter","floor":10,"turns":4},{"damage":25,"enemies":"Exordium Thugs","floor":13,"turns":6},{"damage":16,"enemies":"3 Sentries","floor":14,"turns":7},{"damage":28,"enemies":"Slime Boss","floor":16,"turns":10},{"damage":28,"enemies":"Chosen","floor":18,"turns":6},{"damage":14,"enemies":"Shell Parasite","floor":20,"turns":5},{"damage":15,"enemies":"Snecko","floor":21,"turns":7},{"damage":11,"enemies":"Chosen and Byrds","floor":22,"turns":7},{"damage":40,"enemies":"Book of Stabbing","floor":23,"turns":8}],"seed_played":"323429507167496734","potions_obtained":[{"floor":1,"key":"Fruit Juice"},{"floor":3,"key":"SteroidPotion"},{"floor":4,"key":"Ancient Potion"},{"floor":5,"key":"Fire Potion"},{"floor":6,"key":"AttackPotion"},{"floor":8,"key":"Dexterity Potion"},{"floor":10,"key":"FearPotion"},{"floor":13,"key":"SpeedPotion"},{"floor":14,"key":"Ancient Potion"},{"floor":16,"key":"LiquidBronze"},{"floor":18,"key":"GamblersBrew"},{"floor":20,"key":"Ancient Potion"},{"floor":21,"key":"AttackPotion"},{"floor":22,"key":"SneckoOil"}],"is_trial":false,"path_per_floor":["M","?","M","M","M","E","R","E","T","M","R","?","M","E","R","B",null,"M","$","M","M","M","E"],"character_chosen":"THE_SILENT","items_purchased":["Gremlin Horn","Fire Potion"],"campfire_rested":3,"item_purchase_floors":[19,19],"current_hp_per_floor":[65,65,65,63,55,33,55,39,39,38,60,60,47,43,65,49,69,41,41,39,36,37,0],"gold":171,"neow_bonus":"BOSS_RELIC","is_prod":false,"is_daily":false,"chose_seed":false,"campfire_upgraded":0,"win_rate":0,"timestamp":1550806031,"path_taken":["M","?","M","?","M","E","R","E","T","M","R","?","M","E","R","BOSS","M","$","M","M","M","E"],"build_version":"2019-02-06","purchased_purges":0,"victory":false,"max_hp_per_floor":[75,75,75,75,75,75,75,75,75,75,75,75,75,75,75,75,75,75,75,75,75,75,75],"card_choices":[{"not_picked":["Flying Knee","Deadly Poison"],"picked":"Slice","floor":1},{"not_picked":["Prepared","PiercingWail"],"picked":"Footwork","floor":3},{"not_picked":["Poisoned Stab","Catalyst"],"picked":"Backstab","floor":4},{"not_picked":["Deflect","Dodge and Roll"],"picked":"Noxious Fumes","floor":5},{"not_picked":["Cloak And Dagger","Bane"],"picked":"All Out Attack","floor":6},{"not_picked":["Noxious Fumes","Riddle With Holes"],"picked":"Cloak And Dagger","floor":7},{"not_picked":["Dagger Spray","Dagger Throw"],"picked":"Well Laid Plans","floor":8},{"not_picked":["Poisoned Stab","Deadly Poison"],"picked":"Backflip","floor":10},{"not_picked":["Acrobatics","Blade Dance"],"picked":"Dagger Throw","floor":13},{"not_picked":["Heel Hook","Deadly Poison"],"picked":"Slice","floor":14},{"not_picked":["Setup","Endless Agony","Deadly Poison"],"picked":"Noxious Fumes","floor":15},{"not_picked":["Bullet Time","Glass Knife","Die Die Die"],"picked":"Envenom","floor":16},{"not_picked":["Terror","Underhanded Strike","Riddle With Holes"],"picked":"Deflect+1","floor":18},{"not_picked":["Endless Agony+1","Deflect+1","Deadly Poison"],"picked":"PiercingWail","floor":20},{"not_picked":["Dodge and Roll","Dagger Spray","Setup"],"picked":"Dagger Throw","floor":21},{"not_picked":["Catalyst+1","Masterful Stab","Distraction"],"picked":"Leg Sweep","floor":22}],"player_experience":201004,"relics_obtained":[{"floor":6,"key":"Dream Catcher"},{"floor":8,"key":"Ice Cream"},{"floor":9,"key":"Meat on the Bone"},{"floor":14,"key":"Question Card"}],"event_choices":[{"damage_healed":0,"gold_gain":100,"player_choice":"Pray","damage_taken":0,"max_hp_gain":0,"max_hp_loss":0,"event_name":"Golden Shrine","floor":2,"gold_loss":0},{"damage_healed":0,"gold_gain":0,"player_choice":"Fled","damage_taken":0,"max_hp_gain":0,"max_hp_loss":0,"event_name":"Scrap Ooze","floor":12,"gold_loss":0}],"is_beta":true,"boss_relics":[{"not_picked":["HoveringKite","Tiny House"],"picked":"Cursed Key"}],"items_purged_floors":[],"is_endless":false,"potions_floor_spawned":[1,3,4,5,6,8,10,13,14,16,18,20,21,22],"killed_by":"Book of Stabbing","ascension_level":6}