{"gold_per_floor":[111,124,199,217,217,247,247,267,340,354,354,389,389,13,13,92,92,107,107,139,154,167,167,202,202,202,83,101,129,79,99,99,173,223,242,242,262,272,272,302,302,322,369,384,400,22,40,50,50,50],"floor_reached":50,"playtime":3761,"items_purged":["Strike_G+1","Strike_G+1","Strike_G+1"],"score":1082,"play_id":"4e058e1c-991b-4ef9-9fe9-9f72b754ad94","local_time":"20190224223237","is_ascension_mode":true,"campfire_choices":[{"floor":7,"key":"REST"},{"floor":11,"key":"REST"},{"data":"Catalyst","floor":13,"key":"SMITH"},{"data":"A Thousand Cuts","floor":15,"key":"SMITH"},{"floor":23,"key":"REST"},{"floor":25,"key":"REST"},{"floor":32,"key":"REST"},{"floor":41,"key":"REST"},{"floor":49,"key":"RECALL"}],"neow_cost":"NONE","seed_source_timestamp":18318666929877,"circlet_count":0,"master_deck":["AscendersBane","Defend_G+1","Defend_G+1","Defend_G+1","Defend_G+1","Defend_G+1","Strike_G+1","Strike_G+1","Survivor","Neutralize+1","PiercingWail","Flying Knee","Dash+1","Footwork","Noxious Fumes","Catalyst+1","A Thousand Cuts+1","Well Laid Plans","Burst","Cloak And Dagger","Dodge and Roll","Backflip","Caltrops","Wraith Form v2","PiercingWail","Crippling Poison","Caltrops","PiercingWail","Blur"],"relics":["Ring of the Snake","Regal Pillow","Bird Faced Urn","The Courier","Whetstone","Snake Skull","Anchor","Philosopher\u0027s Stone","Red Mask","Ninja Scroll","Smiling Mask","Art of War","Tiny House","Dream Catcher","Calipers"],"potions_floor_usage":[18,22,33,33,38,50,50],"damage_taken":[{"damage":1,"enemies":"Small Slimes","floor":1,"turns":5},{"damage":1,"enemies":"Jaw Worm","floor":2,"turns":5},{"damage":0,"enemies":"2 Louse","floor":4,"turns":4},{"damage":43,"enemies":"3 Sentries","floor":6,"turns":13},{"damage":12,"enemies":"2 Fungi Beasts","floor":8,"turns":5},{"damage":0,"enemies":"Exordium Wildlife","floor":10,"turns":6},{"damage":15,"enemies":"Lagavulin","floor":12,"turns":9},{"damage":29,"enemies":"The Guardian","floor":16,"turns":11},{"damage":14,"enemies":"3 Byrds","floor":18,"turns":6},{"damage":35,"enemies":"Masked Bandits","floor":20,"turns":6},{"damage":4,"enemies":"Shell Parasite","floor":21,"turns":6},{"damage":26,"enemies":"Chosen and Byrds","floor":22,"turns":7},{"damage":25,"enemies":"Gremlin Leader","floor":24,"turns":10},{"damage":48,"enemies":"Snecko","floor":28,"turns":8},{"damage":21,"enemies":"Book of Stabbing","floor":29,"turns":6},{"damage":1,"enemies":"Centurion and Healer","floor":31,"turns":5},{"damage":0,"enemies":"Automaton","floor":33,"turns":9},{"damage":7,"enemies":"3 Darklings","floor":35,"turns":5},{"damage":1,"enemies":"Orb Walker","floor":37,"turns":3},{"damage":34,"enemies":"Maw","floor":38,"turns":11},{"damage":47,"enemies":"Nemesis","floor":40,"turns":7},{"damage":37,"enemies":"3 Darklings","floor":42,"turns":5},{"damage":9,"enemies":"Jaw Worm Horde","floor":44,"turns":4},{"damage":21,"enemies":"Sphere and 2 Shapes","floor":45,"turns":5},{"damage":3,"enemies":"Spire Growth","floor":47,"turns":8},{"damage":0,"enemies":"3 Darklings","floor":48,"turns":5},{"damage":79,"enemies":"Time Eater","floor":50,"turns":17}],"seed_played":"-6212532291995009452","potions_obtained":[{"floor":6,"key":"EssenceOfSteel"},{"floor":8,"key":"Explosive Potion"},{"floor":18,"key":"GamblersBrew"},{"floor":21,"key":"AttackPotion"},{"floor":24,"key":"PowerPotion"},{"floor":34,"key":"Fire Potion"},{"floor":37,"key":"Regen Potion"},{"floor":47,"key":"SkillPotion"},{"floor":48,"key":"PowerPotion"}],"is_trial":false,"path_per_floor":["M","M","?","M","?","E","R","M","T","M","R","E","R","$","R","B",null,"M","?","?","M","M","R","E","R","T","$","M","E","$","M","R","B",null,"M","?","M","M","?","E","R","M","T","M","M","$","M","M","R","B"],"character_chosen":"THE_SILENT","items_purchased":["Snake Skull","A Thousand Cuts","Well Laid Plans","Anchor","GhostInAJar","Calipers","Blur"],"campfire_rested":6,"item_purchase_floors":[14,14,14,14,27,46,46],"current_hp_per_floor":[58,57,46,46,46,3,37,25,25,27,61,50,50,50,50,29,57,51,51,24,28,10,44,27,61,61,61,21,8,8,17,51,63,70,71,71,71,58,58,23,59,34,34,35,24,24,35,49,49,0],"gold":50,"neow_bonus":"RANDOM_COMMON_RELIC","is_prod":false,"is_daily":false,"chose_seed":false,"campfire_upgraded":2,"win_rate":0,"timestamp":1551065557,"path_taken":["M","M","?","M","?","E","R","M","T","M","R","E","R","$","R","BOSS","M","?","?","M","M","R","E","R","T","?","M","E","$","?","R","BOSS","M","?","M","M","?","E","R","M","T","M","?","$","?","M","R","BOSS"],"build_version":"2019-01-23","purchased_purges":3,"victory":false,"max_hp_per_floor":[66,66,66,66,66,66,66,66,66,66,66,66,66,66,66,66,66,66,66,66,66,66,66,66,66,66,66,66,66,66,66,66,66,71,71,71,71,71,71,71,71,71,71,71,71,71,71,71,71,71],"card_choices":[{"not_picked":["Cloak And Dagger","Bane"],"picked":"PiercingWail","floor":1},{"not_picked":["Terror","PiercingWail","Eviscerate"],"picked":"SKIP","floor":2},{"not_picked":["Backflip","Acrobatics"],"picked":"Flying Knee","floor":4},{"not_picked":["Heel Hook","Deflect"],"picked":"Dash","floor":6},{"not_picked":["Tactician","Deadly Poison"],"picked":"Footwork","floor":8},{"not_picked":["Footwork","Dagger Spray"],"picked":"Noxious Fumes","floor":10},{"not_picked":["Adrenaline","Noxious Fumes"],"picked":"Catalyst","floor":12},{"not_picked":["Glass Knife","Night Terror"],"picked":"Burst","floor":16},{"not_picked":["Skewer","Flying Knee"],"picked":"Cloak And Dagger","floor":18},{"not_picked":["Cloak And Dagger","Heel Hook"],"picked":"Dodge and Roll","floor":20},{"not_picked":["Dagger Throw","Sucker Punch","Bane+1"],"picked":"SKIP","floor":21},{"not_picked":["Bouncing Flask","Quick Slash"],"picked":"Backflip","floor":22},{"not_picked":["Slice","Quick Slash","Dagger Spray"],"picked":"SKIP","floor":24},{"not_picked":["Reflex+1","Sucker Punch","Cloak And Dagger"],"picked":"SKIP","floor":28},{"not_picked":["Concentrate","Backstab"],"picked":"Caltrops","floor":29},{"not_picked":["Deadly Poison","Phantasmal Killer","Dagger Spray"],"picked":"SKIP","floor":31},{"not_picked":["Bullet Time","Corpse Explosion"],"picked":"Wraith Form v2","floor":33},{"not_picked":["Poisoned Stab","All Out Attack"],"picked":"PiercingWail","floor":34},{"not_picked":["Concentrate","Prepared","Dagger Throw+1"],"picked":"SKIP","floor":35},{"not_picked":["PiercingWail","Dagger Throw"],"picked":"Crippling Poison","floor":37},{"not_picked":["Dagger Spray+1","Acrobatics","Slice"],"picked":"SKIP","floor":38},{"not_picked":["Setup","Deadly Poison+1"],"picked":"Caltrops","floor":40},{"not_picked":["Flying Knee","Caltrops"],"picked":"PiercingWail","floor":41},{"not_picked":["Endless Agony","Doppelganger","Infinite Blades"],"picked":"SKIP","floor":42},{"not_picked":["Outmaneuver+1","Acrobatics","Underhanded Strike"],"picked":"SKIP","floor":44},{"not_picked":["Caltrops","Finisher","Dodge and Roll+1"],"picked":"SKIP","floor":45},{"not_picked":["Poisoned Stab","Cloak And Dagger","PiercingWail+1"],"picked":"SKIP","floor":47},{"not_picked":["Deflect","Dagger Throw","Caltrops"],"picked":"SKIP","floor":48}],"player_experience":547336,"relics_obtained":[{"floor":6,"key":"Bird Faced Urn"},{"floor":9,"key":"The Courier"},{"floor":12,"key":"Whetstone"},{"floor":20,"key":"Red Mask"},{"floor":24,"key":"Ninja Scroll"},{"floor":26,"key":"Smiling Mask"},{"floor":29,"key":"Art of War"},{"floor":40,"key":"Dream Catcher"}],"event_choices":[{"damage_healed":0,"gold_gain":75,"player_choice":"Gather Gold","damage_taken":11,"max_hp_gain":0,"max_hp_loss":0,"event_name":"World of Goop","floor":3,"gold_loss":0},{"damage_healed":0,"gold_gain":0,"player_choice":"Ignored","damage_taken":0,"max_hp_gain":0,"max_hp_loss":0,"event_name":"Golden Wing","floor":5,"gold_loss":0},{"damage_healed":0,"gold_gain":0,"player_choice":"Simplicity","damage_taken":0,"max_hp_gain":0,"max_hp_loss":0,"event_name":"Back to Basics","floor":19,"gold_loss":0,"cards_upgraded":["Defend_G","Defend_G","Defend_G","Defend_G","Defend_G","Strike_G","Strike_G","Strike_G","Strike_G"]},{"damage_healed":0,"gold_gain":0,"player_choice":"Fought Bandits","damage_taken":0,"max_hp_gain":0,"max_hp_loss":0,"event_name":"Masked Bandits","floor":20,"gold_loss":0},{"damage_healed":0,"gold_gain":0,"player_choice":"Ignored","damage_taken":0,"max_hp_gain":0,"max_hp_loss":0,"event_name":"Mysterious Sphere","floor":36,"gold_loss":0},{"damage_healed":0,"gold_gain":0,"player_choice":"Ignored","damage_taken":0,"max_hp_gain":0,"max_hp_loss":0,"event_name":"SecretPortal","floor":39,"gold_loss":0}],"is_beta":false,"boss_relics":[{"not_picked":["Ring of the Serpent","Ectoplasm"],"picked":"Philosopher\u0027s Stone"},{"not_picked":["WristBlade","Busted Crown"],"picked":"Tiny House"}],"items_purged_floors":[27,30,46],"is_endless":false,"potions_floor_spawned":[6,8,16,18,21,24,31,37,47,48],"killed_by":"Time Eater","ascension_level":16}