{"path_per_floor":["M","M","M","M","M","E","R","?","T","R","M","M","M","$","R","B",null,"M","?","M","M","?","$"],"character_chosen":"THE_SILENT","items_purchased":["Footwork","Dexterity Potion","Mind Blast"],"gold_per_floor":[109,124,134,149,169,200,200,200,200,200,211,224,235,87,87,191,191,208,208,219,229,229,74],"floor_reached":24,"campfire_rested":0,"playtime":2609,"current_hp_per_floor":[62,61,61,57,53,41,41,41,41,41,41,41,41,41,41,40,60,59,43,32,15,15,15],"items_purged":["Parasite"],"gold":74,"score":303,"play_id":"63b10f9f-1540-4db5-af52-fe3dbc783838","is_prod":false,"is_daily":false,"is_ascension_mode":true,"campfire_upgraded":3,"path_taken":["M","M","M","M","M","E","R","?","T","R","M","M","M","$","R","BOSS","M","?","M","M","?","$","E"],"build_version":"2018-02-12-BETA1","purchased_purges":1,"victory":false,"master_deck":["Defend_G","Defend_G","Defend_G","Defend_G","Defend_G","Strike_G+1","Strike_G","Strike_G","Strike_G+1","Strike_G","Survivor","Neutralize+1","Flying Knee","Cloak And Dagger+1","Backflip","Escape Plan","PiercingWail","Burst+1","Footwork","Burst","Backflip","Infinite Blades","Accuracy","Footwork","Backflip+1","Infinite Blades","Well Laid Plans","Mind Blast"],"max_hp_per_floor":[70,70,70,70,70,70,70,70,70,70,70,70,70,67,67,67,67,67,67,67,67,67,67],"relics":["Ring of the Snake","Vajra","Ninja Scroll","Juzu Bracelet","Whetstone","Orrery","Enchiridion"],"card_choices":[{"not_picked":["Unload","Prepared"],"picked":"Flying Knee"},{"not_picked":["Dash","Catalyst"],"picked":"Cloak And Dagger"},{"not_picked":["Deadly Poison","Malaise"],"picked":"Backflip"},{"not_picked":["Masterful Stab","Expertise"],"picked":"Escape Plan"},{"not_picked":["Deflect","Poisoned Stab"],"picked":"PiercingWail"},{"not_picked":["Slice","Sucker Punch"],"picked":"Burst"},{"not_picked":["Glass Knife","Doppelganger"],"picked":"Burst"},{"not_picked":["Dodge and Roll","Eviscerate"],"picked":"Backflip"},{"not_picked":["Sucker Punch","Backstab"],"picked":"Infinite Blades"},{"not_picked":["Dagger Throw","Predator"],"picked":"Accuracy"},{"not_picked":["Underhanded Strike","Crippling Poison"],"picked":"Footwork"},{"not_picked":["Underhanded Strike","Flying Knee"],"picked":"Backflip"},{"not_picked":["Prepared","Backstab"],"picked":"Infinite Blades"},{"not_picked":["Deflect","Venomology"],"picked":"Well Laid Plans"}],"player_experience":148046,"potions_floor_usage":[6,6,18,20,24,24,24],"damage_taken":[{"damage":1,"enemies":"Small Slimes","floor":1,"turns":4},{"damage":1,"enemies":"Jaw Worm","floor":2,"turns":4},{"damage":0,"enemies":"2 Louse","floor":3,"turns":3},{"damage":4,"enemies":"Blue Slaver","floor":4,"turns":5},{"damage":4,"enemies":"2 Fungi Beasts","floor":5,"turns":4},{"damage":12,"enemies":"Gremlin Nob","floor":6,"turns":4},{"damage":0,"enemies":"3 Louse","floor":11,"turns":2},{"damage":0,"enemies":"Looter","floor":12,"turns":2},{"damage":0,"enemies":"Exordium Wildlife","floor":13,"turns":3},{"damage":1,"enemies":"The Guardian","floor":16,"turns":14},{"damage":1,"enemies":"Chosen","floor":18,"turns":6},{"damage":11,"enemies":"2 Thieves","floor":20,"turns":5},{"damage":17,"enemies":"Snake Plant","floor":21,"turns":7},{"damage":19,"enemies":"Gremlin Leader","floor":24,"turns":7}],"event_choices":[{"event_name":"Dead Adventurer","player_choice":"Searched \u00271\u0027 times","floor":8,"damage_taken":0},{"event_name":"Cursed Tome","player_choice":"Obtained Book","floor":19,"damage_taken":0},{"event_name":"Drug Dealer","player_choice":"Ignored","floor":22,"damage_taken":0}],"boss_relics":[{"not_picked":["Velvet Choker","White Beast Statue"],"picked":"Orrery"}],"potions_floor_spawned":[1,4,5,6,16,18,21],"seed_played":"-5996572714996306671","killed_by":"Gremlin Leader","ascension_level":10,"is_trial":false}