{"gold_per_floor":[112,125,125,139,89,128,128,167,221,221,272,272,292,47,47,175,175,115,115,40,5,5,5,5,5,5,5,5,5,5,5,5,5,5,5,5,5,5,5,5,5,5,5,5,5,5],"floor_reached":46,"playtime":2978,"items_purged":["Strike_G"],"score":526,"play_id":"d5d260aa-c804-444b-a531-11b6a7b493dd","local_time":"20190228030456","is_ascension_mode":true,"campfire_choices":[{"floor":7,"key":"REST"},{"data":"Cloak And Dagger","floor":10,"key":"SMITH"},{"data":"Caltrops","floor":15,"key":"SMITH"},{"data":"Footwork","floor":23,"key":"SMITH"},{"data":"Double Energy","floor":25,"key":"SMITH"},{"floor":32,"key":"REST"},{"floor":40,"key":"REST"},{"floor":45,"key":"REST"}],"neow_cost":"NONE","seed_source_timestamp":899850317438426,"circlet_count":0,"master_deck":["Defend_G","Defend_G","Defend_G","Defend_G","Defend_G","Strike_G","Survivor","Cloak And Dagger+1","Well Laid Plans","Quick Slash","Caltrops+1","Adrenaline","Coolheaded","Dash","Footwork+1","Double Energy+1","Buffer","Shockwave+1","Transmutation+1","Streamline+1","Go for the Eyes+1","Madness+1","Madness+1","Entrench+1","Panacea+1","Stack+1","Skim+1"],"relics":["Ring of the Snake","Golden Idol","Smiling Mask","Blood Vial","Tiny Chest","Art of War","PrismaticShard","Ectoplasm","Oddly Smooth Stone","Girya","Toxic Egg 2","Black Star","Molten Egg 2","Boot","PreservedInsect"],"potions_floor_usage":[16,33,41],"damage_taken":[{"damage":2,"enemies":"Cultist","floor":1,"turns":4},{"damage":0,"enemies":"Small Slimes","floor":2,"turns":4},{"damage":0,"enemies":"Jaw Worm","floor":4,"turns":4},{"damage":44,"enemies":"Gremlin Nob","floor":6,"turns":6},{"damage":8,"enemies":"3 Sentries","floor":8,"turns":12},{"damage":1,"enemies":"2 Fungi Beasts","floor":13,"turns":4},{"damage":17,"enemies":"The Guardian","floor":16,"turns":15},{"damage":12,"enemies":"2 Thieves","floor":18,"turns":4},{"damage":1,"enemies":"Chosen","floor":24,"turns":6},{"damage":0,"enemies":"Snecko","floor":27,"turns":6},{"damage":0,"enemies":"Snake Plant","floor":29,"turns":4},{"damage":49,"enemies":"Gremlin Leader","floor":30,"turns":12},{"damage":0,"enemies":"Sentry and Sphere","floor":31,"turns":8},{"damage":1,"enemies":"Collector","floor":33,"turns":16},{"damage":0,"enemies":"Orb Walker","floor":35,"turns":4},{"damage":9,"enemies":"3 Darklings","floor":36,"turns":6},{"damage":22,"enemies":"Jaw Worm Horde","floor":39,"turns":5},{"damage":21,"enemies":"Reptomancer","floor":41,"turns":12},{"damage":23,"enemies":"Transient","floor":42,"turns":5},{"damage":20,"enemies":"Sphere and 2 Shapes","floor":44,"turns":12},{"damage":25,"enemies":"3 Darklings","floor":46,"turns":2}],"seed_played":"1494253296092422689","potions_obtained":[{"floor":1,"key":"Block Potion"},{"floor":6,"key":"Strength Potion"},{"floor":8,"key":"PowerPotion"},{"floor":27,"key":"Energy Potion"},{"floor":36,"key":"Regen Potion"},{"floor":44,"key":"EntropicBrew"}],"is_trial":false,"path_per_floor":["M","M","?","M","?","E","R","E","T","R","T","?","M","$","R","B",null,"M","?","?","$","T","R","M","R","T","M","$","M","E","M","R","B",null,"M","M","?","?","M","R","E","M","T","M","R","M"],"character_chosen":"THE_SILENT","items_purchased":["PrismaticShard","Footwork"],"campfire_rested":4,"item_purchase_floors":[14,21],"current_hp_per_floor":[68,68,65,65,65,21,40,32,32,32,32,25,26,26,26,11,65,53,53,53,53,53,53,54,54,54,56,56,58,11,13,32,33,65,65,56,48,48,28,47,43,22,22,4,23,0],"gold":5,"neow_bonus":"THREE_CARDS","is_prod":false,"is_daily":false,"chose_seed":false,"campfire_upgraded":4,"win_rate":0,"timestamp":1551341096,"path_taken":["M","M","?","M","?","E","R","E","T","R","?","?","M","?","R","BOSS","M","?","?","$","?","R","M","R","T","M","$","?","E","M","R","BOSS","M","M","?","?","M","R","E","M","T","M","R","M"],"build_version":"2019-01-23","purchased_purges":1,"victory":false,"max_hp_per_floor":[70,70,65,65,65,65,65,65,65,65,65,65,65,65,65,65,65,65,65,65,65,65,65,65,65,65,65,65,65,65,65,65,65,65,65,65,65,65,65,65,65,65,65,65,65,65],"card_choices":[{"not_picked":["Eviscerate","Sucker Punch"],"picked":"Cloak And Dagger","floor":0},{"not_picked":["Concentrate","Slice","Flying Knee"],"picked":"SKIP","floor":1},{"not_picked":["Endless Agony","Infinite Blades"],"picked":"Well Laid Plans","floor":2},{"not_picked":["Riddle With Holes","Poisoned Stab"],"picked":"Quick Slash","floor":4},{"not_picked":["Setup","Blade Dance","Eviscerate"],"picked":"SKIP","floor":6},{"not_picked":["Quick Slash","Cloak And Dagger","Bane"],"picked":"SKIP","floor":8},{"not_picked":["Slice","Underhanded Strike"],"picked":"Caltrops","floor":13},{"not_picked":["Fiend Fire","Chrysalis"],"picked":"Adrenaline","floor":16},{"not_picked":["Dodge and Roll","Leap+1"],"picked":"Coolheaded","floor":18},{"not_picked":["Lockon","Dagger Throw"],"picked":"Double Energy","floor":24},{"not_picked":["Turbo+1","Poisoned Stab"],"picked":"Buffer","floor":27},{"not_picked":["Blade Dance","Beam Cell","Heavy Blade"],"picked":"SKIP","floor":29},{"not_picked":["Sweeping Beam","Twin Strike"],"picked":"Shockwave+1","floor":30},{"not_picked":["Havoc+1","Slice+1","Flying Knee+1"],"picked":"SKIP","floor":31},{"not_picked":["Dark Embrace","Doppelganger+1"],"picked":"Transmutation+1","floor":33},{"not_picked":["Clash","Gash+1"],"picked":"Streamline+1","floor":35},{"not_picked":["Dagger Throw","Shrug It Off+1"],"picked":"Go for the Eyes+1","floor":36},{"not_picked":["Escape Plan+1","Swift Strike+1"],"picked":"Entrench+1","floor":39},{"not_picked":["Power Through+1","Steam Power+1"],"picked":"Panacea+1","floor":41},{"not_picked":["Flying Knee+1","Sword Boomerang+1"],"picked":"Stack+1","floor":42},{"not_picked":["Havoc+1","Doom and Gloom+1"],"picked":"Skim+1","floor":44}],"player_experience":204708,"relics_obtained":[{"floor":6,"key":"Smiling Mask"},{"floor":8,"key":"Blood Vial"},{"floor":9,"key":"Tiny Chest"},{"floor":11,"key":"Art of War"},{"floor":22,"key":"Oddly Smooth Stone"},{"floor":26,"key":"Girya"},{"floor":30,"key":"Toxic Egg 2"},{"floor":41,"key":"Molten Egg 2"},{"floor":41,"key":"Boot"},{"floor":43,"key":"PreservedInsect"}],"event_choices":[{"damage_healed":0,"gold_gain":0,"player_choice":"Lose Max HP","damage_taken":0,"relics_obtained":["Golden Idol"],"max_hp_gain":0,"max_hp_loss":5,"event_name":"Golden Idol","floor":3,"gold_loss":0},{"cards_removed":["Strike_G"],"damage_healed":0,"gold_gain":0,"player_choice":"Card Removal","damage_taken":0,"max_hp_gain":0,"max_hp_loss":0,"event_name":"The Cleric","floor":5,"gold_loss":50},{"cards_removed":["Strike_G"],"damage_healed":0,"gold_gain":0,"player_choice":"Card Removal","damage_taken":7,"max_hp_gain":0,"max_hp_loss":0,"event_name":"Golden Wing","floor":12,"gold_loss":0},{"damage_healed":0,"gold_gain":0,"player_choice":"Read","damage_taken":0,"max_hp_gain":0,"max_hp_loss":0,"event_name":"The Library","floor":19,"gold_loss":0,"cards_obtained":["Dash"]},{"cards_removed":["Strike_G"],"damage_healed":0,"gold_gain":0,"player_choice":"Gave Gold","damage_taken":0,"max_hp_gain":0,"max_hp_loss":0,"event_name":"Beggar","floor":20,"gold_loss":75},{"damage_healed":0,"gold_gain":0,"player_choice":"Embrace Madness","damage_taken":8,"max_hp_gain":0,"max_hp_loss":0,"event_name":"Winding Halls","floor":37,"gold_loss":0,"cards_obtained":["Madness","Madness"]},{"cards_removed":["Neutralize"],"damage_healed":0,"gold_gain":0,"player_choice":"Removed Attack","damage_taken":0,"max_hp_gain":0,"max_hp_loss":0,"event_name":"Falling","floor":38,"gold_loss":0}],"is_beta":false,"boss_relics":[{"not_picked":["Snecko Eye","Cursed Key"],"picked":"Ectoplasm"},{"not_picked":["WristBlade","Tiny House"],"picked":"Black Star"}],"items_purged_floors":[14],"is_endless":false,"potions_floor_spawned":[1,6,8,27,29,31,36,39,44],"killed_by":"3 Darklings","ascension_level":2}