{"gold_per_floor":[114,64,81,81,81,111,36,36,114,114,128,156,173,186,186,289,289,306,11,24,24],"floor_reached":21,"playtime":816,"items_purged":["Strike_B"],"score":342,"play_id":"15907799-b13e-4936-99c5-ded97208d0c7","local_time":"20190228162104","is_ascension_mode":true,"campfire_choices":[{"data":"Ball Lightning","floor":8,"key":"SMITH"},{"data":"Cold Snap","floor":10,"key":"SMITH"},{"floor":15,"key":"REST"}],"neow_cost":"NONE","seed_source_timestamp":1162982313215830,"circlet_count":0,"master_deck":["AscendersBane","Strike_B","Defend_B","Defend_B","Defend_B","Defend_B","Zap+1","Dualcast","Ball Lightning+1","Cold Snap+1","Cold Snap","Capacitor","Consume","Capacitor","Reinforced Body","Seek","Redo","Loop"],"relics":["Cracked Core","NeowsBlessing","Dodecahedron","Blue Candle","Blood Vial","Sozu","Thread and Needle"],"potions_floor_usage":[16,16],"damage_taken":[{"damage":0,"enemies":"Jaw Worm","floor":1,"turns":1},{"damage":0,"enemies":"Small Slimes","floor":3,"turns":1},{"damage":0,"enemies":"Gremlin Nob","floor":6,"turns":1},{"damage":0,"enemies":"2 Louse","floor":11,"turns":1},{"damage":32,"enemies":"Lagavulin","floor":12,"turns":5},{"damage":20,"enemies":"Exordium Thugs","floor":13,"turns":5},{"damage":7,"enemies":"Looter","floor":14,"turns":3},{"damage":12,"enemies":"Hexaghost","floor":16,"turns":8},{"damage":5,"enemies":"3 Byrds","floor":18,"turns":4},{"damage":0,"enemies":"Chosen","floor":20,"turns":5},{"damage":29,"enemies":"Colosseum Slavers","floor":21,"turns":5},{"damage":70,"enemies":"Colosseum Nobs","floor":21,"turns":5}],"seed_played":"3272292387588557932","potions_obtained":[{"floor":3,"key":"FocusPotion"},{"floor":6,"key":"FearPotion"},{"floor":14,"key":"Dexterity Potion"}],"is_trial":false,"path_per_floor":["M","?","M","?","?","E","$","R","T","R","M","E","M","M","R","B",null,"M","$","M","?"],"character_chosen":"DEFECT","items_purchased":["Thread and Needle"],"campfire_rested":1,"item_purchase_floors":[19],"current_hp_per_floor":[68,68,68,61,61,61,61,61,61,61,61,29,11,6,28,18,61,58,58,60,0],"gold":24,"neow_bonus":"THREE_ENEMY_KILL","is_prod":false,"is_daily":false,"chose_seed":false,"campfire_upgraded":2,"win_rate":0,"timestamp":1551367264,"path_taken":["M","?","M","?","?","E","$","R","T","R","M","E","?","M","R","BOSS","M","$","M","?"],"build_version":"2019-01-23","purchased_purges":1,"victory":false,"max_hp_per_floor":[75,75,75,75,75,75,75,75,75,75,75,75,75,75,75,75,75,75,75,75,75],"card_choices":[{"not_picked":["Stack","Double Energy"],"picked":"Ball Lightning","floor":1},{"not_picked":["Barrage","Steam"],"picked":"Cold Snap","floor":3},{"not_picked":["Barrage","Compile Driver"],"picked":"Cold Snap","floor":6},{"not_picked":["Barrage","Coolheaded"],"picked":"Capacitor","floor":11},{"not_picked":["Barrage","Sunder"],"picked":"Consume","floor":12},{"not_picked":["Hologram","Compile Driver"],"picked":"Capacitor","floor":13},{"not_picked":["Rip and Tear","Sweeping Beam"],"picked":"Reinforced Body","floor":14},{"not_picked":["Meteor Strike","Multi-Cast"],"picked":"Seek","floor":16},{"not_picked":["Recycle","Stack"],"picked":"Redo","floor":18},{"not_picked":["Steam","Heatsinks+1"],"picked":"Loop","floor":20}],"player_experience":646858,"relics_obtained":[{"floor":6,"key":"Dodecahedron"},{"floor":9,"key":"Blue Candle"},{"floor":12,"key":"Blood Vial"}],"event_choices":[{"cards_removed":["Strike_B"],"damage_healed":0,"gold_gain":0,"player_choice":"Card Removal","damage_taken":0,"max_hp_gain":0,"max_hp_loss":0,"event_name":"The Cleric","floor":2,"gold_loss":50},{"cards_removed":["Strike_B"],"damage_healed":0,"gold_gain":0,"player_choice":"Card Removal","damage_taken":7,"max_hp_gain":0,"max_hp_loss":0,"event_name":"Golden Wing","floor":4,"gold_loss":0},{"damage_healed":0,"gold_gain":0,"player_choice":"Grow","damage_taken":0,"max_hp_gain":0,"max_hp_loss":0,"event_name":"Living Wall","floor":5,"gold_loss":0,"cards_upgraded":["Zap"]},{"damage_healed":0,"gold_gain":0,"player_choice":"Fight","damage_taken":0,"max_hp_gain":0,"max_hp_loss":0,"event_name":"Colosseum","floor":21,"gold_loss":0},{"damage_healed":0,"gold_gain":0,"player_choice":"Fought Nobs","damage_taken":0,"max_hp_gain":0,"max_hp_loss":0,"event_name":"Colosseum","floor":21,"gold_loss":0}],"is_beta":false,"boss_relics":[{"not_picked":["Runic Dome","Runic Pyramid"],"picked":"Sozu"}],"items_purged_floors":[7],"is_endless":false,"potions_floor_spawned":[3,6,14,21],"killed_by":"Colosseum Nobs","ascension_level":12}