{"gold_per_floor":[110,127,147,162,180,180,198,198,221,248,261,261,274,47,47,150,150,170,183,203,215,230,244,262,262,340,340,255,272,197,209,209,308,308,328,339,350,360,360],"floor_reached":39,"playtime":4094,"items_purged":["Strike_B"],"score":387,"play_id":"4308477a-ccea-4b75-94d8-ffd3577f4a29","local_time":"20190216002538","is_ascension_mode":false,"campfire_choices":[{"floor":6,"key":"REST"},{"floor":12,"key":"REST"},{"floor":15,"key":"REST"},{"floor":25,"key":"REST"},{"data":"Consume","floor":27,"key":"SMITH"},{"floor":32,"key":"REST"}],"neow_cost":"NONE","seed_source_timestamp":65561334182175,"circlet_count":0,"master_deck":["Defend_B","Defend_B+1","Defend_B+1","Zap","Dualcast","Capacitor","Cold Snap","Cold Snap","Conserve Battery","Electrodynamics","Blizzard","Rainbow","All For One+1","Lockon+1","Skim+1","Cold Snap","Chill","Blizzard","Consume+1","Machine Learning","Redo","Reboot+1","Fusion+1","Seek+1","Glacier+1"],"relics":["Cracked Core","Regal Pillow","Bronze Scales","Odd Mushroom","Astrolabe","Toxic Egg 2","Pear","Fusion Hammer"],"potions_floor_usage":[16,16,16,23,24,33,33,39],"damage_taken":[{"damage":7,"enemies":"2 Louse","floor":1,"turns":3},{"damage":1,"enemies":"Jaw Worm","floor":2,"turns":4},{"damage":7,"enemies":"Small Slimes","floor":3,"turns":4},{"damage":6,"enemies":"Exordium Wildlife","floor":4,"turns":3},{"damage":1,"enemies":"Large Slime","floor":5,"turns":6},{"damage":16,"enemies":"Lots of Slimes","floor":7,"turns":5},{"damage":24,"enemies":"The Mushroom Lair","floor":10,"turns":4},{"damage":0,"enemies":"Blue Slaver","floor":11,"turns":3},{"damage":3,"enemies":"Exordium Wildlife","floor":13,"turns":5},{"damage":23,"enemies":"Slime Boss","floor":16,"turns":10},{"damage":18,"enemies":"Spheric Guardian","floor":18,"turns":4},{"damage":24,"enemies":"2 Thieves","floor":19,"turns":4},{"damage":11,"enemies":"Snecko","floor":20,"turns":5},{"damage":12,"enemies":"Centurion and Healer","floor":21,"turns":8},{"damage":5,"enemies":"Chosen and Byrds","floor":22,"turns":6},{"damage":0,"enemies":"3 Cultists","floor":23,"turns":4},{"damage":0,"enemies":"Snecko","floor":24,"turns":4},{"damage":23,"enemies":"Shelled Parasite and Fungi","floor":29,"turns":9},{"damage":19,"enemies":"Sentry and Sphere","floor":31,"turns":5},{"damage":18,"enemies":"Champ","floor":33,"turns":15},{"damage":8,"enemies":"3 Darklings","floor":35,"turns":4},{"damage":6,"enemies":"Orb Walker","floor":36,"turns":3},{"damage":7,"enemies":"Sphere and 2 Shapes","floor":37,"turns":5},{"damage":28,"enemies":"Transient","floor":38,"turns":5},{"damage":36,"enemies":"2 Orb Walkers","floor":39,"turns":3}],"seed_played":"-7886103220783730021","potions_obtained":[{"floor":3,"key":"PowerPotion"},{"floor":4,"key":"Dexterity Potion"},{"floor":7,"key":"EssenceOfSteel"},{"floor":10,"key":"LiquidBronze"},{"floor":21,"key":"Block Potion"},{"floor":23,"key":"Ancient Potion"},{"floor":24,"key":"AttackPotion"},{"floor":31,"key":"Dexterity Potion"},{"floor":35,"key":"Weak Potion"}],"is_trial":false,"path_per_floor":["M","M","M","M","M","R","M","?","T","?","M","R","M","$","R","B",null,"M","M","M","M","M","M","M","R","T","R","?","M","?","M","R","B",null,"M","M","M","M","?"],"character_chosen":"DEFECT","items_purchased":["Electrodynamics","Blizzard"],"campfire_rested":5,"item_purchase_floors":[14,14],"current_hp_per_floor":[68,67,60,54,53,75,59,44,44,20,20,57,54,54,75,52,75,57,33,22,10,5,5,5,42,42,42,52,29,29,10,50,32,85,77,71,64,36,0],"gold":360,"neow_bonus":"RANDOM_COMMON_RELIC","is_prod":false,"is_daily":false,"chose_seed":false,"campfire_upgraded":1,"win_rate":0.0,"timestamp":1550273138,"path_taken":["M","M","M","M","M","R","M","?","T","?","M","R","M","?","R","BOSS","M","M","M","M","M","M","M","R","T","R","?","M","?","M","R","BOSS","M","M","M","M","?"],"build_version":"2019-01-23","purchased_purges":1,"victory":false,"max_hp_per_floor":[75,75,75,75,75,75,75,75,75,75,75,75,75,75,75,75,75,75,75,75,75,75,75,75,75,75,75,85,85,85,85,85,85,85,85,85,85,85,85],"card_choices":[{"not_picked":["Gash","Streamline","Stack"],"picked":"SKIP","floor":1},{"not_picked":["Conserve Battery","Gash"],"picked":"Capacitor","floor":2},{"not_picked":["Fusion","Go for the Eyes"],"picked":"Cold Snap","floor":3},{"not_picked":["Barrage","Leap","Redo"],"picked":"SKIP","floor":4},{"not_picked":["Barrage","Streamline","Hologram"],"picked":"SKIP","floor":5},{"not_picked":["Compile Driver","Gash","Force Field"],"picked":"SKIP","floor":7},{"not_picked":["Steam Power","Fission"],"picked":"Cold Snap","floor":10},{"not_picked":["Beam Cell","White Noise","Rebound"],"picked":"SKIP","floor":11},{"not_picked":["Coolheaded","Redo"],"picked":"Conserve Battery","floor":13},{"not_picked":["Amplify","Buffer"],"picked":"Rainbow","floor":16},{"not_picked":["Hologram","Lockon","Sweeping Beam"],"picked":"SKIP","floor":18},{"not_picked":["Rebound+1","Blizzard"],"picked":"Cold Snap","floor":19},{"not_picked":["Go for the Eyes+1","Leap"],"picked":"Chill","floor":20},{"not_picked":["Steam Power+1","Scrape"],"picked":"Blizzard","floor":21},{"not_picked":["Force Field+1","Rebound+1"],"picked":"Consume","floor":22},{"not_picked":["Steam","Beam Cell"],"picked":"Machine Learning","floor":23},{"not_picked":["Steam","Heatsinks"],"picked":"Redo","floor":24},{"not_picked":["Compile Driver","Hello World"],"picked":"Reboot+1","floor":29},{"not_picked":["Skim+1","Barrage"],"picked":"Fusion+1","floor":31},{"not_picked":["Rainbow+1","Buffer"],"picked":"Seek+1","floor":33},{"not_picked":["Sweeping Beam+1","Hello World","Steam Power+1"],"picked":"SKIP","floor":35},{"not_picked":["Gash+1","Barrage","Stack+1"],"picked":"SKIP","floor":36},{"not_picked":["Hello World","Conserve Battery+1"],"picked":"Glacier+1","floor":37},{"not_picked":["Steam Power+1","Stack+1","Force Field+1"],"picked":"SKIP","floor":38}],"player_experience":5440,"relics_obtained":[{"floor":9,"key":"Bronze Scales"},{"floor":10,"key":"Odd Mushroom"},{"floor":26,"key":"Toxic Egg 2"}],"event_choices":[{"damage_healed":0,"gold_gain":0,"player_choice":"Entered Light","damage_taken":15,"max_hp_gain":0,"max_hp_loss":0,"event_name":"Shining Light","floor":8,"gold_loss":0,"cards_upgraded":["Defend_B","Defend_B"]},{"damage_healed":0,"gold_gain":0,"player_choice":"Fought Mushrooms","damage_taken":0,"max_hp_gain":0,"max_hp_loss":0,"event_name":"Mushrooms","floor":10,"gold_loss":0},{"damage_healed":0,"gold_gain":0,"player_choice":"Obtained Relic","damage_taken":0,"relics_obtained":["Pear"],"max_hp_gain":0,"max_hp_loss":0,"event_name":"Addict","floor":28,"gold_loss":85},{"cards_removed":["Defend_B"],"damage_healed":0,"gold_gain":0,"player_choice":"Gave Gold","damage_taken":0,"max_hp_gain":0,"max_hp_loss":0,"event_name":"Beggar","floor":30,"gold_loss":75},{"damage_healed":0,"gold_gain":0,"player_choice":"Fight","damage_taken":0,"max_hp_gain":0,"max_hp_loss":0,"event_name":"Mysterious Sphere","floor":39,"gold_loss":0}],"is_beta":false,"boss_relics":[{"not_picked":["White Beast Statue","Black Star"],"picked":"Astrolabe"},{"not_picked":["Velvet Choker","FrozenCore"],"picked":"Fusion Hammer"}],"items_purged_floors":[14],"is_endless":false,"potions_floor_spawned":[3,4,7,10,21,23,24,31,35],"killed_by":"2 Orb Walkers","ascension_level":0}