{"gold_per_floor":[116,116,136,150,150,150,181,199,275,285,5,5,18,33,33,131,131,151,6,18,18,35,35,47,47,47,47,58,72,86,86],"floor_reached":31,"playtime":2166,"items_purged":[],"score":280,"play_id":"662da371-bbec-47f8-83d6-ae3fcd96d15e","local_time":"20190224020406","is_ascension_mode":true,"campfire_choices":[{"data":"Survivor","floor":6,"key":"SMITH"},{"floor":12,"key":"REST"},{"floor":15,"key":"REST"},{"floor":23,"key":"REST"},{"floor":25,"key":"REST"},{"floor":27,"key":"REST"}],"neow_cost":"TEN_PERCENT_HP_LOSS","seed_source_timestamp":132117069766067,"circlet_count":0,"master_deck":["Defend_G","Defend_G","Defend_G","Defend_G","Defend_G","Strike_G","Strike_G","Strike_G","Strike_G","Strike_G","Survivor+1","Neutralize","Deadly Poison+1","Flying Knee","Poisoned Stab","Envenom","Outmaneuver","Flying Knee","Backstab","Blur","Dark Shackles","Prepared","Dodge and Roll","Deadly Poison","Bullet Time","Sucker Punch","All Out Attack","Bane","Deflect+1","Dash","Backflip","Calculated Gamble+1","Outmaneuver","Backstab","PiercingWail"],"relics":["Ring of the Serpent","Pocketwatch","StoneCalendar","Mummified Hand","Dream Catcher","Shuriken"],"potions_floor_usage":[7,7,16,18,24,29,30,31],"damage_taken":[{"damage":2,"enemies":"Small Slimes","floor":1,"turns":3},{"damage":0,"enemies":"Cultist","floor":3,"turns":4},{"damage":0,"enemies":"Jaw Worm","floor":4,"turns":3},{"damage":4,"enemies":"3 Sentries","floor":7,"turns":7},{"damage":27,"enemies":"Gremlin Gang","floor":8,"turns":5},{"damage":21,"enemies":"Lots of Slimes","floor":10,"turns":4},{"damage":2,"enemies":"Looter","floor":13,"turns":3},{"damage":0,"enemies":"Exordium Wildlife","floor":14,"turns":3},{"damage":16,"enemies":"Hexaghost","floor":16,"turns":7},{"damage":20,"enemies":"2 Thieves","floor":18,"turns":5},{"damage":11,"enemies":"Spheric Guardian","floor":20,"turns":4},{"damage":19,"enemies":"Centurion and Healer","floor":22,"turns":7},{"damage":22,"enemies":"Cultist and Chosen","floor":24,"turns":7},{"damage":10,"enemies":"Snecko","floor":28,"turns":5},{"damage":5,"enemies":"Centurion and Healer","floor":29,"turns":6},{"damage":18,"enemies":"Shelled Parasite and Fungi","floor":30,"turns":5},{"damage":15,"enemies":"Sentry and Sphere","floor":31,"turns":5}],"seed_played":"-184595006991512557","potions_obtained":[{"floor":3,"key":"GamblersBrew"},{"floor":5,"key":"Energy Potion"},{"floor":5,"key":"Weak Potion"},{"floor":7,"key":"Strength Potion"},{"floor":13,"key":"LiquidBronze"},{"floor":16,"key":"GamblersBrew"},{"floor":24,"key":"PowerPotion"},{"floor":28,"key":"Poison Potion"}],"is_trial":false,"path_per_floor":["M","?","M","M","?","R","E","M","T","M","$","R","M","M","R","B",null,"M","$","M","?","M","R","M","R","T","R","M","M","M","M"],"character_chosen":"THE_SILENT","items_purchased":["Backstab","Blur","Dark Shackles","Prepared","Dream Catcher"],"campfire_rested":5,"item_purchase_floors":[11,11,11,11,19],"current_hp_per_floor":[61,61,61,61,61,61,57,30,30,9,9,27,25,25,43,27,63,43,43,32,32,13,31,9,27,27,45,35,30,12,0],"gold":86,"neow_bonus":"ONE_RARE_RELIC","is_prod":false,"is_daily":false,"chose_seed":false,"campfire_upgraded":1,"win_rate":0,"timestamp":1550945046,"path_taken":["M","?","M","?","?","R","E","M","T","M","$","R","?","M","R","BOSS","M","?","?","?","M","R","M","R","T","R","M","M","M","M"],"build_version":"2019-01-23","purchased_purges":0,"victory":false,"max_hp_per_floor":[63,63,63,63,63,63,63,63,63,63,63,63,63,63,63,63,63,63,63,63,63,63,63,63,63,63,63,63,63,63,63],"card_choices":[{"not_picked":["PiercingWail","Caltrops"],"picked":"Deadly Poison","floor":1},{"not_picked":["Quick Slash","Acrobatics"],"picked":"Flying Knee","floor":3},{"not_picked":["Leg Sweep","Underhanded Strike"],"picked":"Poisoned Stab","floor":4},{"not_picked":["Skewer","Backstab"],"picked":"Envenom","floor":7},{"not_picked":["Slice","Dodge and Roll"],"picked":"Outmaneuver","floor":8},{"not_picked":["Finisher","Quick Slash"],"picked":"Flying Knee","floor":10},{"not_picked":["Prepared","Slice"],"picked":"Dodge and Roll","floor":13},{"not_picked":["Deflect","Outmaneuver"],"picked":"Deadly Poison","floor":14},{"not_picked":["Adrenaline","After Image"],"picked":"Bullet Time","floor":16},{"not_picked":["Prepared","Outmaneuver"],"picked":"Sucker Punch","floor":18},{"not_picked":["Accuracy","Outmaneuver"],"picked":"All Out Attack","floor":20},{"not_picked":["Slice","Escape Plan"],"picked":"Bane","floor":22},{"not_picked":["Sucker Punch","Storm of Steel"],"picked":"Deflect+1","floor":23},{"not_picked":["Escape Plan","Blade Dance"],"picked":"Dash","floor":24},{"not_picked":["Underhanded Strike","Deadly Poison"],"picked":"Backflip","floor":25},{"not_picked":["Infinite Blades","Deadly Poison"],"picked":"Calculated Gamble+1","floor":27},{"not_picked":["Skewer+1","Storm of Steel"],"picked":"Outmaneuver","floor":28},{"not_picked":["Footwork+1","Accuracy+1"],"picked":"Backstab","floor":29},{"not_picked":["Terror","Blade Dance"],"picked":"PiercingWail","floor":30}],"player_experience":59632,"relics_obtained":[{"floor":7,"key":"StoneCalendar"},{"floor":9,"key":"Mummified Hand"},{"floor":26,"key":"Shuriken"}],"event_choices":[{"damage_healed":0,"gold_gain":0,"player_choice":"Upgraded","damage_taken":0,"max_hp_gain":0,"max_hp_loss":0,"event_name":"Upgrade Shrine","floor":2,"gold_loss":0,"cards_upgraded":["Deadly Poison"]},{"damage_healed":0,"gold_gain":0,"player_choice":"Got Potions","damage_taken":0,"max_hp_gain":0,"max_hp_loss":0,"event_name":"Lab","floor":5,"gold_loss":0},{"damage_healed":0,"gold_gain":0,"player_choice":"Ignored","damage_taken":0,"max_hp_gain":0,"max_hp_loss":0,"event_name":"Beggar","floor":21,"gold_loss":0}],"is_beta":false,"boss_relics":[{"not_picked":["Philosopher\u0027s Stone","Fusion Hammer"],"picked":"Ring of the Serpent"}],"items_purged_floors":[],"is_endless":false,"potions_floor_spawned":[3,7,13,14,16,24,28],"killed_by":"Sentry and Sphere","ascension_level":1}