{"gold_per_floor":[141,159,177,177,142,177,177,177,177,177,177,210,225,248,248,347,347,366,366,366,381,381,381,420,121,121,155,182,206,227,31,31,122,122,147,147,147,30,50,94,119,119,119,160,180,180,180,205,205,205,205,205,3,3],"floor_reached":54,"playtime":3703,"items_purged":["Strike_B+1"],"score":1602,"play_id":"e2b768c5-bff3-46c9-aada-5efa90c1148e","local_time":"20190223204900","is_ascension_mode":true,"campfire_choices":[{"floor":7,"key":"REST"},{"floor":11,"key":"REST"},{"floor":15,"key":"REST"},{"floor":23,"key":"REST"},{"data":"Defragment","floor":32,"key":"SMITH"},{"floor":42,"key":"REST"},{"floor":49,"key":"RECALL"},{"data":"Blizzard","floor":52,"key":"SMITH"}],"neow_cost":"NONE","seed_source_timestamp":75679344351947,"circlet_count":0,"master_deck":["AscendersBane","Defend_B+1","Defend_B+1","Defend_B+1","Defend_B+1","Zap","Dualcast","Conserve Battery","Ball Lightning","Glacier","BootSequence","Go for the Eyes","Doom and Gloom","Hologram","Fission","Compile Driver","Defragment+1","Echo Form","Coolheaded","Heatsinks+1","Blizzard+1","Electrodynamics+1","Hologram","Sweeping Beam","Defragment+1","Fission","Cold Snap","Seek","Heatsinks+1","Blizzard"],"relics":["Cracked Core","Tiny Chest","Golden Idol","Mercury Hourglass","Gremlin Horn","Oddly Smooth Stone","Busted Crown","Enchiridion","Letter Opener","Membership Card","Mummified Hand","Strawberry","Frozen Egg 2","Inserter","The Courier","Sundial","Orichalcum","Thread and Needle","Bag of Preparation"],"potions_floor_usage":[6,16,33,50],"damage_taken":[{"damage":3,"enemies":"Small Slimes","floor":1,"turns":4},{"damage":1,"enemies":"2 Louse","floor":2,"turns":2},{"damage":7,"enemies":"Jaw Worm","floor":3,"turns":3},{"damage":43,"enemies":"Gremlin Nob","floor":6,"turns":7},{"damage":0,"enemies":"3 Sentries","floor":12,"turns":7},{"damage":0,"enemies":"Lots of Slimes","floor":13,"turns":3},{"damage":0,"enemies":"3 Louse","floor":14,"turns":3},{"damage":23,"enemies":"Slime Boss","floor":16,"turns":8},{"damage":0,"enemies":"Chosen","floor":18,"turns":5},{"damage":6,"enemies":"Shell Parasite","floor":21,"turns":5},{"damage":0,"enemies":"Gremlin Leader","floor":24,"turns":6},{"damage":2,"enemies":"Book of Stabbing","floor":27,"turns":7},{"damage":13,"enemies":"Snecko","floor":29,"turns":4},{"damage":0,"enemies":"Chosen and Byrds","floor":30,"turns":5},{"damage":25,"enemies":"Automaton","floor":33,"turns":11},{"damage":4,"enemies":"3 Darklings","floor":35,"turns":3},{"damage":0,"enemies":"3 Shapes","floor":39,"turns":1},{"damage":11,"enemies":"Giant Head","floor":40,"turns":11},{"damage":4,"enemies":"Writhing Mass","floor":41,"turns":7},{"damage":0,"enemies":"Reptomancer","floor":44,"turns":7},{"damage":9,"enemies":"4 Shapes","floor":45,"turns":3},{"damage":12,"enemies":"Jaw Worm Horde","floor":48,"turns":3},{"damage":0,"enemies":"Time Eater","floor":50,"turns":16},{"damage":75,"enemies":"Shield and Spear","floor":54,"turns":3}],"seed_played":"-5718668031401423233","potions_obtained":[{"floor":2,"key":"Weak Potion"},{"floor":12,"key":"Ancient Potion"},{"floor":13,"key":"GamblersBrew"},{"floor":18,"key":"Dexterity Potion"},{"floor":44,"key":"EssenceOfSteel"}],"is_trial":false,"path_per_floor":["M","M","M","?","?","E","R","?","T","?","R","E","M","M","R","B",null,"M","?","?","M","?","R","E","$","T","E","T","M","M","$","R","B",null,"M","?","?","$","M","E","M","R","T","E","M","?","T","M","R","B",null,"R","$","E"],"character_chosen":"DEFECT","items_purchased":["Membership Card","Echo Form","Frozen Egg 2","Heatsinks+1","Blizzard","Defragment+1","Fission","Heatsinks+1","Bag of Preparation","LiquidBronze","Blizzard"],"campfire_rested":5,"item_purchase_floors":[25,25,31,31,31,38,38,53,53,53,53],"current_hp_per_floor":[61,60,53,29,46,3,24,24,24,3,24,24,24,24,45,22,59,59,38,38,32,32,53,53,53,53,51,58,45,45,45,45,20,64,60,60,60,60,60,49,45,68,68,68,59,59,59,47,47,47,70,70,70,0],"gold":3,"neow_bonus":"RANDOM_COMMON_RELIC","is_prod":false,"is_daily":false,"chose_seed":false,"campfire_upgraded":2,"win_rate":0,"timestamp":1550983740,"path_taken":["M","M","M","?","?","E","R","?","T","?","R","E","M","M","R","BOSS","M","?","?","M","?","R","E","$","T","E","?","M","M","$","R","BOSS","M","?","?","$","M","E","M","R","T","E","?","?","?","M","R","BOSS","R","$","E"],"build_version":"2019-01-23","purchased_purges":1,"victory":false,"max_hp_per_floor":[71,71,71,71,71,71,71,71,71,71,71,71,71,71,71,71,71,71,71,71,71,71,71,71,71,71,71,78,78,78,78,78,78,78,78,78,78,78,78,78,78,78,78,78,78,78,78,78,78,78,78,78,78,78],"card_choices":[{"not_picked":["Hologram","Barrage"],"picked":"Conserve Battery","floor":1},{"not_picked":["Steam","Cold Snap"],"picked":"Ball Lightning","floor":2},{"not_picked":["Coolheaded","Hologram"],"picked":"Glacier","floor":3},{"not_picked":["White Noise","Coolheaded"],"picked":"BootSequence","floor":6},{"not_picked":["BootSequence","Gash"],"picked":"Go for the Eyes","floor":12},{"not_picked":["Stack","Scrape"],"picked":"Doom and Gloom","floor":13},{"not_picked":["Amplify","Leap"],"picked":"Hologram","floor":14},{"not_picked":["Multi-Cast","Reboot"],"picked":"Fission","floor":16},{"not_picked":["Ball Lightning"],"picked":"SKIP","floor":18},{"not_picked":[],"picked":"Compile Driver","floor":21},{"not_picked":["Beam Cell"],"picked":"SKIP","floor":24},{"not_picked":["Go for the Eyes"],"picked":"SKIP","floor":27},{"not_picked":[],"picked":"Coolheaded","floor":29},{"not_picked":["Streamline"],"picked":"SKIP","floor":30},{"not_picked":[],"picked":"Electrodynamics+1","floor":33},{"not_picked":[],"picked":"Hologram","floor":35},{"not_picked":[],"picked":"Cold Snap","floor":39},{"not_picked":["Sweeping Beam"],"picked":"SKIP","floor":40},{"not_picked":["Ball Lightning"],"picked":"SKIP","floor":41},{"not_picked":["Rip and Tear"],"picked":"SKIP","floor":44},{"not_picked":["Stack"],"picked":"SKIP","floor":45},{"not_picked":[],"picked":"Seek","floor":48}],"player_experience":857546,"relics_obtained":[{"floor":6,"key":"Mercury Hourglass"},{"floor":9,"key":"Gremlin Horn"},{"floor":12,"key":"Oddly Smooth Stone"},{"floor":19,"key":"Enchiridion"},{"floor":24,"key":"Letter Opener"},{"floor":27,"key":"Mummified Hand"},{"floor":28,"key":"Strawberry"},{"floor":40,"key":"The Courier"},{"floor":43,"key":"Sundial"},{"floor":44,"key":"Orichalcum"},{"floor":47,"key":"Thread and Needle"}],"event_choices":[{"damage_healed":0,"gold_gain":0,"player_choice":"Take Damage","damage_taken":24,"relics_obtained":["Golden Idol"],"max_hp_gain":0,"max_hp_loss":0,"event_name":"Golden Idol","floor":4,"gold_loss":0},{"damage_healed":17,"gold_gain":0,"player_choice":"Healed","damage_taken":0,"max_hp_gain":0,"max_hp_loss":0,"event_name":"The Cleric","floor":5,"gold_loss":35},{"cards_removed":["Strike_B"],"damage_healed":0,"gold_gain":0,"player_choice":"Forget","damage_taken":0,"max_hp_gain":0,"max_hp_loss":0,"event_name":"Living Wall","floor":8,"gold_loss":0},{"damage_healed":0,"gold_gain":0,"player_choice":"Entered Light","damage_taken":21,"max_hp_gain":0,"max_hp_loss":0,"event_name":"Shining Light","floor":10,"gold_loss":0,"cards_upgraded":["Defend_B","Defend_B"]},{"damage_healed":0,"gold_gain":0,"player_choice":"Obtained Book","damage_taken":21,"max_hp_gain":0,"max_hp_loss":0,"event_name":"Cursed Tome","floor":19,"gold_loss":0},{"damage_healed":0,"gold_gain":0,"player_choice":"Simplicity","damage_taken":0,"max_hp_gain":0,"max_hp_loss":0,"event_name":"Back to Basics","floor":20,"gold_loss":0,"cards_upgraded":["Strike_B","Strike_B","Strike_B","Defend_B","Defend_B"]},{"damage_healed":0,"gold_gain":0,"player_choice":"Read","damage_taken":0,"max_hp_gain":0,"max_hp_loss":0,"event_name":"The Library","floor":22,"gold_loss":0,"cards_obtained":["Defragment"]},{"cards_removed":["Strike_B"],"damage_healed":0,"gold_gain":0,"player_choice":"Removed Attack","damage_taken":0,"max_hp_gain":0,"max_hp_loss":0,"event_name":"Falling","floor":36,"gold_loss":0},{"damage_healed":0,"gold_gain":0,"cards_transformed":["Strike_B"],"player_choice":"Transformed","damage_taken":0,"max_hp_gain":0,"max_hp_loss":0,"event_name":"Transmorgrifier","floor":37,"gold_loss":0,"cards_obtained":["Sweeping Beam"]},{"damage_healed":0,"gold_gain":0,"player_choice":"Memory 1","damage_taken":0,"max_hp_gain":0,"max_hp_loss":0,"event_name":"SensoryStone","floor":46,"gold_loss":0}],"is_beta":false,"boss_relics":[{"not_picked":["White Beast Statue","Tiny House"],"picked":"Busted Crown"},{"not_picked":["Sozu","Eternal Feather"],"picked":"Inserter"}],"items_purged_floors":[53],"is_endless":false,"potions_floor_spawned":[2,12,13,18,29,30,44,45],"killed_by":"Shield and Spear","ascension_level":18}