{"path_per_floor":["M","M","M","M","M","R","E","$","T","M","E","M","R","M","R","B",null,"M","M","$","?","M","R","E","R","T","M"],"character_chosen":"IRONCLAD","items_purchased":["Perfected Strike","Battle Trance","Armaments","Rupture"],"gold_per_floor":[111,124,134,148,160,160,188,92,92,104,136,146,146,159,159,258,258,271,284,102,102,119,119,144,144,444,461],"floor_reached":28,"campfire_rested":2,"playtime":4663,"current_hp_per_floor":[80,80,79,76,68,68,31,31,31,37,44,55,55,80,80,62,80,66,60,60,60,11,35,24,48,48,23],"items_purged":["Defend_R"],"gold":461,"score":254,"play_id":"14e4a48f-4599-4ea7-9840-586cb149ebc4","is_prod":false,"is_daily":false,"is_ascension_mode":false,"campfire_upgraded":2,"path_taken":["M","M","M","M","M","R","E","$","T","M","E","M","R","M","R","BOSS","M","M","$","?","M","R","E","R","T","M","E"],"build_version":"2018-02-15-PROD1","purchased_purges":1,"victory":false,"master_deck":["Strike_R","Strike_R","Strike_R","Strike_R","Defend_R","Defend_R","Defend_R","Bash","Shrug It Off","Shockwave+1","Heavy Blade","Iron Wave","Power Through","Uppercut","Perfected Strike","Battle Trance","Armaments","Reaper","Rampage+1","Shrug It Off","Limit Break","Headbutt","Warcry","Anger","Flex","Pommel Strike","Shrug It Off","Headbutt","Armaments","Rupture","Writhe","Flame Barrier+1","Blood for Blood+1","Cleave+1"],"max_hp_per_floor":[80,80,80,80,80,80,80,80,80,80,80,80,80,80,80,80,80,80,80,80,80,80,80,80,80,80,80],"relics":["Burning Blood","Paper Frog","Peace Pipe","Pen Nib","Orrery","Bag of Preparation","Juzu Bracelet","Old Coin"],"card_choices":[{"not_picked":["Thunderclap","Flex"],"picked":"Shrug It Off"},{"not_picked":["True Grit","Flex"],"picked":"Shockwave"},{"not_picked":["Pummel","Flex"],"picked":"Heavy Blade"},{"not_picked":["Rage","Sever Soul"],"picked":"Iron Wave"},{"not_picked":["True Grit","Warcry"],"picked":"Power Through"},{"not_picked":["Clothesline","Intimidate"],"picked":"Uppercut"},{"not_picked":["Cleave","Iron Wave"],"picked":"Armaments"},{"not_picked":["Sword Boomerang","Bloodletting"],"picked":"Reaper"},{"not_picked":["Battle Trance","Armaments"],"picked":"Rampage"},{"not_picked":["Clash","Power Through"],"picked":"Shrug It Off"},{"not_picked":["Berserk","Barricade"],"picked":"Limit Break"},{"not_picked":["Cleave","Thunderclap"],"picked":"Headbutt"},{"not_picked":["Perfected Strike","Body Slam"],"picked":"Warcry"},{"not_picked":["Iron Wave","Body Slam"],"picked":"Anger"},{"not_picked":["Body Slam","True Grit"],"picked":"Flex"},{"not_picked":["Rage","Shrug It Off"],"picked":"Pommel Strike"},{"not_picked":["Burning Pact","Twin Strike"],"picked":"Shrug It Off"},{"not_picked":["Sword Boomerang","Iron Wave"],"picked":"Headbutt"},{"not_picked":["Uppercut","Perfected Strike"],"picked":"Flame Barrier"},{"not_picked":["Corruption","Searing Blow"],"picked":"Blood for Blood"},{"not_picked":["Limit Break","Power Through"],"picked":"Cleave"}],"player_experience":14445,"potions_floor_usage":[11,11,14,18,24,24,27,28,28],"damage_taken":[{"damage":1,"enemies":"Cultist","floor":1,"turns":4},{"damage":1,"enemies":"Jaw Worm","floor":2,"turns":5},{"damage":7,"enemies":"2 Louse","floor":3,"turns":3},{"damage":9,"enemies":"2 Fungi Beasts","floor":4,"turns":5},{"damage":14,"enemies":"3 Louse","floor":5,"turns":6},{"damage":43,"enemies":"Lagavulin","floor":7,"turns":10},{"damage":0,"enemies":"Large Slime","floor":10,"turns":5},{"damage":11,"enemies":"Gremlin Nob","floor":11,"turns":5},{"damage":2,"enemies":"Exordium Thugs","floor":12,"turns":6},{"damage":2,"enemies":"3 Louse","floor":14,"turns":6},{"damage":24,"enemies":"The Guardian","floor":16,"turns":8},{"damage":24,"enemies":"Spheric Guardian","floor":18,"turns":4},{"damage":12,"enemies":"Shell Parasite","floor":19,"turns":6},{"damage":71,"enemies":"3 Cultists","floor":22,"turns":9},{"damage":49,"enemies":"Gremlin Leader","floor":24,"turns":9},{"damage":31,"enemies":"Sentry and Sphere","floor":27,"turns":8},{"damage":33,"enemies":"Slavers","floor":28,"turns":3}],"event_choices":[{"event_name":"The Mausoleum","player_choice":"Yes","floor":21,"damage_taken":0}],"boss_relics":[{"not_picked":["Ectoplasm","Black Blood"],"picked":"Orrery"}],"potions_floor_spawned":[3,7,10,12,14,16,22,24,27],"seed_played":"7508255772098156209","killed_by":"Slavers","ascension_level":0,"is_trial":false}