{"gold_per_floor":[115,135,210,210,5,36,49,49,103,103,123,154,168,229,229,331,331,299,349,147,162,122,122,157,157,183,183,59,78,78,78,78,174,174,194,214,194,37,57,57,6,32,32,69,100,112,0,12,24,36],"floor_reached":51,"playtime":4545,"items_purged":["Strike_R","Strike_R"],"score":777,"play_id":"a2ea3b54-4a35-441e-8711-b83ffc09a355","local_time":"20190220010327","is_ascension_mode":true,"campfire_choices":[{"data":"Clothesline","floor":8,"key":"SMITH"},{"data":"Bash","floor":10,"key":"SMITH"},{"floor":15,"key":"REST"},{"data":"Metallicize","floor":23,"key":"SMITH"},{"data":"Evolve","floor":25,"key":"SMITH"},{"data":"Body Slam","floor":27,"key":"SMITH"},{"data":"Disarm","floor":30,"key":"SMITH"},{"floor":32,"key":"REST"},{"floor":40,"key":"REST"},{"floor":46,"key":"REST"},{"floor":49,"key":"REST"}],"neow_cost":"NONE","seed_source_timestamp":412970611755281,"circlet_count":0,"master_deck":["Defend_R","Defend_R","Defend_R","Defend_R","Bash+1","Shrug It Off","Clothesline+1","Cleave","Body Slam+1","Armaments+1","Disarm+1","Metallicize+1","Power Through","Evolve+1","Pommel Strike+1","Twin Strike+1","Feed+1","Parasite","Metallicize+1","Entrench","Power Through+1"],"relics":["Burning Blood","NeowsBlessing","Membership Card","Centennial Puzzle","Dream Catcher","Pantograph","Tiny Chest","Velvet Choker","Self Forming Clay","Dead Branch","Blood Vial","Red Skull","MutagenicStrength","Astrolabe","Ginger","Pen Nib","MawBank","Smiling Mask","Red Mask"],"potions_floor_usage":[14,16,16,33,39,42,42,42,50],"damage_taken":[{"damage":0,"enemies":"Small Slimes","floor":1,"turns":1},{"damage":0,"enemies":"Jaw Worm","floor":2,"turns":1},{"damage":0,"enemies":"Gremlin Nob","floor":6,"turns":1},{"damage":0,"enemies":"Cultist","floor":7,"turns":4},{"damage":6,"enemies":"Looter","floor":11,"turns":3},{"damage":27,"enemies":"3 Sentries","floor":12,"turns":8},{"damage":24,"enemies":"Exordium Thugs","floor":13,"turns":6},{"damage":7,"enemies":"Lagavulin","floor":14,"turns":6},{"damage":14,"enemies":"Hexaghost","floor":16,"turns":14},{"damage":22,"enemies":"2 Thieves","floor":18,"turns":5},{"damage":6,"enemies":"Shell Parasite","floor":21,"turns":9},{"damage":19,"enemies":"Slavers","floor":24,"turns":7},{"damage":0,"enemies":"Centurion and Healer","floor":29,"turns":8},{"damage":17,"enemies":"Champ","floor":33,"turns":15},{"damage":34,"enemies":"3 Darklings","floor":35,"turns":6},{"damage":18,"enemies":"3 Shapes","floor":36,"turns":6},{"damage":37,"enemies":"Writhing Mass","floor":39,"turns":9},{"damage":41,"enemies":"Reptomancer","floor":42,"turns":9},{"damage":13,"enemies":"Sphere and 2 Shapes","floor":45,"turns":5},{"damage":47,"enemies":"Time Eater","floor":50,"turns":21}],"seed_played":"-447834459833416206","potions_obtained":[{"floor":2,"key":"Energy Potion"},{"floor":6,"key":"Dexterity Potion"},{"floor":7,"key":"AttackPotion"},{"floor":21,"key":"SteroidPotion"},{"floor":24,"key":"BloodPotion"},{"floor":37,"key":"SteroidPotion"},{"floor":39,"key":"LiquidBronze"},{"floor":45,"key":"FearPotion"}],"is_trial":false,"path_per_floor":["M","M","?","?","$","E","M","R","T","R","M","E","M","E","R","B",null,"M","?","$","M","?","R","E","R","T","R","$","M","R","?","R","B",null,"M","M","?","$","M","R","$","E","T","T","M","R","?","$","R","B",null],"character_chosen":"IRONCLAD","items_purchased":["Membership Card","Clothesline","Self Forming Clay","Evolve","Red Skull","Ginger","Strength Potion","SkillPotion"],"campfire_rested":5,"item_purchase_floors":[5,5,20,20,28,38,41,41],"current_hp_per_floor":[80,80,69,62,62,68,74,74,74,74,74,53,35,34,58,72,80,64,64,64,64,64,64,51,51,51,51,51,59,59,59,80,69,80,52,46,46,46,25,50,50,17,17,17,16,42,42,42,68,47],"gold":48,"neow_bonus":"THREE_ENEMY_KILL","is_prod":false,"is_daily":false,"chose_seed":false,"campfire_upgraded":6,"win_rate":0,"timestamp":1550621007,"path_taken":["M","M","?","?","$","E","M","R","T","R","M","E","M","E","R","BOSS","M","?","$","?","?","R","E","R","T","R","?","M","R","?","R","BOSS","M","M","?","?","M","R","$","E","T","?","M","R","?","?","R","BOSS"],"build_version":"2019-01-23","purchased_purges":2,"victory":true,"max_hp_per_floor":[80,80,80,80,80,80,80,80,80,80,80,80,80,80,80,80,80,80,80,80,80,80,80,80,80,80,80,80,80,80,80,80,80,80,80,84,84,84,84,84,84,84,84,84,88,88,88,88,88,88],"card_choices":[{"not_picked":["Clash","Iron Wave"],"picked":"Shrug It Off","floor":1},{"not_picked":["Infernal Blade","Anger","Havoc"],"picked":"SKIP","floor":2},{"not_picked":["Cleave","Rupture"],"picked":"Intimidate","floor":6},{"not_picked":["Wild Strike","Anger","Iron Wave"],"picked":"SKIP","floor":7},{"not_picked":["Hemokinesis","Brutality"],"picked":"Cleave","floor":11},{"not_picked":["Second Wind","Shockwave"],"picked":"Body Slam","floor":12},{"not_picked":["Shrug It Off","Inflame"],"picked":"Armaments","floor":13},{"not_picked":["Thunderclap","Cleave"],"picked":"Disarm","floor":14},{"not_picked":["Twin Strike","Intimidate"],"picked":"Metallicize","floor":15},{"not_picked":["Clash","Warcry+1"],"picked":"Power Through","floor":18},{"not_picked":["Seeing Red","Twin Strike+1","Wild Strike"],"picked":"SKIP","floor":21},{"not_picked":["Perfected Strike","Warcry","Battle Trance"],"picked":"SKIP","floor":24},{"not_picked":["Pommel Strike","Clothesline","Iron Wave"],"picked":"SKIP","floor":29},{"not_picked":["Pommel Strike","Clothesline","Iron Wave"],"picked":"SKIP","floor":29},{"not_picked":["Wild Strike","Twin Strike+1","Flex"],"picked":"SKIP","floor":35},{"not_picked":["Fiend Fire","Flex","Pommel Strike+1"],"picked":"SKIP","floor":36},{"not_picked":["Rampage","Rage+1","Twin Strike"],"picked":"SKIP","floor":39},{"not_picked":["Pommel Strike+1","Anger"],"picked":"Metallicize+1","floor":42},{"not_picked":["Blood for Blood+1","Wild Strike+1","Evolve"],"picked":"SKIP","floor":45},{"not_picked":["Shrug It Off","Armaments+1"],"picked":"Entrench","floor":46},{"not_picked":["Intimidate+1","Bloodletting+1"],"picked":"Power Through+1","floor":49}],"player_experience":180389,"relics_obtained":[{"floor":6,"key":"Centennial Puzzle"},{"floor":9,"key":"Dream Catcher"},{"floor":12,"key":"Pantograph"},{"floor":14,"key":"Tiny Chest"},{"floor":24,"key":"Dead Branch"},{"floor":26,"key":"Blood Vial"},{"floor":42,"key":"Pen Nib"},{"floor":43,"key":"MawBank"},{"floor":44,"key":"Smiling Mask"}],"event_choices":[{"damage_healed":0,"gold_gain":75,"player_choice":"Gather Gold","damage_taken":11,"max_hp_gain":0,"max_hp_loss":0,"event_name":"World of Goop","floor":3,"gold_loss":0},{"cards_removed":["Strike_R"],"damage_healed":0,"gold_gain":0,"player_choice":"Card Removal","damage_taken":7,"max_hp_gain":0,"max_hp_loss":0,"event_name":"Golden Wing","floor":4,"gold_loss":0},{"damage_healed":0,"gold_gain":100,"player_choice":"Bet on Murderer","damage_taken":0,"max_hp_gain":0,"max_hp_loss":0,"event_name":"The Joust","floor":19,"gold_loss":50},{"damage_healed":0,"gold_gain":0,"player_choice":"Upgrade","damage_taken":0,"max_hp_gain":0,"max_hp_loss":0,"event_name":"Designer","floor":22,"gold_loss":40,"cards_upgraded":["Armaments"]},{"damage_healed":0,"gold_gain":0,"player_choice":"Inject Mutagens","damage_taken":0,"relics_obtained":["MutagenicStrength"],"max_hp_gain":0,"max_hp_loss":0,"event_name":"Drug Dealer","floor":31,"gold_loss":0},{"damage_healed":0,"gold_gain":0,"player_choice":"Bought 1 Potion","damage_taken":0,"max_hp_gain":0,"max_hp_loss":0,"event_name":"The Woman in Blue","floor":37,"gold_loss":0},{"damage_healed":0,"gold_gain":0,"player_choice":"Paid","damage_taken":0,"relics_obtained":["Red Mask"],"max_hp_gain":0,"max_hp_loss":0,"event_name":"Tomb of Lord Red Mask","floor":47,"gold_loss":124}],"is_beta":false,"boss_relics":[{"not_picked":["Calling Bell","Ectoplasm"],"picked":"Velvet Choker"},{"not_picked":["White Beast Statue","Runic Dome"],"picked":"Astrolabe"}],"items_purged_floors":[20,28],"is_endless":false,"potions_floor_spawned":[2,6,7,12,21,24,39,45],"ascension_level":2}