{"path_per_floor":["M","?","$","M","M","E","R","M","T","M","?","M","E","$","R","B",null,"M","?","?"],"character_chosen":"DEFECT","items_purchased":["Creative AI"],"gold_per_floor":[112,112,37,55,72,106,106,118,164,183,183,203,231,91,91,188,188,199,199,199,169],"floor_reached":21,"campfire_rested":0,"playtime":919,"item_purchase_floors":[14],"current_hp_per_floor":[75,75,75,73,72,46,46,33,33,33,33,33,14,14,14,7,75,55,55,55,48],"items_purged":["Defend_B"],"gold":169,"score":189,"play_id":"54842fdc-5481-4ed6-a03f-acd965727e4a","local_time":"20180603205809","is_prod":false,"is_daily":false,"chose_seed":false,"is_ascension_mode":false,"campfire_upgraded":2,"win_rate":0,"timestamp":1528084689,"campfire_choices":[{"data":"Defend_B","floor":7,"key":"SMITH"},{"data":"Creative AI","floor":15,"key":"SMITH"}],"path_taken":["M","?","$","?","M","E","R","?","T","?","?","M","E","?","R","BOSS","M","?","?","?"],"build_version":"2018-05-30v2","seed_source_timestamp":543073097197520,"purchased_purges":1,"victory":false,"master_deck":["Strike_B","Strike_B","Strike_B+1","Defend_B+1","Defend_B","Defend_B","Zap","Dualcast","Creative AI+1"],"max_hp_per_floor":[75,75,75,75,75,75,75,75,75,75,75,75,75,75,75,75,75,75,75,75,75],"relics":["Cracked Core","Cables","Happy Flower","Bronze Scales","Inserter"],"card_choices":[{"not_picked":["Steam","Auto Shields","Leap"],"picked":"SKIP","floor":1},{"not_picked":["Ball Lightning","Blizzard","Coolheaded"],"picked":"SKIP","floor":4},{"not_picked":["Storm","Streamline","Turbo"],"picked":"SKIP","floor":5},{"not_picked":["Storm","Streamline","Turbo"],"picked":"SKIP","floor":5},{"not_picked":["Seek","Conserve Battery","Darkness"],"picked":"SKIP","floor":6},{"not_picked":["Leap","Hologram","Double Energy"],"picked":"SKIP","floor":8},{"not_picked":["Rip and Tear","Cold Snap","Sunder"],"picked":"SKIP","floor":10},{"not_picked":["Hologram","Genetic Algorithm","Compile Driver"],"picked":"SKIP","floor":12},{"not_picked":["Thunder Strike","Rainbow","Barrage"],"picked":"SKIP","floor":13},{"not_picked":["Cold Snap+1","Turbo","FTL"],"picked":"SKIP","floor":18}],"player_experience":1756023,"potions_floor_usage":[5,16],"damage_taken":[{"damage":0,"enemies":"Cultist","floor":1,"turns":3},{"damage":2,"enemies":"Small Slimes","floor":4,"turns":3},{"damage":1,"enemies":"Jaw Worm","floor":5,"turns":3},{"damage":26,"enemies":"Lagavulin","floor":6,"turns":7},{"damage":13,"enemies":"Lots of Slimes","floor":8,"turns":4},{"damage":0,"enemies":"Large Slime","floor":10,"turns":4},{"damage":0,"enemies":"Exordium Wildlife","floor":12,"turns":3},{"damage":19,"enemies":"Gremlin Nob","floor":13,"turns":4},{"damage":15,"enemies":"Hexaghost","floor":16,"turns":10},{"damage":20,"enemies":"Chosen","floor":18,"turns":5},{"damage":7,"enemies":"2 Thieves","floor":21,"turns":2}],"relics_obtained":[{"floor":6,"key":"Cables"},{"floor":9,"key":"Happy Flower"},{"floor":13,"key":"Bronze Scales"}],"event_choices":[{"event_name":"Upgrade Shrine","player_choice":"Upgraded","floor":2,"damage_taken":0},{"event_name":"The Lab","player_choice":"Got Potions","floor":11,"damage_taken":0},{"event_name":"Drug Dealer","player_choice":"Ignored","floor":19,"damage_taken":0},{"event_name":"The Woman in Blue","player_choice":"Bought 0 Potions","floor":20,"damage_taken":0}],"boss_relics":[{"not_picked":["Philosopher\u0027s Stone","Snecko Eye"],"picked":"Inserter"}],"items_purged_floors":[3],"potions_floor_spawned":[4,5,12,13,18],"seed_played":"-5474225667590832263","killed_by":"2 Thieves","ascension_level":0,"potions_obtained":[{"floor":4,"key":"EntropicBrew"},{"floor":11,"key":"FairyPotion"},{"floor":18,"key":"Explosive Potion"}],"is_trial":false}