{"gold_per_floor":[113,65,77,91,105,105,131,7,34,46,71,71,85,50,50,153,153,169,0,0,14,26,26,40,67,67,77,77,96,96,106,106,106],"floor_reached":33,"playtime":2359,"items_purged":["Strike_R","Strike_R"],"score":309,"play_id":"d9a1a3c0-79b8-4838-80df-f14b36658ff0","local_time":"20190219010801","is_ascension_mode":true,"campfire_choices":[{"data":"Clothesline","floor":6,"key":"SMITH"},{"data":"Offering","floor":12,"key":"SMITH"},{"floor":15,"key":"REST"},{"floor":23,"key":"REST"},{"floor":30,"key":"REST"},{"floor":32,"key":"REST"}],"neow_cost":"NONE","seed_source_timestamp":3041666485644697,"circlet_count":0,"master_deck":["Strike_R","Strike_R","Strike_R","Defend_R+1","Defend_R","Defend_R","Defend_R+1","Bash","Twin Strike","Clothesline+1","Offering+1","Anger","Disarm","Shockwave","Reaper","Feel No Pain","Second Wind","Fiend Fire","True Grit","Metallicize"],"relics":["Black Blood","War Paint","Pen Nib","Bronze Scales","Dodecahedron","Art of War","Potion Belt"],"potions_floor_usage":[5,7,11,11,16,21,21,22,22,29,29,29,33,33],"damage_taken":[{"damage":10,"enemies":"Cultist","floor":1,"turns":5},{"damage":5,"enemies":"2 Louse","floor":3,"turns":3},{"damage":7,"enemies":"Small Slimes","floor":4,"turns":4},{"damage":12,"enemies":"3 Louse","floor":5,"turns":3},{"damage":29,"enemies":"Lagavulin","floor":7,"turns":9},{"damage":7,"enemies":"2 Fungi Beasts","floor":10,"turns":2},{"damage":14,"enemies":"Gremlin Nob","floor":11,"turns":3},{"damage":6,"enemies":"Looter","floor":13,"turns":2},{"damage":16,"enemies":"The Guardian","floor":16,"turns":12},{"damage":28,"enemies":"2 Thieves","floor":18,"turns":4},{"damage":27,"enemies":"Spheric Guardian","floor":21,"turns":5},{"damage":34,"enemies":"Cultist and Chosen","floor":22,"turns":7},{"damage":23,"enemies":"Centurion and Healer","floor":24,"turns":9},{"damage":63,"enemies":"Gremlin Leader","floor":25,"turns":8},{"damage":8,"enemies":"Snecko","floor":27,"turns":5},{"damage":15,"enemies":"Shelled Parasite and Fungi","floor":29,"turns":4},{"damage":30,"enemies":"Cultist and Chosen","floor":31,"turns":8},{"damage":88,"enemies":"Collector","floor":33,"turns":11}],"seed_played":"-8453448621655205158","potions_obtained":[{"floor":4,"key":"Energy Potion"},{"floor":7,"key":"AttackPotion"},{"floor":10,"key":"Swift Potion"},{"floor":13,"key":"Dexterity Potion"},{"floor":16,"key":"SpeedPotion"},{"floor":18,"key":"BloodPotion"},{"floor":21,"key":"Ancient Potion"},{"floor":25,"key":"PowerPotion"},{"floor":28,"key":"Dexterity Potion"},{"floor":28,"key":"SteroidPotion"},{"floor":28,"key":"FearPotion"},{"floor":31,"key":"Poison Potion"}],"is_trial":false,"path_per_floor":["M","$","M","M","M","R","E","$","T","M","E","R","M","$","R","B",null,"M","$","?","M","M","R","M","E","T","M","?","M","R","M","R","B"],"character_chosen":"IRONCLAD","items_purchased":["SkillPotion","Dexterity Potion","Shockwave","Feel No Pain"],"campfire_rested":4,"item_purchase_floors":[2,8,14,19],"current_hp_per_floor":[84,84,85,84,78,78,55,55,55,54,46,46,46,46,72,62,88,76,76,76,59,51,77,72,31,31,39,39,34,60,44,70,0],"gold":106,"neow_bonus":"TEN_PERCENT_HP_BONUS","is_prod":false,"is_daily":false,"chose_seed":false,"campfire_upgraded":2,"win_rate":0,"timestamp":1550556481,"path_taken":["M","$","M","M","M","R","E","?","T","M","E","R","?","$","R","BOSS","M","$","?","M","M","R","M","E","T","M","?","M","R","?","R","BOSS"],"build_version":"2019-02-06","purchased_purges":2,"victory":false,"max_hp_per_floor":[88,88,88,88,88,88,88,88,88,88,88,88,88,88,88,88,88,88,88,88,88,88,88,88,88,88,88,88,88,88,88,88,88],"card_choices":[{"not_picked":["Shrug It Off","Headbutt"],"picked":"Twin Strike","floor":1},{"not_picked":["Shrug It Off","Hemokinesis"],"picked":"Clothesline","floor":3},{"not_picked":["Seeing Red","Dual Wield","Heavy Blade"],"picked":"SKIP","floor":4},{"not_picked":["Perfected Strike","Sword Boomerang"],"picked":"Offering","floor":5},{"not_picked":["Headbutt","Fire Breathing"],"picked":"Anger","floor":7},{"not_picked":["Heavy Blade","Bloodletting","Clothesline"],"picked":"SKIP","floor":10},{"not_picked":["Barricade","Body Slam","Entrench"],"picked":"SKIP","floor":11},{"not_picked":["Dual Wield","Perfected Strike"],"picked":"Disarm","floor":13},{"not_picked":["Berserk","Impervious"],"picked":"Reaper","floor":16},{"not_picked":["Wild Strike+1","Dropkick","Body Slam"],"picked":"SKIP","floor":18},{"not_picked":["Headbutt","Reckless Charge","Carnage"],"picked":"SKIP","floor":21},{"not_picked":["Armaments","Sword Boomerang","Flex"],"picked":"SKIP","floor":22},{"not_picked":["Body Slam","Headbutt"],"picked":"Second Wind","floor":24},{"not_picked":["Sentinel","Blood for Blood+1"],"picked":"Fiend Fire","floor":25},{"not_picked":["Heavy Blade+1","Pommel Strike"],"picked":"True Grit","floor":27},{"not_picked":["Ghostly Armor+1","Shrug It Off"],"picked":"Metallicize","floor":29},{"not_picked":["Shrug It Off","Reckless Charge","Heavy Blade"],"picked":"SKIP","floor":31}],"player_experience":143283,"relics_obtained":[{"floor":7,"key":"War Paint"},{"floor":9,"key":"Pen Nib"},{"floor":11,"key":"Bronze Scales"},{"floor":25,"key":"Art of War"},{"floor":26,"key":"Potion Belt"}],"event_choices":[{"damage_healed":0,"gold_gain":0,"player_choice":"Opened","damage_taken":0,"relics_obtained":["Dodecahedron"],"max_hp_gain":0,"max_hp_loss":0,"event_name":"The Mausoleum","floor":20,"gold_loss":0},{"damage_healed":0,"gold_gain":0,"player_choice":"Got Potions","damage_taken":0,"max_hp_gain":0,"max_hp_loss":0,"event_name":"Lab","floor":28,"gold_loss":0}],"is_beta":true,"boss_relics":[{"not_picked":["Fusion Hammer","Velvet Choker"],"picked":"Black Blood"}],"items_purged_floors":[8,19],"is_endless":false,"potions_floor_spawned":[4,7,10,13,16,18,21,25,31],"killed_by":"Collector","ascension_level":2}