{"path_per_floor":["M","M","M","$","?","E","R","E","T","E","?","M","R","M","R","B",null,"M","$","?","?","?","R","M","E","T","E","$","M","R","$","R","B",null,"M","M","M","?","$","R","E","M","T","?","?","R","M","M","R","B"],"character_chosen":"DEFECT","items_purchased":["Kunai","Regal Pillow","Go for the Eyes","Beam Cell","Deep Breath+1","Reinforced Body+1","Finesse+1","Cold Snap","Hologram+1","Stack+1"],"gold_per_floor":[363,382,397,3,78,105,105,137,137,169,149,168,168,183,183,257,257,274,2,2,52,52,52,69,100,100,134,134,150,150,3,3,81,81,91,109,121,121,20,20,47,61,61,61,61,61,73,84,84,84],"floor_reached":51,"campfire_rested":5,"playtime":3871,"item_purchase_floors":[4,4,19,19,19,19,31,31,39,39],"current_hp_per_floor":[62,62,62,62,51,35,64,46,46,20,20,16,50,54,54,17,52,48,48,48,48,48,48,47,59,59,45,45,38,38,38,64,64,64,64,64,43,33,33,64,47,56,56,56,56,56,40,40,64,54],"items_purged":[],"gold":84,"score":1789,"play_id":"0e855b14-2e74-4d0e-bda6-e7e9e46ed3a0","local_time":"20180619141021","is_prod":false,"is_daily":false,"chose_seed":false,"is_ascension_mode":true,"campfire_upgraded":4,"win_rate":0,"timestamp":1529442621,"campfire_choices":[{"floor":7,"key":"REST"},{"floor":13,"key":"REST"},{"data":"Defragment","floor":15,"key":"SMITH"},{"data":"Go for the Eyes","floor":23,"key":"SMITH"},{"data":"Loop","floor":30,"key":"SMITH"},{"floor":32,"key":"REST"},{"floor":40,"key":"REST"},{"data":"Defragment","floor":46,"key":"SMITH"},{"floor":49,"key":"REST"}],"path_taken":["M","M","M","$","?","E","R","E","T","E","?","M","R","M","R","BOSS","M","$","?","?","?","R","M","E","T","E","?","?","R","$","R","BOSS","M","M","M","?","$","R","E","?","T","?","?","R","M","M","R","BOSS"],"build_version":"2018-06-18","seed_source_timestamp":1130297881253912,"purchased_purges":0,"circlet_count":0,"victory":true,"master_deck":["Strike_B","Strike_B","Strike_B","Defend_B+1","Defend_B","Defend_B","Defend_B+1","Zap","Dualcast","AscendersBane","Barrage","Ball Lightning","Defragment+1","Conserve Battery+1","Loop+1","Steam Power+1","FTL","Coolheaded+1","All For One","FTL","Go for the Eyes+1","Beam Cell","Deep Breath+1","Reinforced Body+1","Steam+1","Conserve Battery+1","Recycle+1","Seek+1","Finesse+1","Cold Snap","Echo Form","Compile Driver","Defragment+1","Deep Breath+1","Hologram+1","Stack+1","Stack+1","Consume+1","Loop","Force Field+1"],"max_hp_per_floor":[64,64,64,64,64,64,64,64,64,64,64,64,64,64,64,64,64,64,64,64,64,64,64,64,64,64,64,64,64,64,64,64,64,64,64,64,64,64,64,64,64,64,64,64,64,64,64,64,64,64],"relics":["Cracked Core","Kunai","Regal Pillow","Toxic Egg 2","Bottled Lightning","Toolbox","Bottled Flame","Cursed Key","War Paint","Sundial","Nuclear Battery","Bottled Tornado","Calipers"],"card_choices":[{"not_picked":["Fusion","Redo"],"picked":"Barrage","floor":1},{"not_picked":["Leap","Go for the Eyes"],"picked":"Ball Lightning","floor":2},{"not_picked":["Cold Snap","Turbo"],"picked":"Defragment","floor":3},{"not_picked":["Cold Snap","Core Surge"],"picked":"Conserve Battery","floor":6},{"not_picked":["Compile Driver","Steam+1"],"picked":"Loop","floor":8},{"not_picked":["Ball Lightning","Heatsinks"],"picked":"Steam Power+1","floor":10},{"not_picked":["Turbo+1","Leap+1"],"picked":"FTL","floor":12},{"not_picked":["Steam+1","Doom and Gloom"],"picked":"Coolheaded+1","floor":14},{"not_picked":["Creative AI","Rainbow+1"],"picked":"All For One","floor":16},{"not_picked":["Capacitor","Ball Lightning"],"picked":"FTL","floor":18},{"not_picked":["White Noise+1","Blizzard"],"picked":"Steam+1","floor":24},{"not_picked":["Darkness+1","Self Repair"],"picked":"Conserve Battery+1","floor":25},{"not_picked":["Auto Shields+1","Gash"],"picked":"Recycle+1","floor":27},{"not_picked":["Coolheaded+1","Rebound+1"],"picked":"Seek+1","floor":29},{"not_picked":["Buffer","Multi-Cast+1"],"picked":"Echo Form","floor":33},{"not_picked":["Beam Cell+1","Aggregate+1","Barrage+1"],"picked":"SKIP","floor":35},{"not_picked":["Ball Lightning","Stack+1"],"picked":"Compile Driver","floor":36},{"not_picked":["Consume+1","Sweeping Beam"],"picked":"Defragment","floor":37},{"not_picked":["Good Instincts+1","Jack Of All Trades+1"],"picked":"Deep Breath+1","floor":38},{"not_picked":["Barrage+1","Chaos+1"],"picked":"Stack+1","floor":41},{"not_picked":["Redo+1","Self Repair"],"picked":"Consume+1","floor":42},{"not_picked":["Leap+1","Beam Cell+1"],"picked":"Loop","floor":47},{"not_picked":["Multi-Cast+1","Compile Driver"],"picked":"Force Field+1","floor":48}],"player_experience":1944817,"potions_floor_usage":[25,33,42,50,50],"damage_taken":[{"damage":2,"enemies":"Jaw Worm","floor":1,"turns":4},{"damage":0,"enemies":"2 Louse","floor":2,"turns":2},{"damage":0,"enemies":"Cultist","floor":3,"turns":2},{"damage":16,"enemies":"Lagavulin","floor":6,"turns":7},{"damage":18,"enemies":"3 Sentries","floor":8,"turns":6},{"damage":26,"enemies":"Gremlin Nob","floor":10,"turns":4},{"damage":4,"enemies":"3 Louse","floor":12,"turns":3},{"damage":0,"enemies":"2 Fungi Beasts","floor":14,"turns":3},{"damage":37,"enemies":"Slime Boss","floor":16,"turns":8},{"damage":4,"enemies":"Shell Parasite","floor":18,"turns":5},{"damage":1,"enemies":"3 Byrds","floor":24,"turns":3},{"damage":0,"enemies":"Book of Stabbing","floor":25,"turns":4},{"damage":14,"enemies":"Slavers","floor":27,"turns":5},{"damage":7,"enemies":"Snecko","floor":29,"turns":4},{"damage":0,"enemies":"Collector","floor":33,"turns":11},{"damage":0,"enemies":"Flame Bruiser 1 Orb","floor":35,"turns":5},{"damage":0,"enemies":"Orb Walker","floor":36,"turns":2},{"damage":21,"enemies":"3 Darklings","floor":37,"turns":5},{"damage":17,"enemies":"2 Orb Walkers","floor":41,"turns":5},{"damage":3,"enemies":"Flame Bruiser 2 Orb","floor":42,"turns":4},{"damage":0,"floor":44,"turns":6},{"damage":16,"enemies":"Transient","floor":47,"turns":5},{"damage":0,"enemies":"Sphere and 2 Shapes","floor":48,"turns":3},{"damage":10,"enemies":"Time Eater","floor":50,"turns":44}],"relics_obtained":[{"floor":6,"key":"Toxic Egg 2"},{"floor":8,"key":"Bottled Lightning"},{"floor":9,"key":"Toolbox"},{"floor":10,"key":"Bottled Flame"},{"floor":25,"key":"War Paint"},{"floor":27,"key":"Sundial"},{"floor":41,"key":"Bottled Tornado"},{"floor":44,"key":"Calipers"}],"event_choices":[{"event_name":"World of Goop","player_choice":"Gather Gold","floor":5,"damage_taken":0},{"event_name":"The Woman in Blue","player_choice":"Bought 1 Potion","floor":11,"damage_taken":0},{"event_name":"Beggar","player_choice":"Ignored","floor":20,"damage_taken":0},{"event_name":"Nest","player_choice":"Stole From Cult","floor":21,"damage_taken":0},{"event_name":"Vampires","player_choice":"Ignored","floor":22,"damage_taken":0},{"event_name":"SensoryStone","player_choice":"Memory 3","floor":38,"damage_taken":0},{"event_name":"MindBloom","player_choice":"Fight","floor":44,"damage_taken":0},{"event_name":"Falling","player_choice":"Removed Attack","floor":45,"damage_taken":0}],"boss_relics":[{"not_picked":["Empty Cage","Runic Pyramid"],"picked":"Cursed Key"},{"not_picked":["Tiny House","Orrery"],"picked":"Nuclear Battery"}],"items_purged_floors":[],"is_endless":false,"potions_floor_spawned":[3,10,12,18,24,33,42,47],"seed_played":"5615782919890325759","ascension_level":15,"potions_obtained":[{"floor":3,"key":"Ancient Potion"},{"floor":10,"key":"FocusPotion"},{"floor":11,"key":"SteroidPotion"},{"floor":18,"key":"Regen Potion"},{"floor":33,"key":"Regen Potion"},{"floor":42,"key":"Weak Potion"},{"floor":47,"key":"AttackPotion"}],"is_trial":false}