{"path_per_floor":["M","M","$","M","M","E","M","E","T","?","M","?","M","M","R","B",null,"M","M","?","$","M"],"character_chosen":"IRONCLAD","items_purchased":["Panacea","Body Slam","Dual Wield","Secret Weapon","Intimidate"],"gold_per_floor":[118,131,6,26,41,68,83,115,115,185,200,200,210,226,226,327,327,343,358,358,41,55],"floor_reached":23,"campfire_rested":0,"playtime":4360,"current_hp_per_floor":[80,80,80,80,77,62,61,56,56,56,56,61,60,65,65,24,92,92,92,76,76,52],"items_purged":[],"gold":55,"score":207,"play_id":"4fc5115c-9336-4ddc-a80b-3b6d23c6fefd","is_prod":false,"is_daily":false,"is_ascension_mode":false,"campfire_upgraded":1,"path_taken":["M","M","$","M","M","E","M","E","T","?","M","?","M","?","R","BOSS","M","M","?","$","M","E"],"build_version":"2018-02-15-PROD1","purchased_purges":0,"victory":false,"master_deck":["Strike_R","Strike_R","Strike_R","Strike_R","Strike_R","Defend_R","Defend_R","Defend_R","Defend_R","Bash","Bludgeon","Iron Wave","Armaments","Panacea","Body Slam","Spot Weakness","Shrug It Off","Pommel Strike","Warcry","Infernal Blade","Anger","Seeing Red","Limit Break+1","Reaper","Regret","Parasite","Injury","Thunderclap","True Grit+1","Dual Wield","Secret Weapon","Intimidate","Second Wind+1"],"max_hp_per_floor":[80,80,80,80,80,87,87,87,87,87,87,92,92,92,92,92,92,92,92,92,92,92],"relics":["Burning Blood","Strawberry","Centennial Puzzle","Torii","Calling Bell","Unceasing Top","Toolbox","Juzu Bracelet","Nilry\u0027s Codex"],"card_choices":[{"not_picked":["True Grit","Thunderclap"],"picked":"Iron Wave"},{"not_picked":["Cleave","Corruption"],"picked":"Armaments"},{"not_picked":["Reckless Charge","Second Wind"],"picked":"Spot Weakness"},{"not_picked":["Combust","Power Through"],"picked":"Shrug It Off"},{"not_picked":["Berserk","Sword Boomerang"],"picked":"Pommel Strike"},{"not_picked":["Sword Boomerang","Intimidate"],"picked":"Warcry"},{"not_picked":["Reckless Charge","Feed"],"picked":"Infernal Blade"},{"not_picked":["Clothesline","Sever Soul"],"picked":"Anger"},{"not_picked":["Sword Boomerang","Iron Wave"],"picked":"Seeing Red"},{"not_picked":["Flame Barrier","Twin Strike"],"picked":"Limit Break"},{"not_picked":["Brutality","Juggernaut"],"picked":"Reaper"},{"not_picked":["Combust","Armaments"],"picked":"Thunderclap"},{"not_picked":["Hemokinesis","Iron Wave"],"picked":"True Grit"},{"not_picked":["Uppercut","Burning Pact"],"picked":"Second Wind"}],"player_experience":10050,"potions_floor_usage":[8,8,14,16,19,23],"damage_taken":[{"damage":5,"enemies":"Small Slimes","floor":1,"turns":3},{"damage":1,"enemies":"Jaw Worm","floor":2,"turns":4},{"damage":0,"enemies":"2 Louse","floor":4,"turns":3},{"damage":9,"enemies":"Blue Slaver","floor":5,"turns":4},{"damage":28,"enemies":"Gremlin Nob","floor":6,"turns":4},{"damage":7,"enemies":"Looter","floor":7,"turns":3},{"damage":11,"enemies":"3 Sentries","floor":8,"turns":7},{"damage":6,"enemies":"Exordium Wildlife","floor":11,"turns":3},{"damage":7,"enemies":"Blue Slaver","floor":13,"turns":3},{"damage":1,"enemies":"3 Louse","floor":14,"turns":3},{"damage":47,"enemies":"Slime Boss","floor":16,"turns":13},{"damage":3,"enemies":"Chosen","floor":18,"turns":4},{"damage":5,"enemies":"Spheric Guardian","floor":19,"turns":5},{"damage":44,"enemies":"Chosen and Byrds","floor":22,"turns":7},{"damage":74,"enemies":"Slavers","floor":23,"turns":4}],"event_choices":[{"event_name":"Golden Wing","player_choice":"Gained Gold","floor":10,"damage_taken":0},{"event_name":"Big Fish","player_choice":"Donut","floor":12,"damage_taken":0},{"event_name":"Cursed Tome","player_choice":"Obtained Book","floor":20,"damage_taken":0}],"boss_relics":[{"not_picked":["Mark of Pain","Snecko Eye"],"picked":"Calling Bell"}],"potions_floor_spawned":[4,5,7,8,14,18],"seed_played":"7276915079154859310","killed_by":"Slavers","ascension_level":0,"is_trial":false}