{"gold_per_floor":[109,126,139,150,2,36,36,36,85,85,98,132,82,112,112,112],"floor_reached":16,"playtime":800,"items_purged":["Strike_G"],"score":149,"play_id":"6dea0e1f-b76b-4001-a04a-bfbbac71c54b","local_time":"20190222164637","is_ascension_mode":true,"campfire_choices":[{"floor":8,"key":"REST"},{"floor":10,"key":"REST"},{"floor":15,"key":"REST"}],"neow_cost":"NONE","seed_source_timestamp":3358760282542651,"circlet_count":0,"master_deck":["Defend_G","Defend_G","Defend_G","Defend_G","Defend_G","Strike_G","Strike_G","Strike_G","Survivor","Neutralize","Flying Knee","Sucker Punch","Quick Slash","Dagger Spray","Deadly Poison","Acrobatics+1","Slice","Poisoned Stab"],"relics":["Ring of the Snake","Toxic Egg 2","Golden Idol","Omamori","Blood Vial","Tiny Chest"],"potions_floor_usage":[6,6,11,12],"damage_taken":[{"damage":1,"enemies":"Jaw Worm","floor":1,"turns":6},{"damage":0,"enemies":"2 Louse","floor":2,"turns":3},{"damage":0,"enemies":"Cultist","floor":3,"turns":3},{"damage":4,"enemies":"Red Slaver","floor":4,"turns":5},{"damage":14,"enemies":"Lagavulin","floor":6,"turns":9},{"damage":32,"enemies":"Exordium Thugs","floor":11,"turns":7},{"damage":8,"enemies":"Gremlin Nob","floor":12,"turns":3},{"damage":62,"enemies":"Slime Boss","floor":16,"turns":10}],"seed_played":"7191681237268234075","potions_obtained":[{"floor":0,"key":"SkillPotion"},{"floor":0,"key":"Strength Potion"},{"floor":0,"key":"Poison Potion"},{"floor":6,"key":"Swift Potion"}],"is_trial":false,"path_per_floor":["M","M","M","M","$","E","?","R","T","R","M","E","?","T","R","B"],"character_chosen":"THE_SILENT","items_purchased":["Block Potion","Deadly Poison"],"campfire_rested":3,"item_purchase_floors":[5,5],"current_hp_per_floor":[62,62,62,58,58,44,27,48,48,69,37,29,29,29,50,0],"gold":112,"neow_bonus":"THREE_SMALL_POTIONS","is_prod":false,"is_daily":false,"chose_seed":false,"campfire_upgraded":0,"win_rate":0,"timestamp":1550871997,"path_taken":["M","M","M","M","$","E","?","R","T","R","M","E","?","?","R","BOSS"],"build_version":"2019-02-06","purchased_purges":1,"victory":false,"max_hp_per_floor":[70,70,70,70,70,70,70,70,70,70,70,70,70,70,70,70],"card_choices":[{"not_picked":["Underhanded Strike","Dagger Throw"],"picked":"Flying Knee","floor":1},{"not_picked":["Expertise","Bane"],"picked":"Sucker Punch","floor":2},{"not_picked":["Prepared","Catalyst"],"picked":"Quick Slash","floor":3},{"not_picked":["Deadly Poison","PiercingWail"],"picked":"Dagger Spray","floor":4},{"not_picked":["Night Terror","Heel Hook"],"picked":"Acrobatics","floor":6},{"not_picked":["Flying Knee","Deflect+1"],"picked":"Slice","floor":11},{"not_picked":["Eviscerate","Reflex+1"],"picked":"Poisoned Stab","floor":12}],"player_experience":217165,"relics_obtained":[{"floor":6,"key":"Toxic Egg 2"},{"floor":9,"key":"Omamori"},{"floor":12,"key":"Blood Vial"},{"floor":14,"key":"Tiny Chest"}],"event_choices":[{"damage_healed":0,"gold_gain":0,"player_choice":"Take Damage","damage_taken":17,"relics_obtained":["Golden Idol"],"max_hp_gain":0,"max_hp_loss":0,"event_name":"Golden Idol","floor":7,"gold_loss":0},{"cards_removed":["Strike_G"],"damage_healed":0,"gold_gain":0,"player_choice":"Card Removal","damage_taken":0,"max_hp_gain":0,"max_hp_loss":0,"event_name":"The Cleric","floor":13,"gold_loss":50}],"is_beta":true,"boss_relics":[],"items_purged_floors":[5],"is_endless":false,"potions_floor_spawned":[1,3,6],"killed_by":"Slime Boss","ascension_level":7}