{"gold_per_floor":[111,111,111,126,141,141,169,169,196,230,241,241,258,272,272,347,347,357,74,74,90,104,114,143,343,389,409,409,409,438,451,451,530,530,547,128,128,143,154,154,182,182,182,193,210,210,92,0,0,0],"floor_reached":51,"playtime":4767,"items_purged":["Meteor Strike+1"],"score":1713,"play_id":"b5f6eff1-66b1-4c8c-b8e5-c580a84fda72","local_time":"20180710032909","is_ascension_mode":true,"campfire_choices":[{"data":"Streamline","floor":6,"key":"SMITH"},{"data":"Ball Lightning","floor":8,"key":"SMITH"},{"floor":12,"key":"REST"},{"data":"Dualcast","floor":15,"key":"SMITH"},{"floor":28,"key":"REST"},{"floor":32,"key":"REST"},{"floor":40,"key":"REST"},{"floor":42,"key":"REST"},{"floor":49,"key":"DIG"}],"neow_cost":"NONE","seed_source_timestamp":211584110721188,"circlet_count":0,"master_deck":["Defend_B","Defend_B","Defend_B","Defend_B","Zap+1","Dualcast+1","AscendersBane","Glacier","Streamline+1","Ball Lightning+1","Leap","Conserve Battery","Cold Snap","Hologram","Biased Cognition","Apotheosis","Glacier","Compile Driver","Go for the Eyes","Cold Snap","Steam Power","Blizzard","Coolheaded","Tempest+1","Loop+1","Defragment","Defragment","Hologram","Echo Form","Capacitor+1","Cold Snap","FTL","Defragment+1","Stack"],"relics":["Cracked Core","Dream Catcher","Omamori","Letter Opener","Fusion Hammer","Dodecahedron","Anchor","Pantograph","Astrolabe","DollysMirror","Mummified Hand","Ancient Tea Set","Shovel","Red Mask","Dead Branch"],"potions_floor_usage":[21,21,33,50,50],"damage_taken":[{"damage":4,"enemies":"Jaw Worm","floor":1,"turns":4},{"damage":0,"enemies":"Cultist","floor":4,"turns":5},{"damage":0,"enemies":"2 Louse","floor":5,"turns":1},{"damage":28,"enemies":"Gremlin Nob","floor":7,"turns":4},{"damage":13,"enemies":"3 Sentries","floor":10,"turns":5},{"damage":0,"enemies":"Blue Slaver","floor":11,"turns":3},{"damage":12,"enemies":"Exordium Wildlife","floor":13,"turns":3},{"damage":0,"enemies":"3 Louse","floor":14,"turns":3},{"damage":6,"enemies":"Slime Boss","floor":16,"turns":8},{"damage":0,"enemies":"Spheric Guardian","floor":18,"turns":3},{"damage":2,"enemies":"3 Byrds","floor":21,"turns":5},{"damage":0,"enemies":"Centurion and Healer","floor":22,"turns":6},{"damage":12,"enemies":"Snecko","floor":23,"turns":4},{"damage":23,"enemies":"Slavers","floor":24,"turns":6},{"damage":0,"enemies":"3 Cultists","floor":27,"turns":6},{"damage":26,"enemies":"Book of Stabbing","floor":30,"turns":8},{"damage":9,"enemies":"Snake Plant","floor":31,"turns":3},{"damage":20,"enemies":"Automaton","floor":33,"turns":11},{"damage":1,"enemies":"Orb Walker","floor":35,"turns":3},{"damage":3,"enemies":"3 Darklings","floor":38,"turns":5},{"damage":6,"enemies":"Sphere and 2 Shapes","floor":39,"turns":6},{"damage":6,"enemies":"Nemesis","floor":41,"turns":11},{"damage":0,"enemies":"Spire Growth","floor":44,"turns":4},{"damage":4,"enemies":"Transient","floor":45,"turns":5},{"damage":0,"floor":46,"turns":4},{"damage":0,"enemies":"Donu and Deca","floor":50,"turns":7}],"seed_played":"-3914478445543028444","potions_obtained":[{"floor":7,"key":"Weak Potion"},{"floor":10,"key":"Weak Potion"},{"floor":22,"key":"FocusPotion"},{"floor":33,"key":"EssenceOfSteel"},{"floor":35,"key":"PowerPotion"}],"is_trial":false,"path_per_floor":["M","?","?","M","M","R","E","R","T","E","M","R","M","M","R","B",null,"M","$","?","M","M","M","E","?","T","M","R","?","E","M","R","B",null,"M","$","$","M","M","R","E","R","T","M","M","?","$","?","R","B"],"character_chosen":"DEFECT","items_purchased":["Apotheosis","Glacier","Defragment","DollysMirror","FocusPotion","FocusPotion","Stack"],"campfire_rested":5,"item_purchase_floors":[19,19,36,36,36,47,47],"current_hp_per_floor":[60,65,65,65,65,65,37,37,37,24,24,46,34,34,34,28,64,64,64,64,62,62,50,27,27,27,27,49,49,23,14,36,41,67,66,66,66,63,57,76,70,76,76,76,72,76,76,76,76,76],"gold":0,"neow_bonus":"UPGRADE_CARD","is_prod":false,"is_daily":false,"chose_seed":false,"campfire_upgraded":3,"win_rate":0,"timestamp":1531218549,"path_taken":["M","?","?","M","M","R","E","R","T","E","M","R","M","M","R","BOSS","M","$","?","M","?","M","E","?","T","M","R","?","E","M","R","BOSS","M","?","$","M","?","R","E","R","T","M","M","?","$","?","R","BOSS"],"build_version":"2018-07-09","purchased_purges":1,"victory":true,"max_hp_per_floor":[71,76,76,76,76,76,76,76,76,76,76,76,76,76,76,76,76,76,76,76,76,76,76,76,76,76,76,76,76,76,76,76,76,76,76,76,76,76,76,76,76,76,76,76,76,76,76,76,76,76],"card_choices":[{"not_picked":["Ball Lightning","Sweeping Beam"],"picked":"Glacier","floor":1},{"not_picked":["Hologram","Self Repair"],"picked":"Streamline","floor":4},{"not_picked":["Stack","Hologram","Barrage"],"picked":"SKIP","floor":5},{"not_picked":["Blizzard","Hologram"],"picked":"Ball Lightning","floor":7},{"not_picked":["Meteor Strike","Gash"],"picked":"Leap","floor":10},{"not_picked":["Redo","Consume","Melter"],"picked":"SKIP","floor":11},{"not_picked":["Redo","Consume","Melter"],"picked":"SKIP","floor":11},{"not_picked":["Redo","Consume","Melter"],"picked":"SKIP","floor":11},{"not_picked":["Redo","Consume","Melter"],"picked":"SKIP","floor":11},{"not_picked":["Stack","Beam Cell"],"picked":"Conserve Battery","floor":12},{"not_picked":["Rebound","Reinforced Body"],"picked":"Cold Snap","floor":13},{"not_picked":["Fusion","Barrage"],"picked":"Hologram","floor":14},{"not_picked":["Meteor Strike","Fission"],"picked":"Biased Cognition","floor":16},{"not_picked":["Redo+1","White Noise","Scrape"],"picked":"SKIP","floor":18},{"not_picked":["Hologram","Stack"],"picked":"Compile Driver","floor":21},{"not_picked":["Beam Cell","Recycle+1"],"picked":"Go for the Eyes","floor":22},{"not_picked":["Lockon","Genetic Algorithm"],"picked":"Cold Snap","floor":23},{"not_picked":["Reprogram","Beam Cell","Streamline"],"picked":"SKIP","floor":24},{"not_picked":["Rip and Tear","Turbo+1"],"picked":"Steam Power","floor":27},{"not_picked":["Force Field+1","Gash"],"picked":"Blizzard","floor":28},{"not_picked":["Heatsinks","Hologram","Turbo"],"picked":"SKIP","floor":30},{"not_picked":["Rebound","Doom and Gloom"],"picked":"Coolheaded","floor":31},{"not_picked":["Darkness","Storm+1","Redo"],"picked":"SKIP","floor":35},{"not_picked":["White Noise","Steam"],"picked":"Hologram","floor":38},{"not_picked":["Rebound+1","Go for the Eyes"],"picked":"Echo Form","floor":39},{"not_picked":["Double Energy","Static Discharge"],"picked":"Capacitor+1","floor":41},{"not_picked":["Darkness","Conserve Battery"],"picked":"Cold Snap","floor":42},{"not_picked":["Gash","Heatsinks"],"picked":"FTL","floor":44},{"not_picked":["Capacitor+1","Heatsinks+1"],"picked":"Defragment+1","floor":45}],"player_experience":2094108,"relics_obtained":[{"floor":7,"key":"Dream Catcher"},{"floor":9,"key":"Omamori"},{"floor":10,"key":"Letter Opener"},{"floor":24,"key":"Dodecahedron"},{"floor":26,"key":"Anchor"},{"floor":30,"key":"Pantograph"},{"floor":41,"key":"Mummified Hand"},{"floor":43,"key":"Ancient Tea Set"},{"floor":46,"key":"Shovel"},{"floor":49,"key":"Dead Branch"}],"event_choices":[{"event_name":"Big Fish","player_choice":"Donut","floor":2,"damage_taken":0},{"event_name":"Golden Idol","player_choice":"Ignored","floor":3,"damage_taken":0},{"event_name":"Bonfire Elementals","player_choice":"BASIC","floor":20,"damage_taken":0},{"event_name":"The Joust","player_choice":"Bet on Owner","floor":25,"damage_taken":0},{"event_name":"Drug Dealer","player_choice":"Ignored","floor":29,"damage_taken":0},{"event_name":"MindBloom","player_choice":"Fight","floor":46,"damage_taken":0},{"event_name":"Tomb of Lord Red Mask","player_choice":"Paid","floor":48,"damage_taken":0}],"boss_relics":[{"not_picked":["Pandora\u0027s Box","Orrery"],"picked":"Fusion Hammer"},{"not_picked":["Eternal Feather","Empty Cage"],"picked":"Astrolabe"}],"items_purged_floors":[36],"is_endless":false,"potions_floor_spawned":[7,10,13,16,18,22,33,35,39,41,44],"ascension_level":15}