{"gold_per_floor":[113,113,128,54,71,106,106,134,134,147,158,158,177,212,212,316,366,379,304,11,11,27,60,60,86,109,109,128,128,28,60,60,157,157,171,190,190],"floor_reached":37,"playtime":2671,"items_purged":["Strike_G","Defend_G"],"score":590,"play_id":"28ea622f-37bc-4bf2-9622-0ac4184c1441","local_time":"20190222100037","is_ascension_mode":true,"campfire_choices":[{"floor":7,"key":"REST"},{"data":"Footwork","floor":12,"key":"SMITH"},{"floor":15,"key":"REST"},{"floor":24,"key":"REST"},{"floor":29,"key":"REST"},{"floor":32,"key":"REST"}],"neow_cost":"NONE","seed_source_timestamp":619887090111722,"circlet_count":0,"master_deck":["Defend_G","Defend_G","Strike_G+1","Survivor","Neutralize+1","Dagger Spray","Deadly Poison","Corpse Explosion","Bouncing Flask","Footwork+1","Noxious Fumes","Catalyst","Apotheosis","PiercingWail","Poisoned Stab+1","Quick Slash+1","Backflip+1","Catalyst","Footwork+1"],"relics":["Ring of the Snake","Centennial Puzzle","Kunai","Question Card","Blood Vial","Tiny House","Juzu Bracelet","Bottled Lightning","Regal Pillow","Whetstone","Empty Cage"],"potions_floor_usage":[6,8,8,11,14,23,25,31,33,37],"damage_taken":[{"damage":0,"enemies":"2 Louse","floor":1,"turns":2},{"damage":1,"enemies":"Jaw Worm","floor":3,"turns":3},{"damage":8,"enemies":"Small Slimes","floor":5,"turns":3},{"damage":10,"enemies":"Lagavulin","floor":6,"turns":6},{"damage":4,"enemies":"3 Sentries","floor":8,"turns":3},{"damage":1,"enemies":"2 Fungi Beasts","floor":10,"turns":3},{"damage":0,"enemies":"Lots of Slimes","floor":11,"turns":1},{"damage":0,"enemies":"Looter","floor":13,"turns":4},{"damage":29,"enemies":"Gremlin Nob","floor":14,"turns":4},{"damage":19,"enemies":"Hexaghost","floor":16,"turns":8},{"damage":8,"enemies":"Chosen","floor":18,"turns":6},{"damage":6,"enemies":"Spheric Guardian","floor":22,"turns":4},{"damage":20,"enemies":"Book of Stabbing","floor":23,"turns":5},{"damage":49,"enemies":"Slavers","floor":25,"turns":4},{"damage":15,"enemies":"Shelled Parasite and Fungi","floor":28,"turns":7},{"damage":22,"enemies":"Book of Stabbing","floor":31,"turns":6},{"damage":25,"enemies":"Champ","floor":33,"turns":7},{"damage":6,"enemies":"Orb Walker","floor":35,"turns":5},{"damage":32,"enemies":"3 Darklings","floor":36,"turns":5},{"damage":46,"enemies":"Sphere and 2 Shapes","floor":37,"turns":5}],"seed_played":"4842049630773619017","potions_obtained":[{"floor":3,"key":"SpeedPotion"},{"floor":5,"key":"EssenceOfSteel"},{"floor":6,"key":"SkillPotion"},{"floor":8,"key":"Swift Potion"},{"floor":13,"key":"Strength Potion"},{"floor":17,"key":"SkillPotion"},{"floor":22,"key":"Fire Potion"},{"floor":25,"key":"Block Potion"},{"floor":31,"key":"Swift Potion"},{"floor":36,"key":"EssenceOfSteel"}],"is_trial":false,"path_per_floor":["M","?","M","$","M","E","R","E","T","M","M","R","M","E","R","B",null,"M","?","$","?","M","E","R","E","T","?","M","R","$","E","R","B",null,"M","M","M"],"character_chosen":"THE_SILENT","items_purchased":["Corpse Explosion","Apotheosis","PiercingWail"],"campfire_rested":5,"item_purchase_floors":[4,20,20],"current_hp_per_floor":[70,56,55,55,47,37,58,54,54,53,53,53,53,24,45,28,65,59,59,59,59,55,37,59,12,12,37,24,61,61,41,75,50,69,65,35,0],"gold":190,"neow_bonus":"THREE_CARDS","is_prod":false,"is_daily":false,"chose_seed":false,"campfire_upgraded":1,"win_rate":0,"timestamp":1550826037,"path_taken":["M","?","M","$","M","E","R","E","T","M","M","R","M","E","R","BOSS","M","?","$","?","M","E","R","E","T","?","M","R","$","E","R","BOSS","M","M","M"],"build_version":"2019-01-23","purchased_purges":2,"victory":false,"max_hp_per_floor":[70,70,70,70,70,70,70,70,70,70,70,70,70,70,70,70,75,75,75,75,75,75,75,75,75,75,75,75,75,75,75,75,75,75,75,75,75],"card_choices":[{"not_picked":["Bane","Sucker Punch"],"picked":"Dagger Spray","floor":0},{"not_picked":["Predator","Setup"],"picked":"Deadly Poison","floor":1},{"not_picked":["Dagger Spray","Sucker Punch","Dodge and Roll"],"picked":"SKIP","floor":3},{"not_picked":["Expertise","Caltrops","Deflect"],"picked":"SKIP","floor":5},{"not_picked":["Cloak And Dagger","Quick Slash"],"picked":"Bouncing Flask","floor":6},{"not_picked":["Poisoned Stab","Unload"],"picked":"Footwork","floor":8},{"not_picked":["Slice","Expertise","Dagger Throw"],"picked":"Noxious Fumes","floor":10},{"not_picked":["Dash","Quick Slash","Dagger Spray","Poisoned Stab"],"picked":"SKIP","floor":11},{"not_picked":["Underhanded Strike","Distraction","Heel Hook","Blade Dance"],"picked":"SKIP","floor":13},{"not_picked":["Deadly Poison","Doppelganger","Dodge and Roll","Heel Hook"],"picked":"SKIP","floor":14},{"not_picked":["Acrobatics","Dodge and Roll+1","Flying Knee+1"],"picked":"Catalyst","floor":18},{"not_picked":["Dodge and Roll","Dash","Heel Hook","Riddle With Holes"],"picked":"SKIP","floor":22},{"not_picked":["Predator","Flying Knee","Bane","Quick Slash"],"picked":"SKIP","floor":23},{"not_picked":["After Image","Slice","PiercingWail"],"picked":"Backflip+1","floor":25},{"not_picked":["Predator+1","Deadly Poison","Acrobatics"],"picked":"Catalyst","floor":28},{"not_picked":["Tactician+1","Quick Slash+1","Bane","Outmaneuver"],"picked":"SKIP","floor":31},{"not_picked":["Catalyst","Well Laid Plans+1","Bouncing Flask"],"picked":"Footwork+1","floor":35},{"not_picked":["Terror+1","Slice","Expertise","Bane+1"],"picked":"SKIP","floor":36}],"player_experience":337580,"relics_obtained":[{"floor":6,"key":"Centennial Puzzle"},{"floor":8,"key":"Kunai"},{"floor":9,"key":"Question Card"},{"floor":14,"key":"Blood Vial"},{"floor":23,"key":"Juzu Bracelet"},{"floor":25,"key":"Bottled Lightning"},{"floor":26,"key":"Regal Pillow"},{"floor":31,"key":"Whetstone"}],"event_choices":[{"damage_healed":0,"gold_gain":0,"player_choice":"Entered Light","damage_taken":14,"max_hp_gain":0,"max_hp_loss":0,"event_name":"Shining Light","floor":2,"gold_loss":0,"cards_upgraded":["Neutralize","Strike_G"]},{"cards_removed":["Strike_G"],"damage_healed":0,"gold_gain":0,"player_choice":"Gave Gold","damage_taken":0,"max_hp_gain":0,"max_hp_loss":0,"event_name":"Beggar","floor":19,"gold_loss":75},{"damage_healed":0,"gold_gain":0,"cards_transformed":["Strike_G","Strike_G"],"player_choice":"Became Test Subject","damage_taken":0,"max_hp_gain":0,"max_hp_loss":0,"event_name":"Drug Dealer","floor":21,"gold_loss":0,"cards_obtained":["Poisoned Stab","Quick Slash"]},{"damage_healed":25,"gold_gain":0,"player_choice":"Heal","damage_taken":0,"max_hp_gain":0,"max_hp_loss":0,"event_name":"The Library","floor":27,"gold_loss":0}],"is_beta":false,"boss_relics":[{"not_picked":["White Beast Statue","WristBlade"],"picked":"Tiny House"},{"not_picked":["Fusion Hammer","Eternal Feather"],"picked":"Empty Cage"}],"items_purged_floors":[20,30],"is_endless":false,"potions_floor_spawned":[3,5,6,8,13,22,25,31,36],"killed_by":"Sphere and 2 Shapes","ascension_level":5}