{"gold_per_floor":[112,125,125,135,154,154,186,186,186,186,213,227,242,274,274,378,378,397,417,417,26,26,26,37,66,89,89,89,105,20,37,37,140,140,153,153,53,71,82,107,107,157,184,184,212,224,33,53,53,53],"floor_reached":51,"playtime":10265,"items_purged":["Strike_R","Strike_R"],"score":996,"play_id":"f382d1d0-fac8-4d63-a59e-f9162fd5e8f2","local_time":"20190224183156","is_ascension_mode":true,"campfire_choices":[{"data":"True Grit","floor":6,"key":"SMITH"},{"data":"Bash","floor":8,"key":"SMITH"},{"data":"Pommel Strike","floor":10,"key":"SMITH"},{"data":"Armaments","floor":15,"key":"SMITH"},{"data":"Barricade","floor":23,"key":"SMITH"},{"data":"Juggernaut","floor":28,"key":"SMITH"},{"floor":32,"key":"REST"},{"data":"Flame Barrier","floor":41,"key":"SMITH"},{"data":"Seeing Red","floor":44,"key":"SMITH"},{"floor":49,"key":"REST"}],"neow_cost":"NONE","seed_source_timestamp":815763442030408,"circlet_count":0,"master_deck":["Strike_R","Strike_R","Strike_R","Defend_R","Defend_R","Defend_R","Defend_R","Bash+1","True Grit+1","Ghostly Armor","Pommel Strike+1","Flame Barrier+1","Battle Trance","Uppercut+1","Barricade+1","Shrug It Off","Armaments+1","Juggernaut+1","Iron Wave+1","Body Slam+1","Iron Wave+1","Seeing Red+1","Immolate+1","Madness","Madness","Body Slam+1","Entrench+1","Entrench+1","Body Slam+1"],"relics":["Burning Blood","Blood Vial","Singing Bowl","Question Card","Molten Egg 2","Bronze Scales","Sozu","Ancient Tea Set","Vajra","Gremlin Horn","Lantern","Anchor","Velvet Choker","Boot","Turnip","Bag of Marbles","Centennial Puzzle","DollysMirror"],"potions_floor_usage":[5,7,7,11,12,14,16,20],"damage_taken":[{"damage":4,"enemies":"Jaw Worm","floor":1,"turns":4},{"damage":1,"enemies":"Cultist","floor":2,"turns":4},{"damage":5,"enemies":"2 Louse","floor":4,"turns":6},{"damage":2,"enemies":"Looter","floor":5,"turns":3},{"damage":46,"enemies":"3 Sentries","floor":7,"turns":17},{"damage":29,"enemies":"Gremlin Nob","floor":11,"turns":5},{"damage":14,"enemies":"Large Slime","floor":12,"turns":7},{"damage":9,"enemies":"3 Louse","floor":13,"turns":3},{"damage":16,"enemies":"Lagavulin","floor":14,"turns":10},{"damage":17,"enemies":"Slime Boss","floor":16,"turns":10},{"damage":2,"enemies":"Chosen","floor":18,"turns":4},{"damage":6,"enemies":"Shell Parasite","floor":19,"turns":4},{"damage":18,"enemies":"Colosseum Slavers","floor":20,"turns":5},{"damage":23,"enemies":"Snecko","floor":24,"turns":6},{"damage":40,"enemies":"Slavers","floor":25,"turns":5},{"damage":20,"enemies":"Sentry and Sphere","floor":29,"turns":4},{"damage":2,"enemies":"Centurion and Healer","floor":31,"turns":6},{"damage":10,"enemies":"Automaton","floor":33,"turns":8},{"damage":0,"enemies":"Orb Walker","floor":35,"turns":4},{"damage":22,"enemies":"3 Darklings","floor":38,"turns":3},{"damage":15,"enemies":"Spire Growth","floor":39,"turns":5},{"damage":0,"enemies":"Giant Head","floor":40,"turns":7},{"damage":30,"enemies":"2 Orb Walkers","floor":42,"turns":5},{"damage":36,"enemies":"Reptomancer","floor":45,"turns":5},{"damage":0,"enemies":"Jaw Worm Horde","floor":46,"turns":1},{"damage":0,"enemies":"Maw","floor":48,"turns":4},{"damage":2,"enemies":"Awakened One","floor":50,"turns":10}],"seed_played":"5307999720808014732","potions_obtained":[{"floor":1,"key":"Energy Potion"},{"floor":3,"key":"BloodPotion"},{"floor":3,"key":"Regen Potion"},{"floor":5,"key":"Block Potion"},{"floor":7,"key":"PowerPotion"},{"floor":11,"key":"SkillPotion"},{"floor":14,"key":"PowerPotion"},{"floor":16,"key":"Energy Potion"}],"is_trial":false,"path_per_floor":["M","M","?","M","M","R","E","R","T","R","E","M","M","E","R","B",null,"M","M","?","$","?","R","M","E","T","?","R","M","?","M","R","B",null,"M","?","$","M","M","E","R","?","T","R","E","M","$","M","R","B",null],"character_chosen":"IRONCLAD","items_purchased":["Ancient Tea Set","Vajra","Iron Wave+1","DollysMirror"],"campfire_rested":2,"item_purchase_floors":[21,21,21,47],"current_hp_per_floor":[76,80,80,80,80,80,48,48,48,48,27,36,35,27,27,18,65,73,77,67,67,67,67,54,22,22,22,22,10,10,16,41,39,74,84,73,73,61,56,66,66,46,46,46,18,26,26,34,62,68],"gold":53,"neow_bonus":"RANDOM_COMMON_RELIC","is_prod":false,"is_daily":false,"chose_seed":false,"campfire_upgraded":8,"win_rate":0,"timestamp":1551029516,"path_taken":["M","M","?","M","M","R","E","R","T","R","E","M","M","E","R","BOSS","M","?","?","$","?","R","M","E","T","?","R","M","?","M","R","BOSS","M","?","$","M","M","E","R","?","T","R","E","M","$","M","R","BOSS"],"build_version":"2019-01-23","purchased_purges":2,"victory":true,"max_hp_per_floor":[80,80,80,80,80,80,80,80,80,80,80,80,80,80,80,80,80,82,84,84,84,84,84,86,86,86,86,86,86,86,86,86,86,86,88,88,88,90,92,94,94,96,96,96,96,96,96,96,96,96],"card_choices":[{"not_picked":["Sword Boomerang","Rage"],"picked":"True Grit","floor":1},{"not_picked":["Hemokinesis","Rupture"],"picked":"Ghostly Armor","floor":2},{"not_picked":["Corruption","Rage"],"picked":"Pommel Strike","floor":4},{"not_picked":["Hemokinesis","Iron Wave"],"picked":"Flame Barrier","floor":5},{"not_picked":["Armaments","Rupture"],"picked":"Battle Trance","floor":7},{"not_picked":["Wild Strike","Flex","Sword Boomerang"],"picked":"Uppercut","floor":11},{"not_picked":["Anger+1","Clothesline+1","Ghostly Armor"],"picked":"Barricade","floor":12},{"not_picked":["Thunderclap+1","Iron Wave+1","Warcry"],"picked":"Shrug It Off","floor":13},{"not_picked":["True Grit","Heavy Blade+1","Infernal Blade"],"picked":"Armaments","floor":14},{"not_picked":["Reaper+1","Brutality","Bludgeon+1"],"picked":"Juggernaut","floor":16},{"not_picked":["Twin Strike+1","Clothesline+1","Rampage+1","Thunderclap+1"],"picked":"Singing Bowl","floor":18},{"not_picked":["Fire Breathing","Pummel+1","Battle Trance","Shrug It Off"],"picked":"Singing Bowl","floor":19},{"not_picked":["Second Wind+1","Sword Boomerang+1","Dual Wield","Infernal Blade"],"picked":"Singing Bowl","floor":24},{"not_picked":["Pummel+1","Anger+1","Searing Blow+1"],"picked":"Body Slam+1","floor":25},{"not_picked":["Rupture","Perfected Strike+1","Cleave+1"],"picked":"Iron Wave+1","floor":29},{"not_picked":["Wild Strike+1","Inflame","Headbutt+1"],"picked":"Seeing Red","floor":31},{"not_picked":["Feed+1","Brutality","Fiend Fire+1"],"picked":"Immolate+1","floor":33},{"not_picked":["Perfected Strike+1","Shrug It Off+1","Armaments+1","Carnage+1"],"picked":"Singing Bowl","floor":35},{"not_picked":["Reckless Charge+1","Sword Boomerang+1","Corruption+1","Wild Strike+1"],"picked":"Singing Bowl","floor":38},{"not_picked":["Fiend Fire+1","Dropkick+1","Rupture+1","Reckless Charge+1"],"picked":"Singing Bowl","floor":39},{"not_picked":["Clothesline+1","Combust","Sword Boomerang+1","Pummel+1"],"picked":"Singing Bowl","floor":40},{"not_picked":["Uppercut+1","Headbutt+1","Armaments","Heavy Blade+1"],"picked":"Singing Bowl","floor":42},{"not_picked":["Battle Trance+1","Second Wind+1","Clash+1"],"picked":"Body Slam+1","floor":45},{"not_picked":["Uppercut+1","Rage","Perfected Strike+1"],"picked":"Entrench+1","floor":46},{"not_picked":["Heavy Blade+1","Power Through","Reckless Charge+1"],"picked":"Body Slam+1","floor":48}],"player_experience":442436,"relics_obtained":[{"floor":7,"key":"Singing Bowl"},{"floor":9,"key":"Question Card"},{"floor":11,"key":"Molten Egg 2"},{"floor":14,"key":"Bronze Scales"},{"floor":25,"key":"Gremlin Horn"},{"floor":26,"key":"Lantern"},{"floor":40,"key":"Boot"},{"floor":42,"key":"Turnip"},{"floor":43,"key":"Bag of Marbles"},{"floor":45,"key":"Centennial Puzzle"}],"event_choices":[{"damage_healed":0,"gold_gain":0,"player_choice":"Got Potions","damage_taken":0,"max_hp_gain":0,"max_hp_loss":0,"event_name":"Lab","floor":3,"gold_loss":0},{"damage_healed":0,"gold_gain":0,"player_choice":"Fight","damage_taken":0,"max_hp_gain":0,"max_hp_loss":0,"event_name":"Colosseum","floor":20,"gold_loss":0},{"damage_healed":0,"gold_gain":0,"player_choice":"Fled From Nobs","damage_taken":0,"max_hp_gain":0,"max_hp_loss":0,"event_name":"Colosseum","floor":20,"gold_loss":0},{"damage_healed":0,"gold_gain":0,"player_choice":"Ignored","damage_taken":0,"max_hp_gain":0,"max_hp_loss":0,"event_name":"The Mausoleum","floor":22,"gold_loss":0},{"damage_healed":0,"gold_gain":0,"player_choice":"Ignored","damage_taken":0,"max_hp_gain":0,"max_hp_loss":0,"event_name":"Ghosts","floor":27,"gold_loss":0},{"damage_healed":0,"gold_gain":0,"player_choice":"Obtained Relic","damage_taken":0,"relics_obtained":["Anchor"],"max_hp_gain":0,"max_hp_loss":0,"event_name":"Addict","floor":30,"gold_loss":85},{"damage_healed":0,"gold_gain":0,"player_choice":"Embrace Madness","damage_taken":11,"max_hp_gain":0,"max_hp_loss":0,"event_name":"Winding Halls","floor":36,"gold_loss":0,"cards_obtained":["Madness","Madness"]},{"damage_healed":0,"gold_gain":0,"player_choice":"Fight","damage_taken":0,"max_hp_gain":0,"max_hp_loss":0,"event_name":"Mysterious Sphere","floor":42,"gold_loss":0}],"is_beta":false,"boss_relics":[{"not_picked":["White Beast Statue","Eternal Feather"],"picked":"Sozu"},{"not_picked":["Astrolabe","Black Star"],"picked":"Velvet Choker"}],"items_purged_floors":[21,37],"is_endless":false,"potions_floor_spawned":[1,5,7,11,14,16,20,24,29,31,40,42,45,46],"ascension_level":6}