{"path_per_floor":["M","?","?","M","M","R","M","R","T","M","M","R","?","M","R","B",null,"M","?","M","?","M","R","E","$","T","M","R","?","R","M","R","B",null,"M","?","?","M","M","R","M","M","T","M","?","M","R","M","R","B"],"character_chosen":"IRONCLAD","items_purchased":["Ice Cream","Headbutt"],"gold_per_floor":[117,117,292,311,325,325,335,335,335,345,357,357,357,372,372,473,473,428,428,428,428,428,428,428,3,3,3,3,3,3,3,3,3,3,3,3,0,0,0,0,0,0,0,0,0,0,0,0,0,0],"floor_reached":51,"campfire_rested":0,"playtime":3992,"current_hp_per_floor":[80,77,77,80,77,77,79,79,79,71,71,71,71,76,76,36,80,80,80,75,75,63,63,66,66,66,67,67,67,67,76,76,80,80,80,80,80,80,80,80,73,80,80,67,67,75,75,80,80,32],"items_purged":["Strike_R"],"gold":0,"score":615,"play_id":"e1617290-e168-497a-b042-8ff3b2857659","local_time":"20180311180732","is_prod":false,"is_daily":false,"is_ascension_mode":false,"campfire_upgraded":11,"timestamp":1520816852,"path_taken":["M","?","?","M","M","R","M","R","T","M","?","R","?","M","R","BOSS","M","?","M","?","M","R","E","$","T","M","R","?","R","M","R","BOSS","M","?","?","M","M","R","M","M","T","M","?","M","R","M","R","BOSS"],"build_version":"2018-03-09","purchased_purges":2,"victory":true,"master_deck":["Strike_R","Strike_R","Defend_R","Defend_R","Defend_R","Defend_R","Bash+1","Rampage+1","Shrug It Off+1","Shrug It Off+1","Shockwave+1","Evolve+1","Barricade+1","Metallicize+1","Disarm+1","Power Through+1","Headbutt","Headbutt","Cleave+1","Body Slam","Uppercut+1","Clothesline+1","Disarm","True Grit+1","Headbutt+1","Metallicize+1","Havoc+1","Body Slam+1","Ghostly Armor","Disarm+1"],"max_hp_per_floor":[80,80,80,80,80,80,80,80,80,80,80,80,80,80,80,80,80,80,80,80,80,80,80,80,80,80,80,80,80,80,80,80,80,80,80,80,80,80,80,80,80,80,80,80,80,80,80,80,80,80],"relics":["Burning Blood","Frozen Eye","Magic Flower","Ectoplasm","Ancient Tea Set","Dodecahedron","Ice Cream","Anchor","Orrery","Red Mask","Gambling Chip"],"card_choices":[{"not_picked":["True Grit","Entrench"],"picked":"Pommel Strike"},{"not_picked":["Perfected Strike","Sword Boomerang"],"picked":"Rampage"},{"not_picked":["Thunderclap","Corruption"],"picked":"Shrug It Off"},{"not_picked":["Thunderclap","Brutality"],"picked":"Shrug It Off"},{"not_picked":["Whirlwind","Thunderclap"],"picked":"Shockwave"},{"not_picked":["Wild Strike","Whirlwind"],"picked":"Evolve"},{"not_picked":["Juggernaut","Demon Form"],"picked":"Barricade"},{"not_picked":["Armaments","Intimidate"],"picked":"Metallicize"},{"not_picked":["Rampage","Whirlwind"],"picked":"Disarm"},{"not_picked":["Reckless Charge","Flame Barrier"],"picked":"Power Through"},{"not_picked":["Bludgeon","Dual Wield"],"picked":"Headbutt"},{"not_picked":["Shrug It Off","Twin Strike"],"picked":"Cleave"},{"not_picked":["Perfected Strike","True Grit"],"picked":"Body Slam"},{"not_picked":["Spot Weakness","Rupture"],"picked":"Uppercut"},{"not_picked":["Twin Strike","Evolve"],"picked":"Clothesline"},{"not_picked":["Hemokinesis","Whirlwind"],"picked":"Disarm"},{"not_picked":["Flame Barrier","Warcry"],"picked":"True Grit"},{"not_picked":["Double Tap","Wild Strike"],"picked":"Headbutt"},{"not_picked":["Flex","Pommel Strike"],"picked":"Metallicize"},{"not_picked":["Thunderclap","Bloodletting"],"picked":"Havoc"},{"not_picked":["True Grit","Sword Boomerang"],"picked":"Body Slam"},{"not_picked":["Body Slam","Demon Form"],"picked":"Ghostly Armor"},{"not_picked":["Feel No Pain","Twin Strike"],"picked":"Disarm"}],"player_experience":202749,"potions_floor_usage":[16,18,33,50,50,50],"damage_taken":[{"damage":2,"enemies":"2 Louse","floor":1,"turns":3},{"damage":2,"enemies":"Small Slimes","floor":4,"turns":4},{"damage":9,"enemies":"Jaw Worm","floor":5,"turns":4},{"damage":4,"enemies":"2 Fungi Beasts","floor":7,"turns":4},{"damage":17,"enemies":"Exordium Thugs","floor":10,"turns":9},{"damage":9,"enemies":"Large Slime","floor":11,"turns":8},{"damage":4,"enemies":"Looter","floor":14,"turns":3},{"damage":49,"enemies":"Hexaghost","floor":16,"turns":10},{"damage":8,"enemies":"2 Thieves","floor":18,"turns":4},{"damage":14,"enemies":"Chosen","floor":20,"turns":9},{"damage":21,"enemies":"Slaver and Parasite","floor":22,"turns":8},{"damage":6,"enemies":"Gremlin Leader","floor":24,"turns":10},{"damage":8,"enemies":"Centurion and Healer","floor":27,"turns":6},{"damage":0,"enemies":"Snake Plant","floor":31,"turns":5},{"damage":4,"enemies":"Collector","floor":33,"turns":10},{"damage":0,"enemies":"Orb Walker","floor":35,"turns":4},{"damage":6,"enemies":"3 Darklings","floor":38,"turns":7},{"damage":0,"enemies":"Sphere and 2 Shapes","floor":39,"turns":5},{"damage":16,"enemies":"4 Shapes","floor":41,"turns":7},{"damage":0,"enemies":"Maw","floor":42,"turns":10},{"damage":22,"enemies":"Sphere and 2 Shapes","floor":44,"turns":7},{"damage":1,"enemies":"4 Shapes","floor":46,"turns":6},{"damage":0,"enemies":"Maw","floor":48,"turns":7},{"damage":57,"enemies":"Donu and Deca","floor":50,"turns":12}],"event_choices":[{"event_name":"Scrap Ooze","player_choice":"success","floor":2,"damage_taken":3},{"event_name":"Liars Game","player_choice":"agreed","floor":3,"damage_taken":0},{"event_name":"Living Wall","player_choice":"Forget","floor":13,"damage_taken":0},{"event_name":"The Mausoleum","player_choice":"Yes","floor":19,"damage_taken":0},{"event_name":"Bonfire Elementals","player_choice":"BASIC","floor":21,"damage_taken":0},{"event_name":"Purifier","player_choice":"One Purge","floor":29,"damage_taken":0},{"event_name":"Tomb of Lord Red Mask","player_choice":"Paid","floor":37,"damage_taken":0},{"event_name":"Mysterious Sphere","player_choice":"Ignore","floor":45,"damage_taken":0}],"boss_relics":[{"not_picked":["Runic Pyramid","Runic Dome"],"picked":"Ectoplasm"},{"not_picked":["White Beast Statue","Black Star"],"picked":"Orrery"}],"potions_floor_spawned":[5,7,10,14,27,31,33,35,39,42,46,48],"seed_played":"4832503584629505918","ascension_level":0,"is_trial":false}