{"gold_per_floor":[112,112,13,30,42,42,69,69,69,69,103,103,103],"floor_reached":13,"playtime":376,"items_purged":[],"score":132,"play_id":"e88b5237-f474-4ba2-bef9-636f5e92f2ba","local_time":"20190225232235","is_ascension_mode":true,"campfire_choices":[{"data":"Inflame","floor":6,"key":"SMITH"},{"data":"Whirlwind","floor":8,"key":"SMITH"},{"data":"Metallicize","floor":12,"key":"SMITH"}],"neow_cost":"NONE","seed_source_timestamp":929512357768192,"circlet_count":0,"master_deck":["Strike_R","Strike_R","Strike_R","Defend_R","Defend_R","Defend_R","Defend_R","Bash","Inflame+1","Headbutt","Whirlwind+1","Shrug It Off","Feel No Pain","Immolate","Metallicize+1"],"relics":["Burning Blood","Prayer Wheel","Kunai","Potion Belt"],"potions_floor_usage":[7,11,13],"damage_taken":[{"damage":9,"enemies":"2 Louse","floor":1,"turns":3},{"damage":5,"enemies":"Cultist","floor":4,"turns":5},{"damage":16,"enemies":"Jaw Worm","floor":5,"turns":5},{"damage":24,"enemies":"Gremlin Nob","floor":7,"turns":4},{"damage":29,"enemies":"Lagavulin","floor":11,"turns":7},{"damage":28,"enemies":"Gremlin Nob","floor":13,"turns":3}],"seed_played":"-6525781018762138833","potions_obtained":[{"floor":5,"key":"Swift Potion"},{"floor":7,"key":"SpeedPotion"},{"floor":11,"key":"Energy Potion"}],"is_trial":false,"path_per_floor":["M","?","$","M","M","R","E","R","T","$","E","R","E"],"character_chosen":"IRONCLAD","items_purchased":["Whirlwind","Shrug It Off"],"campfire_rested":0,"item_purchase_floors":[3,3],"current_hp_per_floor":[69,69,69,70,60,60,42,42,42,42,19,19,0],"gold":103,"neow_bonus":"TRANSFORM_CARD","is_prod":false,"is_daily":false,"chose_seed":false,"campfire_upgraded":3,"win_rate":0,"timestamp":1551133355,"path_taken":["M","?","$","M","M","R","E","R","T","?","E","R","E"],"build_version":"2019-01-23","purchased_purges":0,"victory":false,"max_hp_per_floor":[80,80,80,80,80,80,80,80,80,80,80,80,80],"card_choices":[{"not_picked":["Body Slam","Flex"],"picked":"Headbutt","floor":1},{"not_picked":["Shrug It Off","Spot Weakness"],"picked":"Feel No Pain","floor":4},{"not_picked":["Sword Boomerang","Pummel","Thunderclap"],"picked":"SKIP","floor":5},{"not_picked":["Thunderclap","Body Slam"],"picked":"Immolate","floor":7},{"not_picked":["Iron Wave","Body Slam"],"picked":"Metallicize","floor":11}],"player_experience":528762,"relics_obtained":[{"floor":7,"key":"Prayer Wheel"},{"floor":9,"key":"Kunai"},{"floor":11,"key":"Potion Belt"}],"event_choices":[{"cards_removed":["Strike_R"],"damage_healed":0,"gold_gain":0,"player_choice":"Offered Basic","damage_taken":0,"max_hp_gain":0,"max_hp_loss":0,"event_name":"Bonfire Elementals","floor":2,"gold_loss":0}],"is_beta":false,"boss_relics":[],"items_purged_floors":[],"is_endless":false,"potions_floor_spawned":[5,7,11],"killed_by":"Gremlin Nob","ascension_level":9}