{"gold_per_floor":[111,261,261,275,37,81,93,145,182,194,206,233,245,277,289,301],"floor_reached":16,"playtime":731,"items_purged":["Doubt"],"score":198,"play_id":"5916698b-11a0-4abc-b004-8627152f37b9","local_time":"20190225210329","is_ascension_mode":true,"campfire_choices":[{"floor":7,"key":"REST"},{"floor":10,"key":"REST"},{"floor":15,"key":"DIG"}],"neow_cost":"NONE","seed_source_timestamp":19817711702922,"circlet_count":0,"master_deck":["AscendersBane","Defend_G","Defend_G","Defend_G","Defend_G","Defend_G","Strike_G","Strike_G","Strike_G","Strike_G","Survivor","Neutralize","Infinite Blades","Poisoned Stab","Dagger Throw","Noxious Fumes","A Thousand Cuts","Acrobatics","Deadly Poison"],"relics":["Ring of the Snake","Golden Idol","MawBank","Shovel","Potion Belt","Meat on the Bone","Mercury Hourglass"],"potions_floor_usage":[6,13],"damage_taken":[{"damage":9,"enemies":"2 Louse","floor":1,"turns":5},{"damage":4,"enemies":"Jaw Worm","floor":4,"turns":4},{"damage":20,"enemies":"Lagavulin","floor":6,"turns":8},{"damage":40,"enemies":"Gremlin Nob","floor":8,"turns":5},{"damage":6,"enemies":"Cultist","floor":12,"turns":4},{"damage":0,"enemies":"Exordium Wildlife","floor":13,"turns":2},{"damage":0,"enemies":"Large Slime","floor":14,"turns":5},{"damage":40,"enemies":"The Guardian","floor":16,"turns":4}],"seed_played":"-7178383306545299270","potions_obtained":[{"floor":4,"key":"SmokeBomb"},{"floor":12,"key":"SteroidPotion"}],"is_trial":false,"path_per_floor":["M","?","?","M","$","E","R","E","T","R","T","M","M","M","R","B"],"character_chosen":"THE_SILENT","items_purchased":["GhostInAJar","Noxious Fumes"],"campfire_rested":2,"item_purchase_floors":[5,5],"current_hp_per_floor":[50,50,50,46,46,26,44,4,4,22,22,28,40,40,40,0],"gold":301,"neow_bonus":"TRANSFORM_CARD","is_prod":false,"is_daily":false,"chose_seed":false,"campfire_upgraded":0,"win_rate":0,"timestamp":1551146609,"path_taken":["M","?","?","M","$","E","R","E","T","R","?","M","M","?","R","BOSS"],"build_version":"2019-01-23","purchased_purges":1,"victory":false,"max_hp_per_floor":[66,66,60,60,60,60,60,60,60,60,60,60,60,60,60,60],"card_choices":[{"not_picked":["Flying Knee","PiercingWail"],"picked":"Poisoned Stab","floor":1},{"not_picked":["Infinite Blades","Underhanded Strike"],"picked":"Dagger Throw","floor":4},{"not_picked":["Poisoned Stab","Dagger Spray"],"picked":"A Thousand Cuts","floor":6},{"not_picked":["Dagger Spray","Dash","Slice"],"picked":"SKIP","floor":8},{"not_picked":["Quick Slash","Sucker Punch"],"picked":"Acrobatics","floor":12},{"not_picked":["Outmaneuver","Setup"],"picked":"Deadly Poison","floor":14}],"player_experience":551960,"relics_obtained":[{"floor":6,"key":"MawBank"},{"floor":8,"key":"Shovel"},{"floor":9,"key":"Potion Belt"},{"floor":11,"key":"Meat on the Bone"},{"floor":15,"key":"Mercury Hourglass"}],"event_choices":[{"damage_healed":0,"gold_gain":150,"player_choice":"AGREE","damage_taken":0,"max_hp_gain":0,"max_hp_loss":0,"event_name":"Liars Game","floor":2,"gold_loss":0,"cards_obtained":["Doubt"]},{"damage_healed":0,"gold_gain":0,"player_choice":"Lose Max HP","damage_taken":0,"relics_obtained":["Golden Idol"],"max_hp_gain":0,"max_hp_loss":6,"event_name":"Golden Idol","floor":3,"gold_loss":0}],"is_beta":false,"boss_relics":[],"items_purged_floors":[5],"is_endless":false,"potions_floor_spawned":[4,12,13],"killed_by":"The Guardian","ascension_level":16}