{"gold_per_floor":[111,122,134,151,170,170,42,42,42,42,12,46,66,81,81,177,177,187,187,202,202,217,217],"floor_reached":23,"playtime":6367,"items_purged":["Strike_R"],"score":195,"play_id":"29d52464-1f65-4ea2-be9f-397796089bc9","local_time":"20190216220648","is_ascension_mode":false,"campfire_choices":[{"data":"Clothesline","floor":6,"key":"SMITH"},{"data":"Bash","floor":8,"key":"SMITH"},{"data":"Shrug It Off","floor":15,"key":"SMITH"}],"neow_cost":"NONE","seed_source_timestamp":141363468569729,"circlet_count":0,"master_deck":["Strike_R","Strike_R","Strike_R","Defend_R","Defend_R","Defend_R","Defend_R","Bash+1","Clothesline+1","Headbutt","Rage","Shrug It Off+1","Perfected Strike+1","Headbutt+1","Whirlwind+1","Demon Form","Infernal Blade"],"relics":["Burning Blood","Molten Egg 2","Ornamental Fan","Mark of Pain","MutagenicStrength"],"potions_floor_usage":[16,20,23,23,23],"damage_taken":[{"damage":0,"enemies":"Cultist","floor":1,"turns":3},{"damage":0,"enemies":"Small Slimes","floor":2,"turns":4},{"damage":8,"enemies":"Jaw Worm","floor":3,"turns":4},{"damage":4,"enemies":"Red Slaver","floor":4,"turns":5},{"damage":20,"enemies":"Gremlin Gang","floor":5,"turns":6},{"damage":2,"enemies":"Looter","floor":11,"turns":4},{"damage":14,"enemies":"Gremlin Nob","floor":12,"turns":4},{"damage":0,"enemies":"3 Louse","floor":13,"turns":5},{"damage":0,"enemies":"2 Fungi Beasts","floor":14,"turns":3},{"damage":58,"enemies":"Slime Boss","floor":16,"turns":12},{"damage":14,"enemies":"Chosen","floor":18,"turns":5},{"damage":15,"enemies":"2 Thieves","floor":20,"turns":4},{"damage":18,"enemies":"Snake Plant","floor":22,"turns":4},{"damage":39,"enemies":"Gremlin Leader","floor":23,"turns":2}],"seed_played":"7964621099915853218","potions_obtained":[{"floor":2,"key":"GamblersBrew"},{"floor":14,"key":"BloodPotion"},{"floor":16,"key":"SteroidPotion"},{"floor":20,"key":"PowerPotion"},{"floor":22,"key":"GamblersBrew"}],"is_trial":false,"path_per_floor":["M","M","M","M","M","R","$","R","T","$","M","E","M","M","R","B",null,"M","?","M","?","M","E"],"character_chosen":"IRONCLAD","items_purchased":["Shrug It Off"],"campfire_rested":0,"item_purchase_floors":[7],"current_hp_per_floor":[80,80,78,80,66,66,66,66,66,66,70,62,68,74,74,30,80,72,57,48,48,36,0],"gold":217,"neow_bonus":"TRANSFORM_CARD","is_prod":false,"is_daily":false,"chose_seed":false,"campfire_upgraded":3,"win_rate":0.0,"timestamp":1550351208,"path_taken":["M","M","M","M","M","R","$","R","T","$","M","E","M","M","R","BOSS","M","?","M","?","M","E"],"build_version":"2019-01-23","purchased_purges":1,"victory":false,"max_hp_per_floor":[80,80,80,80,80,80,80,80,80,80,80,80,80,80,80,80,80,80,85,85,85,85,85],"card_choices":[{"not_picked":["Warcry","Twin Strike","Power Through"],"picked":"SKIP","floor":1},{"not_picked":["Rupture","Flame Barrier"],"picked":"Headbutt","floor":2},{"not_picked":["Ghostly Armor","Battle Trance","Twin Strike"],"picked":"SKIP","floor":3},{"not_picked":["Flex","Headbutt","Anger"],"picked":"SKIP","floor":4},{"not_picked":["Body Slam","Flex"],"picked":"Rage","floor":5},{"not_picked":["True Grit","Feel No Pain"],"picked":"Perfected Strike+1","floor":11},{"not_picked":["Dropkick+1","Metallicize"],"picked":"Headbutt+1","floor":12},{"not_picked":["Shrug It Off","True Grit"],"picked":"Whirlwind+1","floor":13},{"not_picked":["Carnage+1","True Grit","Anger+1"],"picked":"SKIP","floor":14},{"not_picked":["Reaper+1","Berserk"],"picked":"Demon Form","floor":16},{"not_picked":["Cleave+1","Inflame+1","Headbutt+1"],"picked":"SKIP","floor":18},{"not_picked":["Sword Boomerang+1","Clothesline+1","Intimidate"],"picked":"SKIP","floor":20},{"not_picked":["Shrug It Off","Cleave+1"],"picked":"Infernal Blade","floor":22}],"player_experience":20932,"relics_obtained":[{"floor":9,"key":"Molten Egg 2"},{"floor":12,"key":"Ornamental Fan"}],"event_choices":[{"damage_healed":0,"gold_gain":0,"player_choice":"Shed Blood","damage_taken":20,"max_hp_gain":5,"max_hp_loss":0,"event_name":"Forgotten Altar","floor":19,"gold_loss":0},{"damage_healed":0,"gold_gain":0,"player_choice":"Inject Mutagens","damage_taken":0,"relics_obtained":["MutagenicStrength"],"max_hp_gain":0,"max_hp_loss":0,"event_name":"Drug Dealer","floor":21,"gold_loss":0}],"is_beta":false,"boss_relics":[{"not_picked":["Coffee Dripper","Ectoplasm"],"picked":"Mark of Pain"}],"items_purged_floors":[7],"is_endless":false,"potions_floor_spawned":[2,14,16,20,22],"killed_by":"Gremlin Leader","ascension_level":0}