{"path_per_floor":["M","M","M","$","?","E","M","E","T","E","R","M","?","E","R","B",null,"M","M","T","M","?","E","M","?","T","M","$","?","R","E","R"],"character_chosen":"THE_SILENT","items_purchased":["Lantern","Singing Bowl"],"gold_per_floor":[109,127,140,65,15,49,64,96,96,131,131,148,148,175,175,248,248,268,285,308,319,319,345,362,397,420,440,29,29,29,61,61],"floor_reached":33,"campfire_rested":2,"playtime":4478,"current_hp_per_floor":[57,57,56,56,56,45,42,34,44,38,38,38,38,37,37,3,61,61,61,61,61,61,39,30,24,24,13,13,13,37,8,32],"items_purged":["Parasite","Strike_G"],"gold":61,"score":551,"play_id":"2fdcd056-5c8c-4ec3-b7a4-48e3ddb8d31a","is_prod":false,"is_daily":false,"is_ascension_mode":true,"campfire_upgraded":2,"path_taken":["M","M","M","$","?","E","M","E","T","E","R","M","?","E","R","BOSS","M","?","?","M","?","E","M","?","T","M","$","?","R","E","R","BOSS"],"build_version":"2018-02-16-BETA2","purchased_purges":2,"victory":false,"master_deck":["Defend_G","Defend_G","Defend_G","Defend_G","Strike_G+1","Strike_G","Strike_G","Strike_G+1","Survivor","Neutralize+1","Flying Knee","Skewer+1","Slice","Flying Knee","PiercingWail","PiercingWail","Well Laid Plans","Phantasmal Killer","Blur","Leg Sweep","Calculated Gamble","Neutralize+1","Terror","Cloak And Dagger","Tools of the Trade","Reflex+1"],"max_hp_per_floor":[66,66,66,63,63,63,63,63,73,73,73,73,73,80,80,80,80,80,80,80,80,80,80,80,80,80,80,80,80,80,80,80],"relics":["Ring of the Snake","Oddly Smooth Stone","Pen Nib","Pear","Art of War","Strawberry","Sozu","Whetstone","Orichalcum","Red Mask","Bag of Preparation","Lantern","Singing Bowl","Omamori"],"card_choices":[{"not_picked":["Dagger Spray","Sucker Punch"],"picked":"Flying Knee"},{"not_picked":["Infinite Blades","Prepared"],"picked":"Skewer"},{"not_picked":["Dodge and Roll","Deflect"],"picked":"Slice"},{"not_picked":["Quick Slash","Poisoned Stab"],"picked":"Flying Knee"},{"not_picked":["Deflect","Bullet Time"],"picked":"PiercingWail"},{"not_picked":["Flechettes","Dagger Spray"],"picked":"PiercingWail"},{"not_picked":["Dodge and Roll","Underhanded Strike"],"picked":"Well Laid Plans"},{"not_picked":["Burst","Storm of Steel"],"picked":"Phantasmal Killer"},{"not_picked":["Prepared","Poisoned Stab"],"picked":"Blur"},{"not_picked":["Backstab","Prepared"],"picked":"Leg Sweep"},{"not_picked":["Predator","Dagger Spray"],"picked":"Calculated Gamble"},{"not_picked":["Masterful Stab","Dagger Spray"],"picked":"Terror"},{"not_picked":["Flying Knee","Prepared"],"picked":"Cloak And Dagger"},{"not_picked":["Distraction","Grand Finale"],"picked":"Reflex"}],"player_experience":701736,"potions_floor_usage":[6,6,8,8,10,16,16],"damage_taken":[{"damage":2,"enemies":"Jaw Worm","floor":1,"turns":5},{"damage":0,"enemies":"2 Louse","floor":2,"turns":3},{"damage":1,"enemies":"Small Slimes","floor":3,"turns":3},{"damage":23,"enemies":"Lagavulin","floor":6,"turns":6},{"damage":3,"enemies":"2 Fungi Beasts","floor":7,"turns":3},{"damage":8,"enemies":"Gremlin Nob","floor":8,"turns":3},{"damage":6,"enemies":"3 Sentries","floor":10,"turns":6},{"damage":0,"enemies":"Gremlin Gang","floor":12,"turns":5},{"damage":8,"enemies":"Lagavulin","floor":14,"turns":8},{"damage":34,"enemies":"Slime Boss","floor":16,"turns":12},{"damage":0,"enemies":"Chosen","floor":18,"turns":3},{"damage":0,"enemies":"3 Byrds","floor":19,"turns":8},{"damage":0,"enemies":"Sentry and Sphere","floor":21,"turns":3},{"damage":22,"enemies":"Slavers","floor":23,"turns":9},{"damage":9,"enemies":"Centurion and Healer","floor":24,"turns":6},{"damage":6,"enemies":"Masked Bandits","floor":25,"turns":3},{"damage":11,"enemies":"Slaver and Parasite","floor":27,"turns":7},{"damage":29,"enemies":"Gremlin Leader","floor":31,"turns":8},{"damage":32,"enemies":"Collector","floor":33,"turns":9}],"event_choices":[{"event_name":"The Cleric","player_choice":"Card Removal","floor":5,"damage_taken":0},{"event_name":"Liars Game","player_choice":"disagreed","floor":13,"damage_taken":0},{"event_name":"Duplicator","player_choice":"One dupe","floor":22,"damage_taken":0},{"event_name":"The Library","player_choice":"Read","floor":29,"damage_taken":0}],"boss_relics":[{"not_picked":["Runic Dome","Question Card"],"picked":"Sozu"}],"potions_floor_spawned":[3,6,7,8,12,23,24,27,31],"seed_played":"4556182710566493880","killed_by":"Collector","ascension_level":15,"is_trial":false}