{"gold_per_floor":[361,375,386,397,122,154,154,179,179,192,192,12,12,25,25,130,130,146,165,184,14,14],"floor_reached":22,"playtime":1007,"items_purged":["Strike_G","Strike_G"],"score":359,"play_id":"f34fcfc1-89bb-4c2c-b83e-f70e6ec1ce8c","local_time":"20190226123512","is_ascension_mode":true,"campfire_choices":[{"data":"Noxious Fumes","floor":7,"key":"SMITH"},{"floor":15,"key":"REST"}],"neow_cost":"CURSE","seed_source_timestamp":0,"circlet_count":0,"master_deck":["AscendersBane","Defend_G","Defend_G","Defend_G","Defend_G","Defend_G","Strike_G","Strike_G","Strike_G","Survivor","Neutralize","Noxious Fumes+1","Backstab","Bane","Bane","Cloak And Dagger","Cloak And Dagger","Cloak And Dagger","Deadly Poison","Footwork","After Image","Backflip","Cloak And Dagger","Blade Dance+1","Backflip+1","Noxious Fumes"],"special_seed":0,"relics":["Ring of the Snake","Snake Skull","Bag of Marbles","Blue Candle","Bottled Flame","Spirit Poop","Oddly Smooth Stone","Darkstone Periapt","Orrery"],"potions_floor_usage":[6,6,8,8,16,19,20],"damage_taken":[{"damage":1,"enemies":"Jaw Worm","floor":1,"turns":6},{"damage":10,"enemies":"Cultist","floor":2,"turns":5},{"damage":6,"enemies":"Small Slimes","floor":3,"turns":4},{"damage":8,"enemies":"Looter","floor":4,"turns":4},{"damage":16,"enemies":"Lagavulin","floor":6,"turns":5},{"damage":0,"enemies":"Gremlin Nob","floor":8,"turns":2},{"damage":2,"enemies":"Blue Slaver","floor":10,"turns":4},{"damage":1,"enemies":"Lots of Slimes","floor":14,"turns":3},{"damage":14,"enemies":"Hexaghost","floor":16,"turns":9},{"damage":4,"enemies":"3 Byrds","floor":18,"turns":7},{"damage":23,"enemies":"2 Thieves","floor":19,"turns":5},{"damage":20,"enemies":"Snake Plant","floor":20,"turns":6},{"damage":17,"enemies":"Snecko","floor":22,"turns":4}],"seed_played":"-5518740665186288751","potions_obtained":[{"floor":2,"key":"Weak Potion"},{"floor":4,"key":"FearPotion"},{"floor":6,"key":"LiquidBronze"},{"floor":14,"key":"Energy Potion"},{"floor":18,"key":"Poison Potion"},{"floor":19,"key":"PowerPotion"}],"is_trial":false,"path_per_floor":["M","M","M","M","$","E","R","E","T","M","?","$","T","M","R","B",null,"M","M","M","$","M"],"character_chosen":"THE_SILENT","items_purchased":["Snake Skull","Fire Potion","Deadly Poison","Oddly Smooth Stone","Noxious Fumes"],"campfire_rested":1,"item_purchase_floors":[5,5,12,12,21],"current_hp_per_floor":[62,52,46,38,38,22,22,22,22,20,20,20,20,19,40,26,59,55,32,12,12,0],"gold":14,"neow_bonus":"TWO_FIFTY_GOLD","is_prod":false,"is_daily":false,"chose_seed":false,"campfire_upgraded":1,"win_rate":0,"timestamp":1551180912,"path_taken":["M","M","M","M","$","E","R","E","T","M","?","$","?","?","R","BOSS","M","M","M","$","M"],"build_version":"2019-01-23","purchased_purges":2,"victory":false,"max_hp_per_floor":[70,70,70,70,70,70,70,70,70,70,70,70,70,70,70,70,70,70,70,70,70,70],"card_choices":[{"not_picked":["Leg Sweep","Deflect"],"picked":"Noxious Fumes","floor":1},{"not_picked":["Acrobatics","Backflip"],"picked":"Backstab","floor":2},{"not_picked":["Infinite Blades","Outmaneuver"],"picked":"Bane","floor":3},{"not_picked":["Dagger Throw","Concentrate"],"picked":"Bane","floor":4},{"not_picked":["Underhanded Strike","Poisoned Stab"],"picked":"Cloak And Dagger","floor":6},{"not_picked":["Reflex","Bane"],"picked":"Cloak And Dagger","floor":8},{"not_picked":["Slice","Predator"],"picked":"Cloak And Dagger","floor":10},{"not_picked":["Masterful Stab","All Out Attack"],"picked":"Footwork","floor":14},{"not_picked":["Grand Finale","Malaise"],"picked":"After Image","floor":16},{"not_picked":["Dagger Throw","Terror"],"picked":"Backflip","floor":17},{"not_picked":["Flying Knee","Bullet Time"],"picked":"Cloak And Dagger","floor":17},{"not_picked":["Slice","Dagger Spray"],"picked":"Blade Dance+1","floor":18},{"not_picked":["Blade Dance","Slice"],"picked":"Backflip+1","floor":19},{"not_picked":["Prepared","Dagger Throw","Expertise"],"picked":"SKIP","floor":20}],"player_experience":542513,"relics_obtained":[{"floor":6,"key":"Bag of Marbles"},{"floor":8,"key":"Blue Candle"},{"floor":9,"key":"Bottled Flame"},{"floor":13,"key":"Darkstone Periapt"}],"event_choices":[{"cards_removed":["Decay"],"damage_healed":0,"gold_gain":0,"player_choice":"Offered Curse","damage_taken":0,"relics_obtained":["Spirit Poop"],"max_hp_gain":0,"max_hp_loss":0,"event_name":"Bonfire Elementals","floor":11,"gold_loss":0}],"is_beta":false,"boss_relics":[{"not_picked":["White Beast Statue","Empty Cage"],"picked":"Orrery"}],"items_purged_floors":[5,21],"is_endless":false,"potions_floor_spawned":[2,4,6,14,18,19],"killed_by":"Snecko","ascension_level":10}