{"path_per_floor":["M","M","$","M","?","R","E","$","T","M","$","E","R","?","R","B",null,"M","M","?","T","$","R"],"character_chosen":"DEFECT","items_purchased":["Capacitor","Consume","Hologram","Capacitor","Double Energy"],"gold_per_floor":[110,128,3,15,15,15,43,43,97,108,38,72,72,37,37,114,114,128,138,53,133,10,10,10],"floor_reached":24,"campfire_rested":2,"playtime":1083,"current_hp_per_floor":[49,47,47,41,20,41,33,33,40,37,37,19,19,38,38,17,63,44,31,31,31,31,54,0],"items_purged":["Strike_B"],"gold":10,"score":354,"play_id":"f717a6ef-9b0d-49ac-a675-09c490bea586","local_time":"20180511163842","is_prod":false,"is_daily":false,"chose_seed":false,"is_ascension_mode":true,"campfire_upgraded":2,"timestamp":1526081922,"path_taken":["M","M","$","M","?","R","E","?","T","?","$","E","R","?","R","BOSS","M","M","?","?","$","R","E"],"build_version":"2018-05-10","seed_source_timestamp":1742780550205899,"purchased_purges":1,"victory":false,"master_deck":["Strike_B","Strike_B","Strike_B","Defend_B+1","Defend_B","Defend_B","Defend_B","Zap","Dualcast","AscendersBane","Ball Lightning","FTL","Steam+1","Capacitor+1","Consume","Coolheaded","Go for the Eyes","Recycle","Hologram","Capacitor+1","Biased Cognition","Skim","Genetic Algorithm+1","Clumsy","Double Energy"],"max_hp_per_floor":[71,71,71,71,71,71,71,71,78,78,78,78,78,78,78,78,78,78,78,78,78,78,78,78],"relics":["Cracked Core","Ancient Tea Set","Strawberry","Smiling Mask","Cursed Key","Dead Branch","Ornamental Fan"],"card_choices":[{"not_picked":["Barrage","Static Discharge"],"picked":"Ball Lightning","floor":0},{"not_picked":["Turbo","Leap"],"picked":"FTL","floor":1},{"not_picked":["Static Discharge","Barrage"],"picked":"Steam","floor":2},{"not_picked":["Steam","Rebound"],"picked":"Coolheaded","floor":4},{"not_picked":["Aggregate","Beam Cell"],"picked":"Go for the Eyes","floor":7},{"not_picked":["Heatsinks","Scrape"],"picked":"Recycle","floor":10},{"not_picked":["Thunder Strike","Meteor Strike"],"picked":"Biased Cognition","floor":16},{"not_picked":["Streamline","Hologram"],"picked":"Skim","floor":18},{"not_picked":["Axe Kick","Rebound"],"picked":"Genetic Algorithm","floor":19}],"player_experience":1423340,"potions_floor_usage":[12,18,24],"damage_taken":[{"damage":15,"enemies":"2 Louse","floor":1,"turns":3},{"damage":2,"enemies":"Jaw Worm","floor":2,"turns":3},{"damage":6,"enemies":"Cultist","floor":4,"turns":3},{"damage":8,"enemies":"Lagavulin","floor":7,"turns":7},{"damage":3,"enemies":"Exordium Thugs","floor":10,"turns":4},{"damage":18,"enemies":"Gremlin Nob","floor":12,"turns":4},{"damage":21,"enemies":"The Guardian","floor":16,"turns":11},{"damage":19,"enemies":"Spheric Guardian","floor":18,"turns":4},{"damage":13,"enemies":"Shell Parasite","floor":19,"turns":5},{"damage":54,"enemies":"Slavers","floor":24,"turns":3}],"event_choices":[{"event_name":"Shining Light","player_choice":"Entered Light","floor":5,"damage_taken":0},{"event_name":"The Cleric","player_choice":"Healed","floor":14,"damage_taken":0},{"event_name":"Addict","player_choice":"Obtained Relic","floor":20,"damage_taken":0}],"boss_relics":[{"not_picked":["Nuclear Battery","Tiny House"],"picked":"Cursed Key"}],"potions_floor_spawned":[1,4,10],"seed_played":"-3558725261223471606","killed_by":"Slavers","ascension_level":15,"is_trial":false}