{"gold_per_floor":[109,128,128,139,154,186,200,36,36,36,36,36,55,75,75,171,171,187,198,52,69,86,86,114,114,114,114,124,136,146,180,180,280,280,297,316,591,3,16,47,47,60,60,76,96,96,96,115,115,115],"floor_reached":50,"playtime":4020,"items_purged":["Strike_B","Strike_B","Sweeping Beam"],"score":626,"play_id":"47f040e5-10b0-438d-a066-f6380a6b233e","local_time":"20190218125358","is_ascension_mode":true,"campfire_choices":[{"data":"Zap","floor":10,"key":"SMITH"},{"data":"White Noise","floor":12,"key":"SMITH"},{"data":"Creative AI","floor":15,"key":"SMITH"},{"floor":23,"key":"REST"},{"floor":25,"key":"REST"},{"data":"Buffer","floor":27,"key":"SMITH"},{"floor":32,"key":"REST"},{"data":"Storm","floor":41,"key":"SMITH"},{"data":"Electrodynamics","floor":47,"key":"SMITH"},{"floor":49,"key":"REST"}],"neow_cost":"NONE","seed_source_timestamp":283340174650790,"circlet_count":0,"master_deck":["Defend_B","Defend_B","Defend_B","Defend_B","Zap+1","Dualcast","Go for the Eyes","Ball Lightning","Leap","Ball Lightning","White Noise+1","Rebound","Reprogram","Melter","Conserve Battery","Creative AI+1","Buffer+1","Sweeping Beam","Electrodynamics+1","Cold Snap","Coolheaded+1","Rebound+1","Beam Cell+1","Conserve Battery","Static Discharge","Ball Lightning","Storm+1","Amplify","Leap","Buffer","Consume+1","Seek","Capacitor+1","Flash of Steel","Redo+1","Capacitor"],"relics":["Cracked Core","Omamori","Ice Cream","Philosopher\u0027s Stone","Question Card","Bird Faced Urn","Du-Vu Doll","Cursed Key","Dream Catcher","Lantern"],"potions_floor_usage":[6,16,16,18,24,33,33,33,39,39,50,50,50],"damage_taken":[{"damage":3,"enemies":"2 Louse","floor":1,"turns":3},{"damage":0,"enemies":"Cultist","floor":2,"turns":3},{"damage":0,"enemies":"Small Slimes","floor":4,"turns":2},{"damage":11,"enemies":"Exordium Wildlife","floor":5,"turns":4},{"damage":11,"enemies":"Lagavulin","floor":6,"turns":4},{"damage":0,"enemies":"Blue Slaver","floor":7,"turns":3},{"damage":5,"enemies":"Lots of Slimes","floor":13,"turns":3},{"damage":8,"enemies":"Exordium Thugs","floor":14,"turns":3},{"damage":0,"enemies":"Slime Boss","floor":16,"turns":4},{"damage":12,"enemies":"3 Byrds","floor":18,"turns":4},{"damage":11,"enemies":"Shell Parasite","floor":19,"turns":5},{"damage":8,"enemies":"Centurion and Healer","floor":21,"turns":5},{"damage":10,"enemies":"Snecko","floor":22,"turns":5},{"damage":31,"enemies":"Gremlin Leader","floor":24,"turns":5},{"damage":6,"enemies":"Snake Plant","floor":28,"turns":5},{"damage":10,"enemies":"Shelled Parasite and Fungi","floor":29,"turns":4},{"damage":7,"enemies":"Chosen and Byrds","floor":30,"turns":4},{"damage":41,"enemies":"Book of Stabbing","floor":31,"turns":5},{"damage":11,"enemies":"Collector","floor":33,"turns":7},{"damage":5,"enemies":"3 Shapes","floor":35,"turns":2},{"damage":0,"enemies":"Orb Walker","floor":36,"turns":3},{"damage":0,"enemies":"Spire Growth","floor":39,"turns":5},{"damage":20,"enemies":"Nemesis","floor":40,"turns":7},{"damage":0,"enemies":"Transient","floor":42,"turns":5},{"damage":8,"enemies":"4 Shapes","floor":44,"turns":2},{"damage":12,"enemies":"3 Darklings","floor":45,"turns":3},{"damage":64,"enemies":"Jaw Worm Horde","floor":48,"turns":4},{"damage":59,"enemies":"Awakened One","floor":50,"turns":6}],"seed_played":"3386764532339535856","potions_obtained":[{"floor":1,"key":"Poison Potion"},{"floor":6,"key":"AttackPotion"},{"floor":13,"key":"Swift Potion"},{"floor":14,"key":"SpeedPotion"},{"floor":18,"key":"Poison Potion"},{"floor":19,"key":"SkillPotion"},{"floor":24,"key":"Strength Potion"},{"floor":30,"key":"FocusPotion"},{"floor":31,"key":"Regen Potion"},{"floor":33,"key":"LiquidBronze"},{"floor":36,"key":"FocusPotion"},{"floor":42,"key":"Dexterity Potion"},{"floor":45,"key":"SkillPotion"}],"is_trial":false,"path_per_floor":["M","M","?","M","M","E","M","$","T","R","?","R","M","M","R","B",null,"M","M","$","M","M","R","E","R","T","R","M","M","M","E","R","B",null,"M","M","?","$","M","E","R","M","T","M","M","?","R","M","R","B"],"character_chosen":"DEFECT","items_purchased":["Melter","Conserve Battery","Cold Snap","Buffer","Dream Catcher","EssenceOfSteel","GamblersBrew"],"campfire_rested":4,"item_purchase_floors":[8,8,20,38,38,38,38],"current_hp_per_floor":[72,72,72,72,61,50,50,50,50,50,50,50,45,37,37,37,75,63,52,52,44,34,56,25,47,47,47,49,51,54,25,47,65,75,72,75,75,75,75,71,71,75,75,75,68,68,68,17,39,0],"gold":115,"neow_bonus":"THREE_CARDS","is_prod":false,"is_daily":false,"chose_seed":false,"campfire_upgraded":6,"win_rate":0,"timestamp":1550490838,"path_taken":["M","M","?","M","?","E","M","$","T","R","?","R","M","M","R","BOSS","M","M","$","M","M","R","E","R","T","R","M","M","M","E","R","BOSS","M","M","?","$","?","E","R","M","T","M","M","?","R","M","R","BOSS"],"build_version":"2019-01-23","purchased_purges":3,"victory":false,"max_hp_per_floor":[75,75,75,75,75,75,75,75,75,75,75,75,75,75,75,75,75,75,75,75,75,75,75,75,75,75,75,75,75,75,75,75,75,75,75,75,75,75,75,75,75,75,75,75,75,75,75,75,75,75],"card_choices":[{"not_picked":["Stack","Tempest"],"picked":"Go for the Eyes","floor":0},{"not_picked":["Loop","Beam Cell"],"picked":"Ball Lightning","floor":1},{"not_picked":["Go for the Eyes","Reinforced Body"],"picked":"Leap","floor":2},{"not_picked":["Heatsinks","Turbo","Steam Power"],"picked":"SKIP","floor":4},{"not_picked":["Go for the Eyes","Double Energy"],"picked":"White Noise","floor":5},{"not_picked":["Streamline","Tempest"],"picked":"Rebound","floor":6},{"not_picked":["Stack","Gash"],"picked":"Reprogram","floor":7},{"not_picked":["Recycle","Stack"],"picked":"Sweeping Beam","floor":13},{"not_picked":["Undo","Scrape"],"picked":"Creative AI","floor":14},{"not_picked":["Multi-Cast","Fission"],"picked":"Buffer","floor":16},{"not_picked":["Compile Driver","Go for the Eyes"],"picked":"Sweeping Beam","floor":18},{"not_picked":["Redo+1","Cold Snap"],"picked":"Electrodynamics","floor":19},{"not_picked":["Barrage+1","Stack"],"picked":"Coolheaded+1","floor":21},{"not_picked":["Hologram","Chill"],"picked":"Rebound+1","floor":22},{"not_picked":["Hologram","Cold Snap"],"picked":"Beam Cell+1","floor":24},{"not_picked":["Sunder","Reprogram","Go for the Eyes"],"picked":"Conserve Battery","floor":28},{"not_picked":["Consume","Compile Driver","Conserve Battery"],"picked":"Static Discharge","floor":29},{"not_picked":["Beam Cell","Turbo","Rebound"],"picked":"Ball Lightning","floor":30},{"not_picked":["White Noise+1","Glacier","Darkness"],"picked":"Storm","floor":31},{"not_picked":["Meteor Strike","Rainbow","Creative AI"],"picked":"Amplify","floor":33},{"not_picked":["Blizzard+1","Steam Power+1","Redo"],"picked":"Leap","floor":35},{"not_picked":["Leap+1","Hologram+1","Turbo+1","Go for the Eyes"],"picked":"SKIP","floor":36},{"not_picked":["Turbo+1","Aggregate","Conserve Battery"],"picked":"Consume+1","floor":39},{"not_picked":["Hello World+1","Steam Power+1","Doom and Gloom"],"picked":"Seek","floor":40},{"not_picked":["Cold Snap+1","Recycle+1","Coolheaded+1","Scrape+1"],"picked":"SKIP","floor":42},{"not_picked":["BootSequence","Hologram","Turbo"],"picked":"Capacitor+1","floor":44},{"not_picked":["Chaos","Doom and Gloom+1","Reinforced Body","Sweeping Beam"],"picked":"SKIP","floor":45},{"not_picked":["Enlightenment","HandOfGreed","Impatience"],"picked":"Flash of Steel","floor":46},{"not_picked":["Hologram","Conserve Battery","Sweeping Beam"],"picked":"Redo+1","floor":48},{"not_picked":["Doom and Gloom+1","Conserve Battery+1","Hologram+1"],"picked":"Capacitor","floor":49}],"player_experience":73807,"relics_obtained":[{"floor":6,"key":"Omamori"},{"floor":9,"key":"Ice Cream"},{"floor":24,"key":"Question Card"},{"floor":26,"key":"Bird Faced Urn"},{"floor":31,"key":"Du-Vu Doll"},{"floor":40,"key":"Lantern"}],"event_choices":[{"damage_healed":0,"gold_gain":0,"cards_transformed":["Strike_B"],"player_choice":"Transformed","damage_taken":0,"max_hp_gain":0,"max_hp_loss":0,"event_name":"Transmorgrifier","floor":3,"gold_loss":0,"cards_obtained":["Ball Lightning"]},{"cards_removed":["Strike_B"],"damage_healed":0,"gold_gain":0,"player_choice":"Offered Basic","damage_taken":0,"max_hp_gain":0,"max_hp_loss":0,"event_name":"Bonfire Elementals","floor":11,"gold_loss":0},{"damage_healed":0,"gold_gain":275,"player_choice":"Desecrate","damage_taken":0,"max_hp_gain":0,"max_hp_loss":0,"event_name":"Golden Shrine","floor":37,"gold_loss":0,"cards_obtained":["Regret"]},{"damage_healed":0,"gold_gain":0,"player_choice":"Memory 1","damage_taken":0,"max_hp_gain":0,"max_hp_loss":0,"event_name":"SensoryStone","floor":46,"gold_loss":0}],"is_beta":false,"boss_relics":[{"not_picked":["Astrolabe","Fusion Hammer"],"picked":"Philosopher\u0027s Stone"},{"not_picked":["Tiny House","Coffee Dripper"],"picked":"Cursed Key"}],"items_purged_floors":[8,20,38],"is_endless":false,"potions_floor_spawned":[1,6,13,14,18,19,24,30,31,33,36,42,45],"killed_by":"Awakened One","ascension_level":1}