{"gold_per_floor":[116,116,127,142,16,16,50,50,97,97,112,124,149,167,167,262,262,280,295,305,305,324,324,324,384,461,461],"floor_reached":27,"playtime":5351,"items_purged":["Strike_B"],"score":518,"play_id":"acc7a5dd-c763-41b9-87bd-b38a825dad52","local_time":"20190226172024","is_ascension_mode":true,"campfire_choices":[{"data":"Dualcast","floor":6,"key":"SMITH"},{"data":"Ball Lightning","floor":8,"key":"SMITH"},{"data":"Ball Lightning","floor":10,"key":"SMITH"},{"floor":15,"key":"REST"},{"floor":23,"key":"REST"}],"neow_cost":"NONE","seed_source_timestamp":986912628238738,"circlet_count":0,"master_deck":["AscendersBane","Strike_B","Strike_B","Strike_B","Defend_B","Defend_B","Defend_B","Defend_B","Zap+1","Dualcast+1","Ball Lightning+1","Ball Lightning","Ball Lightning+1","Coolheaded","Sweeping Beam","Reinforced Body","Electrodynamics","Conserve Battery","Cold Snap","Conserve Battery","Hologram+1","Auto Shields","Recycle+1"],"special_seed":0,"relics":["Cracked Core","Vajra","Mango","Smiling Mask","Gremlin Horn","Orrery","Tiny Chest","Shuriken"],"potions_floor_usage":[7,13,13,16,16,20,25,25],"damage_taken":[{"damage":4,"enemies":"Small Slimes","floor":1,"turns":4},{"damage":7,"enemies":"Jaw Worm","floor":3,"turns":2},{"damage":0,"enemies":"Cultist","floor":4,"turns":2},{"damage":18,"enemies":"Lagavulin","floor":7,"turns":4},{"damage":5,"enemies":"3 Louse","floor":11,"turns":3},{"damage":18,"enemies":"Large Slime","floor":12,"turns":4},{"damage":5,"enemies":"3 Sentries","floor":13,"turns":3},{"damage":1,"enemies":"Exordium Thugs","floor":14,"turns":2},{"damage":1,"enemies":"The Guardian","floor":16,"turns":8},{"damage":22,"enemies":"2 Thieves","floor":18,"turns":3},{"damage":0,"enemies":"Chosen","floor":19,"turns":4},{"damage":4,"enemies":"3 Cultists","floor":20,"turns":4},{"damage":38,"enemies":"Snake Plant","floor":22,"turns":5},{"damage":45,"enemies":"Slavers","floor":25,"turns":4},{"damage":13,"enemies":"Snecko","floor":27,"turns":3}],"seed_played":"-8598085168121169625","potions_obtained":[{"floor":3,"key":"FairyPotion"},{"floor":4,"key":"PowerPotion"},{"floor":12,"key":"Energy Potion"},{"floor":13,"key":"LiquidBronze"},{"floor":14,"key":"FocusPotion"},{"floor":18,"key":"Dexterity Potion"},{"floor":19,"key":"SpeedPotion"},{"floor":22,"key":"Swift Potion"}],"is_trial":false,"path_per_floor":["M","?","M","M","$","R","E","R","T","R","M","M","E","M","R","B",null,"M","M","M","?","M","R","?","E","T","M"],"character_chosen":"DEFECT","items_purchased":["Block Potion"],"campfire_rested":2,"item_purchase_floors":[5],"current_hp_per_floor":[64,46,39,39,39,39,35,35,35,35,30,12,7,6,32,31,75,53,53,49,49,11,37,37,8,8,0],"gold":461,"neow_bonus":"UPGRADE_CARD","is_prod":false,"is_daily":false,"chose_seed":false,"campfire_upgraded":3,"win_rate":0,"timestamp":1551198024,"path_taken":["M","?","M","M","$","R","E","R","T","R","M","M","E","M","R","BOSS","M","M","M","?","M","R","?","E","T","?"],"build_version":"2019-01-23","purchased_purges":1,"victory":false,"max_hp_per_floor":[75,75,75,75,75,75,89,89,89,89,89,89,89,89,89,89,89,89,89,89,89,89,89,89,89,89,89],"card_choices":[{"not_picked":["Beam Cell","Barrage"],"picked":"Ball Lightning","floor":1},{"not_picked":["Stack","Reprogram"],"picked":"Ball Lightning","floor":3},{"not_picked":["Stack","Storm"],"picked":"Ball Lightning","floor":4},{"not_picked":["Redo","Rebound","Double Energy"],"picked":"SKIP","floor":7},{"not_picked":["BootSequence","Streamline"],"picked":"Coolheaded","floor":11},{"not_picked":["Turbo","Lockon"],"picked":"Sweeping Beam","floor":12},{"not_picked":["Rip and Tear","Leap"],"picked":"Reinforced Body","floor":13},{"not_picked":["Beam Cell","Turbo","Blizzard"],"picked":"SKIP","floor":14},{"not_picked":["Reboot","All For One"],"picked":"Electrodynamics","floor":16},{"not_picked":["Sweeping Beam","Coolheaded"],"picked":"Conserve Battery","floor":17},{"not_picked":["Blizzard","Sweeping Beam"],"picked":"Cold Snap","floor":17},{"not_picked":["Beam Cell+1","Double Energy"],"picked":"Conserve Battery","floor":18},{"not_picked":["Conserve Battery","Chaos"],"picked":"Hologram+1","floor":19},{"not_picked":["Gash","Compile Driver","Rainbow"],"picked":"SKIP","floor":20},{"not_picked":["Rebound","Compile Driver"],"picked":"Auto Shields","floor":22},{"not_picked":["Hello World","Buffer"],"picked":"Recycle+1","floor":25}],"player_experience":552784,"relics_obtained":[{"floor":7,"key":"Mango"},{"floor":9,"key":"Smiling Mask"},{"floor":13,"key":"Gremlin Horn"},{"floor":25,"key":"Tiny Chest"},{"floor":26,"key":"Shuriken"}],"event_choices":[{"damage_healed":0,"gold_gain":0,"player_choice":"Success","damage_taken":18,"relics_obtained":["Vajra"],"max_hp_gain":0,"max_hp_loss":0,"event_name":"Scrap Ooze","floor":2,"gold_loss":0},{"damage_healed":0,"gold_gain":0,"player_choice":"Ignored","damage_taken":0,"max_hp_gain":0,"max_hp_loss":0,"event_name":"Ghosts","floor":21,"gold_loss":0},{"damage_healed":0,"gold_gain":0,"player_choice":"Got Potions","damage_taken":0,"max_hp_gain":0,"max_hp_loss":0,"event_name":"Lab","floor":24,"gold_loss":0}],"is_beta":false,"boss_relics":[{"not_picked":["Runic Pyramid","Coffee Dripper"],"picked":"Orrery"}],"items_purged_floors":[5],"is_endless":false,"potions_floor_spawned":[3,4,12,13,14,18,19,22],"killed_by":"Snecko","ascension_level":10}