{"gold_per_floor":[117,136,147,163,174,203,203,220,220,220,253,267,267,287,287,366,366,379,394,394,394,53,53,88,38,38,52,52,69,69,88,88,161,161,178,197,197,122,0,0,13,13,13,23,23,123,123,140,140,140],"floor_reached":51,"playtime":3658,"items_purged":["Defend_B"],"score":1161,"play_id":"4dba6046-303e-4ab0-bd04-f8c802aedf51","local_time":"20190217005226","is_ascension_mode":true,"campfire_choices":[{"floor":7,"key":"REST"},{"floor":10,"key":"REST"},{"data":"Streamline","floor":13,"key":"SMITH"},{"floor":15,"key":"REST"},{"data":"Go for the Eyes","floor":23,"key":"SMITH"},{"floor":28,"key":"REST"},{"data":"Hologram","floor":32,"key":"SMITH"},{"data":"Machine Learning","floor":40,"key":"SMITH"},{"data":"Hologram","floor":42,"key":"SMITH"},{"data":"Defragment","floor":45,"key":"SMITH"},{"data":"Biased Cognition","floor":49,"key":"SMITH"}],"neow_cost":"NONE","seed_source_timestamp":204029406292222,"circlet_count":0,"master_deck":["AscendersBane","Defend_B","Defend_B","Defend_B","Zap","Dualcast","Go for the Eyes+1","Coolheaded","Glacier","Streamline+1","Recycle","Doom and Gloom","Chill","All For One","Hologram+1","Biased Cognition+1","Go for the Eyes+1","Ball Lightning+1","RitualDagger","Bite","Bite","Bite","Bite","Bite","Defragment+1","Gash","Machine Learning+1","Hologram+1","Gash+1","Panacea"],"relics":["Cracked Core","Kunai","Shuriken","Ornamental Fan","Philosopher\u0027s Stone","Blood Vial","Anchor","Dodecahedron","Singing Bowl","Bird Faced Urn","Lizard Tail","Red Mask","Nunchaku","Prayer Wheel"],"potions_floor_usage":[5,11,16,24,33,36,50,50],"damage_taken":[{"damage":1,"enemies":"Cultist","floor":1,"turns":3},{"damage":4,"enemies":"Jaw Worm","floor":2,"turns":4},{"damage":12,"enemies":"Small Slimes","floor":3,"turns":4},{"damage":5,"enemies":"Red Slaver","floor":4,"turns":4},{"damage":18,"enemies":"Gremlin Gang","floor":5,"turns":6},{"damage":17,"enemies":"Lagavulin","floor":6,"turns":8},{"damage":2,"enemies":"Exordium Wildlife","floor":8,"turns":4},{"damage":22,"enemies":"Gremlin Nob","floor":11,"turns":5},{"damage":2,"enemies":"Large Slime","floor":12,"turns":7},{"damage":4,"enemies":"Looter","floor":14,"turns":3},{"damage":21,"enemies":"Slime Boss","floor":16,"turns":8},{"damage":13,"enemies":"Shell Parasite","floor":18,"turns":7},{"damage":17,"enemies":"Spheric Guardian","floor":19,"turns":4},{"damage":24,"enemies":"Slavers","floor":24,"turns":9},{"damage":12,"enemies":"Snake Plant","floor":27,"turns":3},{"damage":23,"enemies":"Centurion and Healer","floor":29,"turns":22},{"damage":0,"enemies":"Snecko","floor":31,"turns":4},{"damage":65,"enemies":"Automaton","floor":33,"turns":9},{"damage":7,"enemies":"Orb Walker","floor":35,"turns":3},{"damage":17,"enemies":"3 Darklings","floor":36,"turns":8},{"damage":18,"enemies":"Transient","floor":41,"turns":5},{"damage":0,"enemies":"Sphere and 2 Shapes","floor":44,"turns":6},{"damage":4,"enemies":"Mind Bloom Boss Battle","floor":46,"turns":7},{"damage":0,"enemies":"Writhing Mass","floor":48,"turns":8},{"damage":40,"enemies":"Awakened One","floor":50,"turns":13}],"seed_played":"9210489685262174099","potions_obtained":[{"floor":1,"key":"SkillPotion"},{"floor":6,"key":"SkillPotion"},{"floor":8,"key":"LiquidBronze"},{"floor":14,"key":"LiquidBronze"},{"floor":16,"key":"Dexterity Potion"},{"floor":24,"key":"GamblersBrew"},{"floor":31,"key":"Strength Potion"},{"floor":33,"key":"Ancient Potion"},{"floor":35,"key":"Block Potion"},{"floor":41,"key":"AttackPotion"}],"is_trial":false,"path_per_floor":["M","M","M","M","M","E","R","M","T","R","E","M","R","M","R","B",null,"M","M","?","?","$","R","E","?","T","M","R","M","T","M","R","B",null,"M","M","?","$","?","R","M","R","T","M","R","?","?","M","R","B",null],"character_chosen":"DEFECT","items_purchased":["Blood Vial","Anchor"],"campfire_rested":4,"item_purchase_floors":[22,22],"current_hp_per_floor":[70,66,54,49,31,14,37,35,35,58,36,34,34,30,53,32,67,54,37,31,31,31,31,23,23,23,19,35,58,58,58,58,9,46,49,58,52,52,52,52,50,50,50,66,66,68,68,72,72,58],"gold":140,"neow_bonus":"TEN_PERCENT_HP_BONUS","is_prod":false,"is_daily":false,"chose_seed":false,"campfire_upgraded":7,"win_rate":0,"timestamp":1550393546,"path_taken":["M","?","M","M","M","E","R","M","T","R","E","M","R","M","R","BOSS","M","M","?","?","$","R","E","?","T","?","R","?","?","M","R","BOSS","M","M","?","$","?","R","M","R","T","M","R","?","?","M","R","BOSS"],"build_version":"2019-02-06","purchased_purges":1,"victory":true,"max_hp_per_floor":[78,78,78,78,78,78,78,78,78,78,78,78,78,78,78,78,78,78,78,78,54,54,54,54,54,54,56,56,58,58,58,58,58,58,58,58,62,62,62,62,64,64,64,66,66,68,68,72,72,72],"card_choices":[{"not_picked":["Lockon","Streamline"],"picked":"Go for the Eyes","floor":1},{"not_picked":["Scrape","Force Field"],"picked":"Coolheaded","floor":2},{"not_picked":["Steam","Beam Cell"],"picked":"Consume","floor":3},{"not_picked":["Streamline","Sweeping Beam"],"picked":"Glacier","floor":4},{"not_picked":["Steam","Steam Power"],"picked":"Streamline","floor":5},{"not_picked":["Turbo","Rebound"],"picked":"Recycle","floor":6},{"not_picked":["Sweeping Beam","Go for the Eyes"],"picked":"Doom and Gloom","floor":8},{"not_picked":["Blizzard","Steam"],"picked":"Chill","floor":11},{"not_picked":["Gash","Stack"],"picked":"All For One","floor":12},{"not_picked":["Hello World","Sweeping Beam"],"picked":"Hologram","floor":14},{"not_picked":["Rainbow","Core Surge"],"picked":"Biased Cognition","floor":16},{"not_picked":["Steam","Fusion"],"picked":"Go for the Eyes","floor":18},{"not_picked":["Stack","Beam Cell"],"picked":"Ball Lightning+1","floor":19},{"not_picked":["Sunder","Aggregate+1"],"picked":"Defragment","floor":24},{"not_picked":["Darkness","BootSequence","Stack"],"picked":"Singing Bowl","floor":27},{"not_picked":["Reinforced Body","Darkness","Cold Snap"],"picked":"Singing Bowl","floor":29},{"not_picked":["Static Discharge","Turbo"],"picked":"Gash","floor":31},{"not_picked":["Multi-Cast","Amplify"],"picked":"Machine Learning","floor":33},{"not_picked":["Go for the Eyes","Aggregate"],"picked":"Hologram","floor":35},{"not_picked":["Rip and Tear","BootSequence+1"],"picked":"Gash+1","floor":36},{"not_picked":["Discovery","PanicButton","Blind"],"picked":"Singing Bowl","floor":37},{"not_picked":["Transmutation","Secret Technique","Dramatic Entrance"],"picked":"Singing Bowl","floor":37},{"not_picked":["Blind","Enlightenment"],"picked":"Panacea","floor":37},{"not_picked":["Steam","Barrage","Cold Snap"],"picked":"Singing Bowl","floor":41},{"not_picked":["Rebound+1","Turbo","Thunder Strike"],"picked":"Singing Bowl","floor":44},{"not_picked":["Leap","Conserve Battery","Redo"],"picked":"Singing Bowl","floor":46},{"not_picked":["Steam","Go for the Eyes","Recycle"],"picked":"Singing Bowl","floor":48},{"not_picked":["Rebound","BootSequence","Sweeping Beam"],"picked":"Singing Bowl","floor":48}],"player_experience":820233,"relics_obtained":[{"floor":6,"key":"Kunai"},{"floor":9,"key":"Shuriken"},{"floor":11,"key":"Ornamental Fan"},{"floor":24,"key":"Dodecahedron"},{"floor":26,"key":"Singing Bowl"},{"floor":30,"key":"Bird Faced Urn"},{"floor":43,"key":"Nunchaku"},{"floor":46,"key":"Prayer Wheel"}],"event_choices":[{"damage_healed":0,"gold_gain":0,"player_choice":"Joined the Cult","damage_taken":6,"max_hp_gain":0,"max_hp_loss":0,"event_name":"Nest","floor":20,"gold_loss":0,"cards_obtained":["RitualDagger"]},{"damage_healed":0,"gold_gain":0,"player_choice":"Became a vampire","damage_taken":0,"max_hp_gain":0,"max_hp_loss":24,"event_name":"Vampires","floor":21,"gold_loss":0,"cards_obtained":["Bite","Bite","Bite","Bite","Bite"]},{"damage_healed":0,"gold_gain":0,"player_choice":"Upgrade","damage_taken":0,"max_hp_gain":0,"max_hp_loss":0,"event_name":"Designer","floor":25,"gold_loss":50,"cards_upgraded":["Go for the Eyes"]},{"damage_healed":0,"gold_gain":0,"player_choice":"Memory 3","damage_taken":10,"max_hp_gain":0,"max_hp_loss":0,"event_name":"SensoryStone","floor":37,"gold_loss":0},{"damage_healed":0,"gold_gain":0,"player_choice":"Paid","damage_taken":0,"relics_obtained":["Red Mask"],"max_hp_gain":0,"max_hp_loss":0,"event_name":"Tomb of Lord Red Mask","floor":39,"gold_loss":122},{"damage_healed":0,"gold_gain":0,"player_choice":"Fight","damage_taken":0,"max_hp_gain":0,"max_hp_loss":0,"event_name":"MindBloom","floor":46,"gold_loss":0},{"cards_removed":["Consume"],"damage_healed":0,"gold_gain":0,"player_choice":"Purged","damage_taken":0,"max_hp_gain":0,"max_hp_loss":0,"event_name":"Purifier","floor":47,"gold_loss":0}],"is_beta":true,"boss_relics":[{"not_picked":["Busted Crown","Pandora\u0027s Box"],"picked":"Philosopher\u0027s Stone"},{"not_picked":["White Beast Statue","Calling Bell"],"picked":"Lizard Tail"}],"items_purged_floors":[38],"is_endless":false,"potions_floor_spawned":[1,6,8,14,16,18,24,27,31,33,35,41,44],"ascension_level":16}