{"gold_per_floor":[114,189,203,77,97,126,126,51,102,115,131,186,186,212,212,308,308,308],"floor_reached":18,"playtime":1366,"items_purged":["Strike_B"],"score":225,"play_id":"7cd5f613-3841-41dc-831c-e418b429cb11","local_time":"20190222160652","is_ascension_mode":true,"campfire_choices":[{"data":"Loop","floor":7,"key":"SMITH"},{"floor":13,"key":"REST"},{"floor":15,"key":"REST"}],"neow_cost":"NONE","seed_source_timestamp":643169472132237,"circlet_count":0,"master_deck":["Strike_B","Strike_B","Strike_B","Defend_B","Defend_B","Defend_B","Defend_B","Zap+1","Dualcast","Compile Driver","Conserve Battery","Loop+1","Coolheaded+1","Capacitor","Sweeping Beam","Ball Lightning","Seek"],"relics":["Cracked Core","NeowsBlessing","War Paint","Smiling Mask","Tiny Chest","Strawberry","Snecko Eye"],"potions_floor_usage":[6,6,11,12,14],"damage_taken":[{"damage":0,"enemies":"Cultist","floor":1,"turns":1},{"damage":0,"enemies":"Small Slimes","floor":3,"turns":1},{"damage":0,"enemies":"2 Louse","floor":5,"turns":1},{"damage":17,"enemies":"Gremlin Nob","floor":6,"turns":4},{"damage":7,"enemies":"Looter","floor":10,"turns":3},{"damage":14,"enemies":"Lots of Slimes","floor":11,"turns":2},{"damage":14,"enemies":"Lagavulin","floor":12,"turns":6},{"damage":31,"enemies":"3 Sentries","floor":14,"turns":6},{"damage":34,"enemies":"The Guardian","floor":16,"turns":12},{"damage":34,"enemies":"Shell Parasite","floor":18,"turns":5}],"seed_played":"5367858507213953014","potions_obtained":[{"floor":1,"key":"Poison Potion"},{"floor":5,"key":"EssenceOfSteel"},{"floor":10,"key":"Swift Potion"},{"floor":11,"key":"Weak Potion"},{"floor":12,"key":"AttackPotion"}],"is_trial":false,"path_per_floor":["M","?","M","$","M","E","R","$","T","M","M","E","R","E","R","B",null,"M"],"character_chosen":"DEFECT","items_purchased":["Loop","Coolheaded"],"campfire_rested":2,"item_purchase_floors":[4,4],"current_hp_per_floor":[75,68,68,68,68,51,51,51,51,44,30,16,38,14,38,4,63,29],"gold":308,"neow_bonus":"THREE_ENEMY_KILL","is_prod":false,"is_daily":false,"chose_seed":false,"campfire_upgraded":1,"win_rate":0,"timestamp":1550848012,"path_taken":["M","?","?","$","M","E","R","$","T","M","M","E","R","E","R","BOSS","M"],"build_version":"2019-01-23","purchased_purges":1,"victory":false,"max_hp_per_floor":[75,75,75,75,75,75,75,75,75,75,75,75,75,82,82,82,82,82],"card_choices":[{"not_picked":["Gash","Rebound"],"picked":"Compile Driver","floor":1},{"not_picked":["FTL","Beam Cell"],"picked":"Conserve Battery","floor":3},{"not_picked":["Scrape","Stack","Blizzard"],"picked":"SKIP","floor":5},{"not_picked":["Loop","Scrape"],"picked":"Capacitor","floor":6},{"not_picked":["Gash","Melter"],"picked":"Sweeping Beam","floor":10},{"not_picked":["Gash","Leap"],"picked":"Ball Lightning","floor":11},{"not_picked":["Reprogram","Streamline","Skim"],"picked":"SKIP","floor":12},{"not_picked":["Steam","Hyperbeam","Reprogram"],"picked":"SKIP","floor":14},{"not_picked":["All For One","Buffer"],"picked":"Seek","floor":16}],"player_experience":351446,"relics_obtained":[{"floor":6,"key":"War Paint"},{"floor":9,"key":"Smiling Mask"},{"floor":12,"key":"Tiny Chest"},{"floor":14,"key":"Strawberry"}],"event_choices":[{"damage_healed":0,"gold_gain":75,"player_choice":"Touch","damage_taken":7,"max_hp_gain":0,"max_hp_loss":0,"event_name":"FaceTrader","floor":2,"gold_loss":0}],"is_beta":false,"boss_relics":[{"not_picked":["Runic Pyramid","Nuclear Battery"],"picked":"Snecko Eye"}],"items_purged_floors":[8],"is_endless":false,"potions_floor_spawned":[1,5,10,11,12],"killed_by":"Shell Parasite","ascension_level":5}