{"gold_per_floor":[112,112,122,122,23,55,55,88,114,132,14,14,43,61,61,164,164,184,184,201,10,10],"floor_reached":22,"playtime":1144,"items_purged":["Strike_R"],"score":250,"play_id":"7d3b7d9e-5295-4ffa-b054-dca8f72e34d0","local_time":"20190218012645","is_ascension_mode":true,"campfire_choices":[{"data":"Searing Blow","floor":7,"key":"SMITH"},{"data":"Searing Blow+1","floor":12,"key":"SMITH"},{"data":"Searing Blow+2","floor":15,"key":"SMITH"}],"neow_cost":"NONE","seed_source_timestamp":2957613457785132,"circlet_count":0,"master_deck":["Strike_R","Strike_R","Strike_R","Defend_R","Defend_R","Defend_R","Defend_R","Bash","Inflame","Havoc","Searing Blow+3","True Grit","Pommel Strike","Thunderclap","Iron Wave","Demon Form","True Grit","Pommel Strike","Warcry","True Grit","Battle Trance","Ghostly Armor"],"relics":["Burning Blood","NeowsBlessing","Strawberry","Pantograph","Thread and Needle","Ancient Tea Set","Bottled Lightning","Orrery","Bag of Preparation"],"potions_floor_usage":[8,14,16,16,18,20,22],"damage_taken":[{"damage":0,"enemies":"Small Slimes","floor":1,"turns":1},{"damage":0,"enemies":"Cultist","floor":3,"turns":1},{"damage":0,"enemies":"3 Sentries","floor":6,"turns":2},{"damage":26,"enemies":"Gremlin Nob","floor":8,"turns":5},{"damage":0,"enemies":"Jaw Worm","floor":10,"turns":4},{"damage":6,"enemies":"3 Sentries","floor":13,"turns":9},{"damage":1,"enemies":"Exordium Thugs","floor":14,"turns":5},{"damage":35,"enemies":"The Guardian","floor":16,"turns":15},{"damage":33,"enemies":"3 Byrds","floor":18,"turns":8},{"damage":34,"enemies":"Shell Parasite","floor":20,"turns":10},{"damage":39,"enemies":"Sentry and Sphere","floor":22,"turns":7}],"seed_played":"6168797711137049418","potions_obtained":[{"floor":3,"key":"AttackPotion"},{"floor":13,"key":"Weak Potion"},{"floor":14,"key":"SpeedPotion"},{"floor":16,"key":"Poison Potion"},{"floor":20,"key":"Regen Potion"}],"is_trial":false,"path_per_floor":["M","?","M","?","$","E","R","E","T","M","$","R","E","M","R","B",null,"M","?","M","$","M"],"character_chosen":"IRONCLAD","items_purchased":["Havoc","Pommel Strike","LiquidBronze","Bag of Preparation","Ghostly Armor"],"campfire_rested":0,"item_purchase_floors":[5,11,11,21,21],"current_hp_per_floor":[80,87,87,87,87,87,87,67,67,73,73,73,73,78,78,58,87,60,44,16,16,0],"gold":10,"neow_bonus":"THREE_ENEMY_KILL","is_prod":false,"is_daily":false,"chose_seed":false,"campfire_upgraded":3,"win_rate":0,"timestamp":1550471205,"path_taken":["M","?","?","?","$","E","R","E","T","M","$","R","E","M","R","BOSS","M","?","?","$","M"],"build_version":"2019-02-06","purchased_purges":1,"victory":false,"max_hp_per_floor":[80,87,87,87,87,87,87,87,87,87,87,87,87,87,87,87,87,87,87,87,87,87],"card_choices":[{"not_picked":["Seeing Red","Second Wind"],"picked":"Armaments","floor":1},{"not_picked":["Twin Strike","Armaments"],"picked":"Inflame","floor":3},{"not_picked":["Clash","Metallicize"],"picked":"Searing Blow","floor":6},{"not_picked":["Flex","Wild Strike"],"picked":"True Grit","floor":8},{"not_picked":["Power Through","Blood for Blood","Bloodletting"],"picked":"SKIP","floor":10},{"not_picked":["Headbutt","Rupture"],"picked":"Thunderclap","floor":13},{"not_picked":["Rupture","Thunderclap"],"picked":"Iron Wave","floor":14},{"not_picked":["Bludgeon","Dark Embrace"],"picked":"Demon Form","floor":16},{"not_picked":["Havoc","Body Slam"],"picked":"True Grit","floor":17},{"not_picked":["Rupture","Cleave"],"picked":"Pommel Strike","floor":17},{"not_picked":["Anger","Iron Wave"],"picked":"Warcry","floor":17},{"not_picked":["Impervious","Blood for Blood"],"picked":"True Grit","floor":17},{"not_picked":["Twin Strike","Corruption"],"picked":"Battle Trance","floor":18},{"not_picked":["Anger+1","Inflame","Rupture"],"picked":"SKIP","floor":20}],"player_experience":134904,"relics_obtained":[{"floor":6,"key":"Pantograph"},{"floor":8,"key":"Thread and Needle"},{"floor":9,"key":"Ancient Tea Set"},{"floor":13,"key":"Bottled Lightning"}],"event_choices":[{"cards_removed":["Armaments"],"damage_healed":0,"gold_gain":0,"player_choice":"Gave Card","damage_taken":0,"relics_obtained":["Strawberry"],"max_hp_gain":0,"max_hp_loss":0,"event_name":"WeMeetAgain","floor":2,"gold_loss":0},{"cards_removed":["Strike_R"],"damage_healed":0,"gold_gain":0,"player_choice":"Purged","damage_taken":0,"max_hp_gain":0,"max_hp_loss":0,"event_name":"Purifier","floor":4,"gold_loss":0},{"damage_healed":0,"gold_gain":0,"player_choice":"POTION ","damage_taken":16,"max_hp_gain":0,"max_hp_loss":0,"event_name":"Knowing Skull","floor":19,"potions_obtained":["AttackPotion"],"gold_loss":0,"cards_obtained":[]}],"is_beta":true,"boss_relics":[{"not_picked":["White Beast Statue","Pandora\u0027s Box"],"picked":"Orrery"}],"items_purged_floors":[5],"is_endless":false,"potions_floor_spawned":[3,13,14,16,20],"killed_by":"Sentry and Sphere","ascension_level":2}