{"gold_per_floor":[112,131,144,160,235,260,292,304,342,354,380,357,399,4,4,107,107,122,28,41,4,4,4,38,38,86,111,111,122,122,138,138,239,239,252,268,268,286,286,286,317,317,317,317,331,344,105,125,125,125],"floor_reached":51,"playtime":2528,"items_purged":["Strike_R","Defend_R","Strike_R+1"],"score":1065,"play_id":"58550e11-0ef9-4343-a757-e97570029026","local_time":"20190225104357","is_ascension_mode":true,"campfire_choices":[{"data":"Armaments","floor":8,"key":"SMITH"},{"data":"Bash","floor":10,"key":"SMITH"},{"data":"Spot Weakness","floor":15,"key":"SMITH"},{"data":"Evolve","floor":23,"key":"SMITH"},{"data":"Shockwave","floor":25,"key":"SMITH"},{"data":"Heavy Blade","floor":28,"key":"SMITH"},{"data":"Seeing Red","floor":32,"key":"SMITH"},{"data":"Double Tap","floor":40,"key":"SMITH"},{"data":"Power Through","floor":42,"key":"SMITH"},{"data":"Reaper","floor":44,"key":"SMITH"},{"floor":49,"key":"REST"}],"neow_cost":"NONE","seed_source_timestamp":881830671946428,"circlet_count":0,"master_deck":["Strike_R+1","Bash+1","Shockwave+1","Spot Weakness+1","Shrug It Off+1","Armaments+1","Ghostly Armor+1","Double Tap+1","Reckless Charge+1","Metallicize+1","Immolate+1","Power Through+1","Evolve+1","Heavy Blade+1","Seeing Red+1","Reaper+1","Flame Barrier+1","Shockwave+1"],"relics":["Burning Blood","MawBank","Whetstone","Bronze Scales","Membership Card","PreservedInsect","Bag of Preparation","Astrolabe","Vajra","Anchor","Art of War","Nilry\u0027s Codex","Empty Cage","War Paint","Letter Opener","Happy Flower","Centennial Puzzle"],"potions_floor_usage":[6,7,13,16,16,16,20,20,24,27,27,38,48,50],"damage_taken":[{"damage":5,"enemies":"2 Louse","floor":1,"turns":4},{"damage":4,"enemies":"Small Slimes","floor":2,"turns":4},{"damage":13,"enemies":"Jaw Worm","floor":3,"turns":4},{"damage":9,"enemies":"Looter","floor":4,"turns":3},{"damage":23,"enemies":"3 Sentries","floor":6,"turns":7},{"damage":1,"enemies":"Exordium Wildlife","floor":7,"turns":3},{"damage":0,"enemies":"2 Fungi Beasts","floor":11,"turns":5},{"damage":40,"enemies":"Lagavulin","floor":13,"turns":7},{"damage":28,"enemies":"The Guardian","floor":16,"turns":13},{"damage":12,"enemies":"2 Thieves","floor":18,"turns":3},{"damage":0,"enemies":"Spheric Guardian","floor":20,"turns":6},{"damage":26,"enemies":"Gremlin Leader","floor":24,"turns":6},{"damage":6,"enemies":"Book of Stabbing","floor":27,"turns":4},{"damage":0,"enemies":"Centurion and Healer","floor":29,"turns":8},{"damage":0,"enemies":"3 Cultists","floor":31,"turns":1},{"damage":52,"enemies":"Automaton","floor":33,"turns":8},{"damage":16,"enemies":"3 Shapes","floor":35,"turns":6},{"damage":0,"enemies":"Orb Walker","floor":36,"turns":4},{"damage":9,"enemies":"Transient","floor":38,"turns":5},{"damage":0,"enemies":"Reptomancer","floor":41,"turns":3},{"damage":3,"enemies":"Sphere and 2 Shapes","floor":45,"turns":4},{"damage":30,"enemies":"Maw","floor":46,"turns":8},{"damage":29,"enemies":"Transient","floor":48,"turns":5},{"damage":39,"enemies":"Time Eater","floor":50,"turns":14}],"seed_played":"-4166965175087604028","potions_obtained":[{"floor":2,"key":"PowerPotion"},{"floor":3,"key":"SteroidPotion"},{"floor":4,"key":"SkillPotion"},{"floor":7,"key":"SteroidPotion"},{"floor":11,"key":"EntropicBrew"},{"floor":20,"key":"Weak Potion"},{"floor":24,"key":"SpeedPotion"},{"floor":33,"key":"Fire Potion"},{"floor":35,"key":"Strength Potion"},{"floor":45,"key":"FearPotion"}],"is_trial":false,"path_per_floor":["M","M","M","M","?","E","M","R","T","R","M","?","E","$","R","B",null,"M","$","M","$","?","R","E","R","T","E","R","M","?","M","R","B",null,"M","M","?","M","?","R","E","R","T","R","M","M","$","M","R","B",null],"character_chosen":"IRONCLAD","items_purchased":["Membership Card","PreservedInsect","Bag of Preparation","Poison Potion","Evolve","Heavy Blade","Regen Potion","Happy Flower","AttackPotion","Centennial Puzzle"],"campfire_rested":1,"item_purchase_floors":[14,14,14,14,19,19,21,47,47,47],"current_hp_per_floor":[81,83,76,73,62,45,50,50,50,50,56,78,44,44,44,22,72,66,66,72,72,72,72,52,52,52,64,64,70,54,60,60,14,70,60,66,66,63,63,63,69,69,69,69,72,48,48,34,60,55],"gold":125,"neow_bonus":"TEN_PERCENT_HP_BONUS","is_prod":false,"is_daily":false,"chose_seed":false,"campfire_upgraded":10,"win_rate":0,"timestamp":1551087837,"path_taken":["M","M","M","M","?","E","M","R","T","R","M","?","E","$","R","BOSS","M","$","M","$","?","R","E","R","T","E","R","M","?","M","R","BOSS","M","M","?","M","?","R","E","R","T","R","M","M","$","M","R","BOSS"],"build_version":"2019-01-23","purchased_purges":3,"victory":true,"max_hp_per_floor":[88,88,88,88,88,88,88,88,88,88,88,88,88,88,88,88,88,88,88,88,88,88,88,88,88,88,88,88,88,88,88,88,88,88,88,88,88,88,88,88,88,88,88,88,88,88,88,88,88,88],"card_choices":[{"not_picked":["Clash","Dual Wield","Rupture"],"picked":"SKIP","floor":1},{"not_picked":["Anger","Iron Wave"],"picked":"Shockwave","floor":2},{"not_picked":["Perfected Strike","Dropkick"],"picked":"Spot Weakness","floor":3},{"not_picked":["Perfected Strike","Twin Strike"],"picked":"Shrug It Off","floor":4},{"not_picked":["Warcry","Clash"],"picked":"Armaments","floor":6},{"not_picked":["Sever Soul","Anger","Havoc"],"picked":"SKIP","floor":7},{"not_picked":["Corruption","Clothesline"],"picked":"Ghostly Armor","floor":11},{"not_picked":["Iron Wave","Rupture","Infernal Blade"],"picked":"SKIP","floor":13},{"not_picked":["Exhume","Juggernaut"],"picked":"Double Tap","floor":16},{"not_picked":["Clash","Evolve+1"],"picked":"Power Through","floor":18},{"not_picked":["Intimidate","Second Wind","Shrug It Off"],"picked":"SKIP","floor":20},{"not_picked":["Cleave","Thunderclap","Juggernaut"],"picked":"SKIP","floor":24},{"not_picked":["Sword Boomerang","Thunderclap","Twin Strike"],"picked":"SKIP","floor":27},{"not_picked":["Flex","Rupture","Clothesline"],"picked":"SKIP","floor":29},{"not_picked":["Berserk","Hemokinesis"],"picked":"Seeing Red","floor":31},{"not_picked":["Limit Break","Fiend Fire"],"picked":"Reaper","floor":33},{"not_picked":["Fire Breathing+1","Second Wind+1"],"picked":"Flame Barrier+1","floor":35},{"not_picked":["Body Slam+1","Flex","Shrug It Off+1"],"picked":"SKIP","floor":36},{"not_picked":["Cleave","Rupture+1"],"picked":"Shockwave+1","floor":38},{"not_picked":["Barricade","Wild Strike","Burning Pact"],"picked":"SKIP","floor":41},{"not_picked":["Intimidate+1","Havoc+1","Wild Strike+1"],"picked":"SKIP","floor":45},{"not_picked":["Clash+1","Armaments+1","Headbutt"],"picked":"SKIP","floor":46},{"not_picked":["Sword Boomerang","Wild Strike+1","Fire Breathing+1"],"picked":"SKIP","floor":48}],"player_experience":481930,"relics_obtained":[{"floor":6,"key":"MawBank"},{"floor":9,"key":"Whetstone"},{"floor":13,"key":"Bronze Scales"},{"floor":24,"key":"Vajra"},{"floor":26,"key":"Anchor"},{"floor":27,"key":"Art of War"},{"floor":30,"key":"Nilry\u0027s Codex"},{"floor":41,"key":"War Paint"},{"floor":43,"key":"Letter Opener"}],"event_choices":[{"damage_healed":0,"gold_gain":75,"player_choice":"Gather Gold","damage_taken":11,"max_hp_gain":0,"max_hp_loss":0,"event_name":"World of Goop","floor":5,"gold_loss":0},{"damage_healed":22,"gold_gain":0,"player_choice":"Healed","damage_taken":0,"max_hp_gain":0,"max_hp_loss":0,"event_name":"The Cleric","floor":12,"gold_loss":35},{"damage_healed":0,"gold_gain":0,"player_choice":"Obtained Book","damage_taken":16,"max_hp_gain":0,"max_hp_loss":0,"event_name":"Cursed Tome","floor":30,"gold_loss":0},{"damage_healed":0,"gold_gain":0,"player_choice":"Ignored","damage_taken":0,"max_hp_gain":0,"max_hp_loss":0,"event_name":"Tomb of Lord Red Mask","floor":37,"gold_loss":0},{"damage_healed":0,"gold_gain":0,"player_choice":"Ignored","damage_taken":0,"max_hp_gain":0,"max_hp_loss":0,"event_name":"Mysterious Sphere","floor":39,"gold_loss":0}],"is_beta":false,"boss_relics":[{"not_picked":["Coffee Dripper","White Beast Statue"],"picked":"Astrolabe"},{"not_picked":["Eternal Feather","Lizard Tail"],"picked":"Empty Cage"}],"items_purged_floors":[14,19,47],"is_endless":false,"potions_floor_spawned":[2,3,4,7,11,20,24,33,35,45],"ascension_level":7}