{"gold_per_floor":[114,389,399,42,57,88,88,123,149,176,188,188,188,202,202,306,306,326,344,94,113,12,12,38,38,38,38,72,72,0,18,18,115,115,125,0,10,10],"floor_reached":38,"playtime":2728,"items_purged":["Regret","Strike_R","Strike_R"],"score":526,"play_id":"ee186de0-3296-4894-84bb-414de0b9f9fd","local_time":"20190221120303","is_ascension_mode":true,"campfire_choices":[{"data":"Armaments","floor":7,"key":"SMITH"},{"data":"Metallicize","floor":12,"key":"SMITH"},{"floor":15,"key":"REST"},{"floor":23,"key":"REST"},{"floor":25,"key":"REST"},{"data":"Demon Form","floor":27,"key":"SMITH"},{"floor":32,"key":"REST"}],"neow_cost":"NONE","seed_source_timestamp":540778727432370,"circlet_count":0,"master_deck":["Strike_R","Strike_R","Strike_R","Defend_R","Defend_R","Defend_R","Defend_R","Bash","Disarm","Metallicize+1","Armaments+1","Rage","Impervious","Reaper","Demon Form+1","Whirlwind","Metallicize+1","Heavy Blade","Flex","Feel No Pain+1","Reaper","Corruption+1","Rampage","Flame Barrier"],"relics":["Burning Blood","NeowsBlessing","Mummified Hand","Smiling Mask","Bag of Marbles","Red Skull","Vajra","Matryoshka","Philosopher\u0027s Stone","DollysMirror","Bird Faced Urn","Lantern","Bottled Tornado","StoneCalendar","Velvet Choker"],"potions_floor_usage":[6,8,10,16,19,28,33],"damage_taken":[{"damage":0,"enemies":"Cultist","floor":1,"turns":1},{"damage":0,"enemies":"Small Slimes","floor":3,"turns":1},{"damage":0,"enemies":"Jaw Worm","floor":5,"turns":1},{"damage":35,"enemies":"3 Sentries","floor":6,"turns":14},{"damage":12,"enemies":"Lagavulin","floor":8,"turns":10},{"damage":14,"enemies":"3 Sentries","floor":10,"turns":7},{"damage":2,"enemies":"3 Louse","floor":11,"turns":3},{"damage":7,"enemies":"Looter","floor":14,"turns":2},{"damage":46,"enemies":"The Guardian","floor":16,"turns":14},{"damage":26,"enemies":"3 Byrds","floor":18,"turns":7},{"damage":33,"enemies":"2 Thieves","floor":19,"turns":4},{"damage":35,"enemies":"Chosen and Byrds","floor":21,"turns":8},{"damage":66,"enemies":"Slavers","floor":24,"turns":5},{"damage":29,"enemies":"Gremlin Leader","floor":28,"turns":6},{"damage":24,"enemies":"Shelled Parasite and Fungi","floor":31,"turns":5},{"damage":19,"enemies":"Collector","floor":33,"turns":8},{"damage":14,"enemies":"Orb Walker","floor":35,"turns":3},{"damage":23,"enemies":"3 Darklings","floor":37,"turns":5},{"damage":104,"enemies":"2 Orb Walkers","floor":38,"turns":5}],"seed_played":"8117762976612280948","potions_obtained":[{"floor":3,"key":"Weak Potion"},{"floor":6,"key":"Dexterity Potion"},{"floor":8,"key":"PowerPotion"},{"floor":14,"key":"PowerPotion"},{"floor":18,"key":"PowerPotion"},{"floor":24,"key":"Poison Potion"},{"floor":31,"key":"FearPotion"}],"is_trial":false,"path_per_floor":["M","?","M","$","M","E","R","E","T","E","M","R","T","M","R","B",null,"M","M","$","M","$","R","E","R","T","R","E","?","?","M","R","B",null,"M","$","M","?"],"character_chosen":"IRONCLAD","items_purchased":["Mummified Hand","Metallicize","Armaments","DollysMirror","Heavy Blade","Rampage"],"campfire_rested":4,"item_purchase_floors":[4,4,4,20,22,36],"current_hp_per_floor":[80,80,80,80,80,51,51,45,45,37,45,45,45,44,68,28,80,77,50,50,31,31,55,16,40,40,40,43,43,43,31,55,80,80,72,72,80,0],"gold":10,"neow_bonus":"THREE_ENEMY_KILL","is_prod":false,"is_daily":false,"chose_seed":false,"campfire_upgraded":3,"win_rate":0,"timestamp":1550746983,"path_taken":["M","?","?","$","M","E","R","E","T","E","M","R","?","M","R","BOSS","M","M","$","M","$","R","E","R","T","R","E","?","?","M","R","BOSS","M","$","M","?"],"build_version":"2019-01-23","purchased_purges":3,"victory":false,"max_hp_per_floor":[80,80,80,80,80,80,80,80,80,80,80,80,80,80,80,80,80,80,80,80,80,80,80,80,80,80,80,80,80,80,80,80,80,80,80,80,80,80],"card_choices":[{"not_picked":["Clash","Corruption"],"picked":"Disarm","floor":1},{"not_picked":["Clothesline","Iron Wave","Pummel"],"picked":"SKIP","floor":3},{"not_picked":["Perfected Strike","True Grit"],"picked":"Rage","floor":5},{"not_picked":["Cleave","Perfected Strike","Blood for Blood"],"picked":"SKIP","floor":6},{"not_picked":["Thunderclap","Reckless Charge"],"picked":"Impervious","floor":8},{"not_picked":["Fire Breathing","Blood for Blood"],"picked":"Reaper","floor":10},{"not_picked":["Heavy Blade","Clash","Sword Boomerang"],"picked":"SKIP","floor":11},{"not_picked":["Warcry","Sever Soul","Armaments"],"picked":"SKIP","floor":14},{"not_picked":["Offering","Immolate"],"picked":"Demon Form","floor":16},{"not_picked":["Wild Strike","Pommel Strike","Armaments"],"picked":"SKIP","floor":18},{"not_picked":["Clash","Sever Soul"],"picked":"Whirlwind","floor":19},{"not_picked":["Cleave","Sentinel","Wild Strike"],"picked":"SKIP","floor":21},{"not_picked":["Pommel Strike","Armaments"],"picked":"Flex","floor":24},{"not_picked":["Sword Boomerang","Iron Wave","Bloodletting"],"picked":"SKIP","floor":28},{"not_picked":["Heavy Blade","Corruption"],"picked":"Feel No Pain+1","floor":31},{"not_picked":["Bludgeon","Immolate"],"picked":"Reaper","floor":33},{"not_picked":["Power Through+1","Sentinel+1"],"picked":"Corruption+1","floor":35},{"not_picked":["Sever Soul+1","Feel No Pain"],"picked":"Flame Barrier","floor":37}],"player_experience":304700,"relics_obtained":[{"floor":6,"key":"Smiling Mask"},{"floor":8,"key":"Bag of Marbles"},{"floor":9,"key":"Red Skull"},{"floor":10,"key":"Vajra"},{"floor":13,"key":"Matryoshka"},{"floor":24,"key":"Bird Faced Urn"},{"floor":26,"key":"Lantern"},{"floor":26,"key":"Bottled Tornado"},{"floor":28,"key":"StoneCalendar"}],"event_choices":[{"damage_healed":0,"gold_gain":275,"player_choice":"Desecrate","damage_taken":0,"max_hp_gain":0,"max_hp_loss":0,"event_name":"Golden Shrine","floor":2,"gold_loss":0,"cards_obtained":["Regret"]},{"damage_healed":0,"gold_gain":0,"player_choice":"Ignored","damage_taken":0,"max_hp_gain":0,"max_hp_loss":0,"event_name":"Cursed Tome","floor":29,"gold_loss":0},{"damage_healed":0,"gold_gain":0,"player_choice":"Paid Fearfully","damage_taken":0,"max_hp_gain":0,"max_hp_loss":0,"event_name":"Masked Bandits","floor":30,"gold_loss":72},{"damage_healed":0,"gold_gain":0,"player_choice":"Fight","damage_taken":0,"max_hp_gain":0,"max_hp_loss":0,"event_name":"Mysterious Sphere","floor":38,"gold_loss":0}],"is_beta":false,"boss_relics":[{"not_picked":["Eternal Feather","Busted Crown"],"picked":"Philosopher\u0027s Stone"},{"not_picked":["Mark of Pain","Runic Dome"],"picked":"Velvet Choker"}],"items_purged_floors":[20,22,36],"is_endless":false,"potions_floor_spawned":[3,6,8,14,18,24,31],"killed_by":"2 Orb Walkers","ascension_level":3}