{"gold_per_floor":[361,415,434,434,452,452,160,185,185,204,217,248,260,347,359,501,513,543,480],"floor_reached":19,"playtime":737,"items_purged":["Injury"],"score":254,"play_id":"c07b5c01-977b-4f5d-bfea-9def41e333cb","local_time":"20180927140039","is_ascension_mode":true,"campfire_choices":[{"data":"Bash","floor":6,"key":"SMITH"},{"floor":15,"key":"REST"}],"neow_cost":"TEN_PERCENT_HP_LOSS","seed_source_timestamp":225104487720809,"circlet_count":0,"master_deck":["Strike_R","Strike_R","Strike_R","Strike_R","Strike_R","Defend_R+1","Defend_R","Defend_R","Defend_R","Bash+1","AscendersBane","Disarm","Seeing Red+1","Pommel Strike","Flex","Chrysalis","Demon Form","Armaments","Berserk","Shrug It Off"],"relics":["Burning Blood","Strawberry","Golden Idol","War Paint","MawBank","Charon\u0027s Ashes","Tiny Chest","Mark of Pain"],"potions_floor_usage":[5,16,16],"damage_taken":[{"damage":6,"enemies":"Cultist","floor":1,"turns":4},{"damage":14,"enemies":"Jaw Worm","floor":3,"turns":4},{"damage":8,"enemies":"Small Slimes","floor":5,"turns":6},{"damage":27,"enemies":"Red Slaver","floor":8,"turns":7},{"damage":16,"enemies":"3 Louse","floor":10,"turns":5},{"damage":4,"enemies":"Blue Slaver","floor":11,"turns":5},{"damage":23,"enemies":"Lagavulin","floor":12,"turns":9},{"damage":13,"enemies":"Slime Boss","floor":16,"turns":7},{"damage":45,"enemies":"3 Byrds","floor":18,"turns":5},{"damage":41,"enemies":"2 Thieves","floor":19,"turns":3}],"seed_played":"1515562237251720730","potions_obtained":[{"floor":1,"key":"Ancient Potion"},{"floor":5,"key":"Fruit Juice"},{"floor":10,"key":"Energy Potion"},{"floor":11,"key":"Swift Potion"}],"is_trial":false,"path_per_floor":["M","T","M","?","M","R","$","M","T","M","M","E","?","T","R","B",null,"M"],"character_chosen":"IRONCLAD","items_purchased":["Flex","Chrysalis"],"campfire_rested":1,"item_purchase_floors":[7,7],"current_hp_per_floor":[72,79,71,71,74,74,74,53,53,43,45,28,25,25,50,43,74,35,0],"gold":480,"neow_bonus":"TWO_FIFTY_GOLD","is_prod":false,"is_daily":false,"chose_seed":false,"campfire_upgraded":1,"win_rate":0,"timestamp":1538053239,"path_taken":["M","?","M","?","M","R","$","M","T","?","M","E","?","?","R","BOSS","M","M"],"build_version":"2018-09-20","purchased_purges":1,"victory":false,"max_hp_per_floor":[72,79,79,79,84,84,84,84,84,84,84,84,84,84,84,84,84,84,84],"card_choices":[{"not_picked":["Burning Pact","Havoc"],"picked":"Disarm","floor":1},{"not_picked":["Sword Boomerang","Disarm"],"picked":"Seeing Red","floor":3},{"not_picked":["Havoc","Headbutt"],"picked":"Pommel Strike","floor":5},{"not_picked":["Havoc","Twin Strike"],"picked":"Demon Form","floor":8},{"not_picked":["Heavy Blade","Seeing Red"],"picked":"Armaments","floor":10},{"not_picked":["Warcry","Twin Strike","Dark Embrace"],"picked":"SKIP","floor":11},{"not_picked":["Headbutt","Pommel Strike","Entrench"],"picked":"SKIP","floor":12},{"not_picked":["Exhume","Fiend Fire"],"picked":"Berserk","floor":16},{"not_picked":["Sword Boomerang","Thunderclap"],"picked":"Shrug It Off","floor":18}],"player_experience":424520,"relics_obtained":[{"floor":2,"key":"Strawberry"},{"floor":9,"key":"War Paint"},{"floor":12,"key":"MawBank"},{"floor":14,"key":"Tiny Chest"}],"event_choices":[{"event_name":"Golden Idol","player_choice":"Take Wound","floor":4,"damage_taken":0},{"event_name":"Scrap Ooze","player_choice":"success","floor":13,"damage_taken":3}],"is_beta":false,"boss_relics":[{"not_picked":["Runic Cube","Pandora\u0027s Box"],"picked":"Mark of Pain"}],"items_purged_floors":[7],"is_endless":false,"potions_floor_spawned":[1,5,10,11],"killed_by":"2 Thieves","ascension_level":10}