{"gold_per_floor":[114,114,134,147,322,322,343,343,343,17,30,30,30,305,305,305],"floor_reached":16,"playtime":536,"items_purged":["Pain"],"score":145,"play_id":"1b0e093c-ffad-4e7d-b9f0-e97b80d93020","local_time":"20181206193449","is_ascension_mode":true,"campfire_choices":[{"data":"Armaments","floor":6,"key":"SMITH"},{"floor":8,"key":"REST"},{"data":"Intimidate","floor":15,"key":"SMITH"}],"neow_cost":"NONE","seed_source_timestamp":69284418776496,"circlet_count":0,"master_deck":["AscendersBane","Strike_R","Strike_R","Strike_R","Strike_R","Strike_R","Defend_R","Defend_R","Defend_R","Defend_R","Bash","Shrug It Off","Sword Boomerang","Armaments+1","Doubt","Iron Wave","Intimidate+1","Regret"],"relics":["Burning Blood","NeowsBlessing","WarpedTongs","Odd Mushroom","Mummified Hand","Frozen Egg 2"],"potions_floor_usage":[16],"damage_taken":[{"damage":0,"enemies":"Jaw Worm","floor":1,"turns":1},{"damage":0,"enemies":"Cultist","floor":3,"turns":1},{"damage":0,"enemies":"Small Slimes","floor":4,"turns":1},{"damage":74,"enemies":"The Mushroom Lair","floor":7,"turns":7},{"damage":0,"enemies":"2 Fungi Beasts","floor":11,"turns":5},{"damage":42,"enemies":"Hexaghost","floor":16,"turns":9}],"seed_played":"6259042794936249430","potions_obtained":[{"floor":1,"key":"SmokeBomb"},{"floor":3,"key":"SpeedPotion"}],"is_trial":false,"path_per_floor":["M","?","M","M","?","R","?","R","T","$","M","$","?","?","R","B"],"character_chosen":"IRONCLAD","items_purchased":["Frozen Egg 2"],"campfire_rested":1,"item_purchase_floors":[10],"current_hp_per_floor":[78,78,80,80,80,80,12,36,36,36,42,42,42,42,42,0],"gold":305,"neow_bonus":"THREE_ENEMY_KILL","is_prod":false,"is_daily":false,"chose_seed":false,"campfire_upgraded":2,"win_rate":0,"timestamp":1544124889,"path_taken":["M","?","?","M","?","R","?","R","T","$","M","$","?","?","R","BOSS"],"build_version":"2018-11-15","purchased_purges":1,"victory":false,"max_hp_per_floor":[80,80,80,80,80,80,80,80,80,80,80,80,80,80,80,80],"card_choices":[{"not_picked":["Rampage","Bloodletting"],"picked":"Shrug It Off","floor":1},{"not_picked":["Headbutt","Combust"],"picked":"Sword Boomerang","floor":3},{"not_picked":["Pommel Strike","Combust"],"picked":"Armaments","floor":4},{"not_picked":["Wild Strike","Armaments"],"picked":"Iron Wave","floor":7},{"not_picked":["Rampage","Fire Breathing+1"],"picked":"Intimidate","floor":11}],"player_experience":530037,"relics_obtained":[{"floor":7,"key":"Odd Mushroom"},{"floor":9,"key":"Mummified Hand"}],"event_choices":[{"damage_healed":0,"gold_gain":0,"player_choice":"Rummage","damage_taken":0,"relics_obtained":["WarpedTongs"],"max_hp_gain":0,"max_hp_loss":0,"event_name":"Accursed Blacksmith","floor":2,"gold_loss":0,"cards_obtained":["Pain"]},{"damage_healed":0,"gold_gain":175,"player_choice":"AGREE","damage_taken":0,"max_hp_gain":0,"max_hp_loss":0,"event_name":"Liars Game","floor":5,"gold_loss":0,"cards_obtained":["Doubt"]},{"damage_healed":0,"gold_gain":0,"player_choice":"Fought Mushrooms","damage_taken":0,"max_hp_gain":0,"max_hp_loss":0,"event_name":"Mushrooms","floor":7,"gold_loss":0},{"damage_healed":0,"gold_gain":0,"player_choice":"Leave","damage_taken":0,"max_hp_gain":0,"max_hp_loss":0,"event_name":"The Cleric","floor":13,"gold_loss":0},{"damage_healed":0,"gold_gain":275,"player_choice":"Desecrate","damage_taken":0,"max_hp_gain":0,"max_hp_loss":0,"event_name":"Golden Shrine","floor":14,"gold_loss":0,"cards_obtained":["Regret"]}],"is_beta":false,"boss_relics":[],"items_purged_floors":[10],"is_endless":false,"potions_floor_spawned":[1,3],"killed_by":"Hexaghost","ascension_level":13}