{"gold_per_floor":[209,209,221,241,241,241,241,241,310,310,329,329,329,342,342,445,445,465,34,35,35,52,52,52],"floor_reached":24,"playtime":1050,"items_purged":["Decay"],"score":288,"play_id":"e2c3c0db-3800-43f0-a2e4-bed03ec53613","local_time":"20181029200946","is_ascension_mode":true,"campfire_choices":[{"data":"Darkness","floor":6,"key":"SMITH"},{"data":"Dualcast","floor":8,"key":"SMITH"},{"floor":12,"key":"REST"},{"data":"Zap","floor":15,"key":"SMITH"},{"data":"Buffer","floor":23,"key":"SMITH"}],"neow_cost":"NONE","seed_source_timestamp":193755229855682,"circlet_count":0,"master_deck":["Strike_B","Strike_B","Strike_B","Defend_B+1","Defend_B","Defend_B","Defend_B+1","Zap+1","Dualcast+1","AscendersBane","Cold Snap","Darkness+1","Leap","Sweeping Beam","Buffer+1","Steam","FTL","Ball Lightning","Redo"],"relics":["FrozenCore","GremlinMask","Meat on the Bone","Singing Bowl","Turnip"],"potions_floor_usage":[16,24],"damage_taken":[{"damage":9,"enemies":"Jaw Worm","floor":1,"turns":3},{"damage":0,"enemies":"Cultist","floor":3,"turns":3},{"damage":4,"enemies":"Small Slimes","floor":4,"turns":3},{"damage":22,"enemies":"3 Louse","floor":11,"turns":5},{"damage":0,"enemies":"Red Slaver","floor":14,"turns":4},{"damage":40,"enemies":"Slime Boss","floor":16,"turns":11},{"damage":32,"enemies":"3 Byrds","floor":18,"turns":9},{"damage":13,"enemies":"2 Thieves","floor":20,"turns":4},{"damage":28,"enemies":"Cultist and Chosen","floor":22,"turns":7},{"damage":45,"enemies":"Gremlin Leader","floor":24,"turns":6}],"seed_played":"-1788936582119696589","potions_obtained":[{"floor":1,"key":"Explosive Potion"},{"floor":16,"key":"FairyPotion"},{"floor":18,"key":"FocusPotion"}],"is_trial":false,"path_per_floor":["M","?","M","M","?","R","?","R","T","?","M","R","T","M","R","B",null,"M","$","M","?","M","R"],"character_chosen":"DEFECT","items_purchased":["FTL","Turnip"],"campfire_rested":1,"item_purchase_floors":[19,19],"current_hp_per_floor":[59,59,59,55,55,55,55,55,55,40,30,52,52,54,54,26,64,44,44,43,43,27,27,0],"gold":52,"neow_bonus":"HUNDRED_GOLD","is_prod":false,"is_daily":false,"chose_seed":false,"campfire_upgraded":4,"win_rate":0,"timestamp":1540843786,"path_taken":["M","?","M","M","?","R","?","R","T","?","?","R","?","M","R","BOSS","M","$","M","?","M","R","E"],"build_version":"2018-10-25v2","purchased_purges":1,"victory":false,"max_hp_per_floor":[75,75,75,75,75,75,75,75,75,75,75,75,75,77,77,77,77,77,77,77,77,77,77,77],"card_choices":[{"not_picked":["Heatsinks","Stack"],"picked":"Cold Snap","floor":1},{"not_picked":["Steam","Doom and Gloom"],"picked":"Darkness","floor":3},{"not_picked":["Beam Cell","Turbo"],"picked":"Leap","floor":4},{"not_picked":["Sunder","Rebound"],"picked":"Sweeping Beam","floor":11},{"not_picked":["Steam","Storm","Tempest"],"picked":"Singing Bowl","floor":14},{"not_picked":["Thunder Strike","Multi-Cast"],"picked":"Buffer","floor":16},{"not_picked":["Compile Driver","Hologram"],"picked":"Steam","floor":18},{"not_picked":["Darkness","Streamline"],"picked":"Ball Lightning","floor":20},{"not_picked":["Doom and Gloom","Thunder Strike"],"picked":"Redo","floor":22}],"player_experience":487064,"relics_obtained":[{"floor":9,"key":"Meat on the Bone"},{"floor":13,"key":"Singing Bowl"}],"event_choices":[{"damage_healed":0,"gold_gain":0,"cards_transformed":["Strike_B"],"player_choice":"Transformed","damage_taken":0,"max_hp_gain":0,"max_hp_loss":0,"event_name":"Transmorgrifier","floor":2,"gold_loss":0,"cards_obtained":["Recycle"]},{"damage_healed":0,"gold_gain":0,"player_choice":"Cursed","damage_taken":0,"max_hp_gain":0,"max_hp_loss":0,"event_name":"Wheel of Change","floor":5,"gold_loss":0,"cards_obtained":["Decay"]},{"damage_healed":0,"gold_gain":0,"player_choice":"Trade","damage_taken":0,"relics_obtained":["GremlinMask"],"max_hp_gain":0,"max_hp_loss":0,"event_name":"FaceTrader","floor":7,"gold_loss":0},{"damage_healed":0,"gold_gain":0,"player_choice":"Entered Light","damage_taken":15,"max_hp_gain":0,"max_hp_loss":0,"event_name":"Shining Light","floor":10,"gold_loss":0,"cards_upgraded":["Defend_B","Defend_B"]},{"cards_removed":["Recycle"],"damage_healed":0,"gold_gain":0,"player_choice":"Purged","damage_taken":0,"max_hp_gain":0,"max_hp_loss":0,"event_name":"Purifier","floor":21,"gold_loss":0}],"is_beta":false,"boss_relics":[{"not_picked":["Philosopher\u0027s Stone","Runic Dome"],"picked":"FrozenCore"}],"items_purged_floors":[19],"is_endless":false,"potions_floor_spawned":[1,16,18],"killed_by":"Gremlin Leader","ascension_level":11}