{"gold_per_floor":[121,233,258,288,315,353,378,421,433,445,422,434,446,488,500,617,679,675,687,312,312,312,312],"floor_reached":23,"playtime":924,"items_purged":[],"score":232,"play_id":"42c180d2-3263-433a-bd8c-0fef7452ac09","local_time":"20190310164112","is_ascension_mode":false,"campfire_choices":[{"data":"Corruption","floor":10,"key":"SMITH"},{"floor":13,"key":"REST"},{"data":"Rage","floor":15,"key":"SMITH"}],"neow_cost":"NONE","seed_source_timestamp":828772965938963,"circlet_count":0,"master_deck":["Strike_R+1","Strike_R+1","Strike_R+1","Strike_R+1","Strike_R+1","Defend_R+1","Defend_R+1","Defend_R+1","Defend_R+1","Bash","Corruption+1","Clothesline","Dropkick","Cleave","Rage+1","Iron Wave","Warcry","Shrug It Off","Dark Embrace","Anger","Second Wind"],"relics":["Burning Blood","MawBank","Mango","PreservedInsect","Gambling Chip","Question Card","Tiny House","Happy Flower","Toxic Egg 2","MutagenicStrength","Paper Frog"],"potions_floor_usage":[16,16,16],"damage_taken":[{"damage":8,"enemies":"Jaw Worm","floor":1,"turns":4},{"damage":5,"enemies":"Cultist","floor":3,"turns":5},{"damage":5,"enemies":"2 Louse","floor":4,"turns":3},{"damage":0,"enemies":"Looter","floor":5,"turns":4},{"damage":28,"enemies":"Gremlin Nob","floor":6,"turns":5},{"damage":0,"enemies":"3 Louse","floor":7,"turns":2},{"damage":43,"enemies":"3 Sentries","floor":8,"turns":9},{"damage":19,"enemies":"Gremlin Nob","floor":14,"turns":4},{"damage":62,"enemies":"Slime Boss","floor":16,"turns":14},{"damage":12,"enemies":"2 Thieves","floor":18,"turns":4},{"damage":50,"enemies":"Gremlin Leader","floor":23,"turns":6}],"seed_played":"1270989442872993908","potions_obtained":[{"floor":4,"key":"Regen Potion"},{"floor":8,"key":"SpeedPotion"},{"floor":14,"key":"Poison Potion"},{"floor":16,"key":"LiquidBronze"},{"floor":17,"key":"FearPotion"},{"floor":18,"key":"Poison Potion"}],"is_trial":false,"path_per_floor":["M","?","M","M","M","E","M","E","T","R","?","?","R","E","R","B",null,"M","?","$","?","T","E"],"character_chosen":"IRONCLAD","items_purchased":["Happy Flower","Toxic Egg 2"],"campfire_rested":1,"item_purchase_floors":[20,20],"current_hp_per_floor":[78,78,79,80,80,72,78,41,41,41,64,45,73,60,60,18,99,93,93,93,93,93,43],"gold":312,"neow_bonus":"RANDOM_COMMON_RELIC","is_prod":false,"is_daily":false,"chose_seed":false,"campfire_upgraded":2,"win_rate":0,"timestamp":1552250472,"path_taken":["M","?","M","?","M","E","M","E","T","R","?","?","R","E","R","BOSS","M","?","$","?","?","E"],"build_version":"2019-01-23","purchased_purges":0,"victory":false,"max_hp_per_floor":[80,80,80,80,80,94,94,94,94,94,94,94,94,94,94,94,99,99,99,99,99,99,99],"card_choices":[{"not_picked":["Cleave","Intimidate"],"picked":"Corruption","floor":1},{"not_picked":["Wild Strike","Second Wind"],"picked":"Clothesline","floor":3},{"not_picked":["Warcry","Wild Strike"],"picked":"Dropkick","floor":4},{"not_picked":["Clothesline","Power Through"],"picked":"Cleave","floor":5},{"not_picked":["Pummel","Sword Boomerang"],"picked":"Rage","floor":6},{"not_picked":["Bloodletting","Cleave"],"picked":"Iron Wave","floor":7},{"not_picked":["Heavy Blade","Hemokinesis"],"picked":"Warcry","floor":8},{"not_picked":["Carnage","Perfected Strike"],"picked":"Shrug It Off","floor":14},{"not_picked":["Reaper","Offering","Juggernaut"],"picked":"Dark Embrace","floor":16},{"not_picked":["Thunderclap","Rage","Clothesline"],"picked":"Anger","floor":17},{"not_picked":["Heavy Blade","Reckless Charge+1","Evolve"],"picked":"Second Wind","floor":18}],"player_experience":292553,"relics_obtained":[{"floor":6,"key":"Mango"},{"floor":8,"key":"PreservedInsect"},{"floor":9,"key":"Gambling Chip"},{"floor":14,"key":"Question Card"},{"floor":22,"key":"Paper Frog"}],"event_choices":[{"damage_healed":0,"gold_gain":100,"player_choice":"Gold","damage_taken":0,"max_hp_gain":0,"max_hp_loss":0,"event_name":"Wheel of Change","floor":2,"gold_loss":0},{"damage_healed":23,"gold_gain":0,"player_choice":"Healed","damage_taken":0,"max_hp_gain":0,"max_hp_loss":0,"event_name":"The Cleric","floor":11,"gold_loss":35},{"damage_healed":0,"gold_gain":0,"player_choice":"Entered Light","damage_taken":19,"max_hp_gain":0,"max_hp_loss":0,"event_name":"Shining Light","floor":12,"gold_loss":0,"cards_upgraded":["Strike_R","Strike_R"]},{"damage_healed":0,"gold_gain":0,"player_choice":"Simplicity","damage_taken":0,"max_hp_gain":0,"max_hp_loss":0,"event_name":"Back to Basics","floor":19,"gold_loss":0,"cards_upgraded":["Strike_R","Strike_R","Strike_R","Defend_R","Defend_R","Defend_R"]},{"damage_healed":0,"gold_gain":0,"player_choice":"Inject Mutagens","damage_taken":0,"relics_obtained":["MutagenicStrength"],"max_hp_gain":0,"max_hp_loss":0,"event_name":"Drug Dealer","floor":21,"gold_loss":0}],"is_beta":false,"boss_relics":[{"not_picked":["Sozu","Pandora\u0027s Box"],"picked":"Tiny House"}],"items_purged_floors":[],"is_endless":false,"potions_floor_spawned":[4,8,14,16,18],"killed_by":"Gremlin Leader","ascension_level":0}