{"gold_per_floor":[114,114,114,132,145,145,164,16,16,52,64,89,115,150,162,302,314,346,376,93,114,133,133,133,133,133,133,153,153,171,210,210,333,333,351,159,159,180,204,204,225,225,249,272,293,318,318,339,339,339],"floor_reached":51,"playtime":2397,"items_purged":["Regret"],"score":1037,"play_id":"b1c8c6ac-fe72-4767-a68a-9f988ed5dd66","local_time":"20181204212550","is_ascension_mode":true,"campfire_choices":[{"data":"White Noise","floor":6,"key":"SMITH"},{"floor":11,"key":"REST"},{"floor":15,"key":"REST"},{"data":"Fission","floor":23,"key":"SMITH"},{"data":"Chill","floor":25,"key":"SMITH"},{"data":"Genetic Algorithm","floor":29,"key":"SMITH"},{"data":"Dualcast","floor":32,"key":"SMITH"},{"floor":40,"key":"RECALL"},{"floor":42,"key":"REST"},{"floor":47,"key":"REST"},{"floor":49,"key":"REST"}],"neow_cost":"PERCENT_DAMAGE","seed_source_timestamp":80095016193362,"circlet_count":0,"master_deck":["AscendersBane","Strike_B","Strike_B","Strike_B","Defend_B","Defend_B","Defend_B","Defend_B+1","Zap","Dualcast+1","Conserve Battery+1","Ball Lightning","White Noise+1","Auto Shields","Defragment+1","Sweeping Beam","Buffer+1","Genetic Algorithm+1","Fission+1","Ball Lightning","Self Repair+1","Chill+1","Storm+1","Heatsinks+1","Blizzard+1","Echo Form+1","Electrodynamics+1","Secret Technique","White Noise+1","Capacitor+1","Rip and Tear+1"],"relics":["Cracked Core","Mango","Golden Idol","Frozen Egg 2","MawBank","Omamori","Sozu","War Paint","Strawberry","Molten Egg 2","Orichalcum","Fusion Hammer"],"potions_floor_usage":[14,14],"damage_taken":[{"damage":9,"enemies":"2 Louse","floor":1,"turns":2},{"damage":14,"enemies":"Jaw Worm","floor":4,"turns":3},{"damage":1,"enemies":"Cultist","floor":5,"turns":3},{"damage":25,"enemies":"Large Slime","floor":7,"turns":5},{"damage":0,"enemies":"Looter","floor":12,"turns":3},{"damage":34,"enemies":"Exordium Thugs","floor":13,"turns":8},{"damage":0,"enemies":"Lots of Slimes","floor":14,"turns":4},{"damage":10,"enemies":"Hexaghost","floor":16,"turns":12},{"damage":12,"enemies":"Chosen","floor":18,"turns":7},{"damage":28,"enemies":"3 Byrds","floor":19,"turns":5},{"damage":0,"enemies":"Snecko","floor":21,"turns":5},{"damage":10,"enemies":"Centurion and Healer","floor":22,"turns":9},{"damage":0,"enemies":"3 Cultists","floor":28,"turns":6},{"damage":19,"enemies":"Snake Plant","floor":30,"turns":3},{"damage":21,"enemies":"Gremlin Leader","floor":31,"turns":5},{"damage":4,"enemies":"Automaton","floor":33,"turns":7},{"damage":7,"enemies":"Orb Walker","floor":35,"turns":3},{"damage":15,"enemies":"3 Shapes","floor":38,"turns":3},{"damage":17,"enemies":"Transient","floor":39,"turns":5},{"damage":5,"enemies":"3 Darklings","floor":41,"turns":3},{"damage":0,"enemies":"Sphere and 2 Shapes","floor":44,"turns":3},{"damage":13,"enemies":"Spire Growth","floor":45,"turns":4},{"damage":7,"enemies":"3 Darklings","floor":46,"turns":3},{"damage":11,"enemies":"Sphere and 2 Shapes","floor":48,"turns":4},{"damage":55,"enemies":"Donu and Deca","floor":50,"turns":7}],"seed_played":"4857430056464024285","potions_obtained":[{"floor":1,"key":"Swift Potion"},{"floor":4,"key":"Energy Potion"},{"floor":5,"key":"SkillPotion"}],"is_trial":false,"path_per_floor":["M","?","?","M","M","R","M","$","T","T","R","M","M","M","R","B",null,"M","M","$","M","M","R","?","R","T","?","M","R","M","E","R","B",null,"M","$","?","M","M","R","M","R","T","M","M","M","R","M","R","B",null],"character_chosen":"DEFECT","items_purchased":["Defragment+1","Self Repair+1","War Paint","Chill","Secret Technique"],"campfire_rested":5,"item_purchase_floors":[8,20,20,20,36],"current_hp_per_floor":[55,55,55,41,40,40,15,15,15,15,39,39,5,5,29,19,66,54,26,26,36,36,36,43,43,43,72,82,82,73,62,62,68,84,87,87,87,82,75,75,80,89,89,89,86,89,89,78,89,44],"gold":339,"neow_bonus":"ONE_RARE_RELIC","is_prod":false,"is_daily":false,"chose_seed":false,"campfire_upgraded":5,"win_rate":0,"timestamp":1543958750,"path_taken":["M","?","?","M","M","R","M","?","T","?","R","?","M","?","R","BOSS","M","M","$","M","M","R","?","R","T","?","M","R","M","E","R","BOSS","M","$","?","?","M","R","M","R","T","M","M","M","R","M","R","BOSS"],"build_version":"2018-11-15","purchased_purges":1,"victory":true,"max_hp_per_floor":[89,82,82,82,82,82,82,82,82,82,82,82,82,82,82,82,82,82,82,82,82,82,82,89,89,89,89,89,89,89,89,89,89,89,89,89,89,89,89,89,89,89,89,89,89,89,89,89,89,89],"card_choices":[{"not_picked":["Blizzard","Hologram"],"picked":"Conserve Battery","floor":1},{"not_picked":["Compile Driver","Redo"],"picked":"Ball Lightning","floor":4},{"not_picked":["Turbo","Gash"],"picked":"White Noise","floor":5},{"not_picked":["Melter","Reboot"],"picked":"Auto Shields","floor":7},{"not_picked":["Go for the Eyes","Beam Cell"],"picked":"Sweeping Beam","floor":12},{"not_picked":["Stack","Coolheaded"],"picked":"Buffer+1","floor":13},{"not_picked":["Coolheaded","Beam Cell"],"picked":"Genetic Algorithm","floor":14},{"not_picked":["Reboot","Buffer+1"],"picked":"Fission","floor":16},{"not_picked":["Barrage","Darkness"],"picked":"Ball Lightning","floor":18},{"not_picked":["Leap","Multi-Cast","Blizzard"],"picked":"SKIP","floor":19},{"not_picked":["Leap+1","Stack","Turbo"],"picked":"SKIP","floor":21},{"not_picked":["Coolheaded","Scrape"],"picked":"Storm+1","floor":22},{"not_picked":["Doom and Gloom+1","Gash+1"],"picked":"Heatsinks+1","floor":28},{"not_picked":["Turbo","Beam Cell+1"],"picked":"Blizzard+1","floor":30},{"not_picked":["Melter+1","Blizzard+1"],"picked":"Echo Form+1","floor":31},{"not_picked":["Reboot","Rainbow"],"picked":"Electrodynamics+1","floor":33},{"not_picked":["Steam+1","Beam Cell+1","Aggregate"],"picked":"SKIP","floor":35},{"not_picked":["Chill","Turbo","Streamline+1"],"picked":"SKIP","floor":38},{"not_picked":["Skim+1","Fusion","Sweeping Beam+1"],"picked":"SKIP","floor":39},{"not_picked":["Fusion+1","FTL+1"],"picked":"White Noise+1","floor":41},{"not_picked":["Beam Cell+1","Sweeping Beam+1","Hello World+1"],"picked":"SKIP","floor":44},{"not_picked":["Streamline+1","Consume+1"],"picked":"Capacitor+1","floor":45},{"not_picked":["Capacitor+1","Redo","Hello World+1"],"picked":"SKIP","floor":46},{"not_picked":["Turbo+1","Chaos"],"picked":"Rip and Tear+1","floor":48}],"player_experience":523131,"relics_obtained":[{"floor":9,"key":"MawBank"},{"floor":10,"key":"Omamori"},{"floor":26,"key":"Molten Egg 2"},{"floor":31,"key":"Orichalcum"}],"event_choices":[{"damage_healed":0,"gold_gain":0,"player_choice":"Lose Max HP","damage_taken":0,"relics_obtained":["Golden Idol"],"max_hp_gain":0,"max_hp_loss":7,"event_name":"Golden Idol","floor":2,"gold_loss":0},{"damage_healed":0,"gold_gain":0,"player_choice":"Box","damage_taken":0,"relics_obtained":["Frozen Egg 2"],"max_hp_gain":0,"max_hp_loss":0,"event_name":"Big Fish","floor":3,"gold_loss":0,"cards_obtained":["Regret"]},{"damage_healed":0,"gold_gain":0,"player_choice":"Opened","damage_taken":0,"relics_obtained":["Strawberry"],"max_hp_gain":0,"max_hp_loss":0,"event_name":"The Mausoleum","floor":24,"gold_loss":0},{"damage_healed":29,"gold_gain":0,"player_choice":"Heal","damage_taken":0,"max_hp_gain":0,"max_hp_loss":0,"event_name":"The Library","floor":27,"gold_loss":0},{"cards_removed":["Strike_B"],"damage_healed":0,"gold_gain":0,"player_choice":"Offered Basic","damage_taken":0,"max_hp_gain":0,"max_hp_loss":0,"event_name":"Bonfire Elementals","floor":37,"gold_loss":0}],"is_beta":false,"boss_relics":[{"not_picked":["Empty Cage","Velvet Choker"],"picked":"Sozu"},{"not_picked":["White Beast Statue","Black Star"],"picked":"Fusion Hammer"}],"items_purged_floors":[8],"is_endless":false,"potions_floor_spawned":[1,4,5,12,18,19,30,33,35,39,41,46,48],"ascension_level":12}