{"gold_per_floor":[113,132,132,146,43,43,43,53,53,53,65,96,110,121,121,121],"floor_reached":16,"playtime":1477,"items_purged":[],"score":104,"play_id":"23a2d395-8907-433b-9236-a2b14d63c811","local_time":"20181222055323","is_ascension_mode":false,"campfire_choices":[{"data":"White Noise","floor":6,"key":"SMITH"},{"data":"Capacitor","floor":15,"key":"SMITH"}],"neow_cost":"NONE","seed_source_timestamp":47922383049493,"circlet_count":0,"master_deck":["Strike_B","Strike_B","Strike_B","Strike_B","Defend_B","Defend_B","Defend_B","Defend_B","Zap","Dualcast","Beam Cell","Chill+1","White Noise+1","Conserve Battery","Capacitor+1","Darkness","Stack","Melter","Compile Driver","Reboot"],"relics":["Cracked Core","NeowsBlessing","Bird Faced Urn","Ginger","Bronze Scales","Boot"],"potions_floor_usage":[],"damage_taken":[{"damage":0,"enemies":"Jaw Worm","floor":1,"turns":1},{"damage":0,"enemies":"2 Louse","floor":2,"turns":1},{"damage":0,"enemies":"Small Slimes","floor":4,"turns":1},{"damage":6,"enemies":"Gremlin Gang","floor":8,"turns":6},{"damage":0,"enemies":"Looter","floor":11,"turns":3},{"damage":1,"enemies":"3 Sentries","floor":12,"turns":7},{"damage":5,"enemies":"2 Fungi Beasts","floor":13,"turns":3},{"damage":2,"enemies":"Red Slaver","floor":14,"turns":4},{"damage":77,"enemies":"Slime Boss","floor":16,"turns":12}],"seed_played":"-4353324887591419949","potions_obtained":[{"floor":2,"key":"FairyPotion"},{"floor":12,"key":"FearPotion"},{"floor":14,"key":"Energy Potion"}],"is_trial":false,"path_per_floor":["M","M","?","M","$","R","?","M","T","?","M","E","M","M","R","B"],"character_chosen":"DEFECT","items_purchased":["Conserve Battery","Capacitor"],"campfire_rested":0,"item_purchase_floors":[5,5],"current_hp_per_floor":[75,75,75,75,75,75,72,69,69,69,71,75,70,72,72,0],"gold":121,"neow_bonus":"THREE_ENEMY_KILL","is_prod":false,"is_daily":false,"chose_seed":false,"campfire_upgraded":2,"win_rate":0.0,"timestamp":1545454403,"path_taken":["M","M","?","M","$","R","?","M","T","?","M","E","M","M","R","BOSS"],"build_version":"2018-12-20","purchased_purges":0,"victory":false,"max_hp_per_floor":[75,75,75,75,75,75,75,75,75,75,75,75,75,75,75,75],"card_choices":[{"not_picked":["Compile Driver","Go for the Eyes"],"picked":"Beam Cell","floor":1},{"not_picked":["Reprogram","Cold Snap"],"picked":"Chill","floor":2},{"not_picked":["Streamline","Leap"],"picked":"White Noise","floor":4},{"not_picked":["Gash","Sweeping Beam"],"picked":"Darkness","floor":8},{"not_picked":["Conserve Battery","Glacier"],"picked":"Stack","floor":11},{"not_picked":["Fusion","Rip and Tear"],"picked":"Melter","floor":12},{"not_picked":["Hologram","Glacier"],"picked":"Compile Driver","floor":13},{"not_picked":["Leap","Conserve Battery"],"picked":"Reboot","floor":14}],"player_experience":8649,"relics_obtained":[{"floor":9,"key":"Ginger"},{"floor":12,"key":"Boot"}],"event_choices":[{"damage_healed":0,"gold_gain":0,"player_choice":"Grow","damage_taken":0,"max_hp_gain":0,"max_hp_loss":0,"event_name":"Living Wall","floor":3,"gold_loss":0,"cards_upgraded":["Chill"]},{"damage_healed":0,"gold_gain":0,"player_choice":"Success","damage_taken":3,"relics_obtained":["Bird Faced Urn"],"max_hp_gain":0,"max_hp_loss":0,"event_name":"Scrap Ooze","floor":7,"gold_loss":0},{"damage_healed":0,"gold_gain":0,"player_choice":"Gave Potion","damage_taken":0,"relics_obtained":["Bronze Scales"],"max_hp_gain":0,"max_hp_loss":0,"event_name":"WeMeetAgain","floor":10,"gold_loss":0}],"is_beta":false,"boss_relics":[],"items_purged_floors":[],"is_endless":false,"potions_floor_spawned":[2,12,14],"killed_by":"Slime Boss","ascension_level":0}