{"gold_per_floor":[215,235,235,249,88,420,420,440,440,440,450,485,505,518,518,518],"floor_reached":16,"playtime":911,"items_purged":[],"score":125,"play_id":"c80a0949-d709-444d-8214-bf0d5afc680c","local_time":"20190329203210","is_ascension_mode":true,"campfire_choices":[{"data":"Infernal Blade","floor":7,"key":"SMITH"},{"floor":10,"key":"REST"},{"floor":15,"key":"RECALL"}],"neow_cost":"NONE","seed_source_timestamp":1125113272394300,"circlet_count":0,"master_deck":["Strike_R","Strike_R","Strike_R","Strike_R","Defend_R","Defend_R","Defend_R","Defend_R","Bash","Carnage","Thunderclap","Rampage","Infernal Blade+1","True Grit","Anger","Rampage","Cleave","Metallicize"],"relics":["Burning Blood","Old Coin","Unceasing Top","Bird Faced Urn"],"potions_floor_usage":[12,12,12],"damage_taken":[{"damage":6,"enemies":"Cultist","floor":1,"turns":3},{"damage":1,"enemies":"2 Louse","floor":2,"turns":2},{"damage":19,"enemies":"Jaw Worm","floor":4,"turns":3},{"damage":21,"enemies":"Gremlin Nob","floor":6,"turns":4},{"damage":9,"enemies":"2 Fungi Beasts","floor":8,"turns":3},{"damage":13,"enemies":"Large Slime","floor":11,"turns":6},{"damage":9,"enemies":"Lagavulin","floor":12,"turns":3},{"damage":7,"enemies":"3 Louse","floor":13,"turns":2},{"damage":0,"enemies":"2 Fungi Beasts","floor":14,"turns":2},{"damage":64,"enemies":"The Guardian","floor":16,"turns":10}],"seed_played":"1926305568334272458","potions_obtained":[{"floor":4,"key":"FearPotion"},{"floor":6,"key":"SteroidPotion"},{"floor":11,"key":"EssenceOfSteel"}],"is_trial":false,"path_per_floor":["M","M","?","M","$","E","R","M","T","R","M","E","M","M","R","B"],"character_chosen":"IRONCLAD","items_purchased":["Rampage","Infernal Blade","True Grit"],"campfire_rested":1,"item_purchase_floors":[5,5,5],"current_hp_per_floor":[80,80,73,60,60,45,45,42,42,66,59,56,55,61,61,0],"gold":518,"neow_bonus":"HUNDRED_GOLD","is_prod":false,"is_daily":false,"chose_seed":false,"campfire_upgraded":1,"win_rate":0,"timestamp":1553905930,"path_taken":["M","?","?","M","$","E","R","M","T","R","M","E","M","M","R","BOSS"],"build_version":"2019-01-23","purchased_purges":0,"victory":false,"max_hp_per_floor":[80,80,80,80,80,80,80,80,80,80,80,80,80,80,80,80],"card_choices":[{"not_picked":["Sword Boomerang","Burning Pact"],"picked":"Carnage","floor":1},{"not_picked":["Clothesline","Metallicize"],"picked":"Thunderclap","floor":2},{"not_picked":["Wild Strike","Sentinel","Body Slam"],"picked":"SKIP","floor":4},{"not_picked":["Thunderclap","Evolve"],"picked":"Anger","floor":6},{"not_picked":["True Grit","Twin Strike"],"picked":"Rampage","floor":8},{"not_picked":["Twin Strike","Iron Wave"],"picked":"Cleave","floor":11},{"not_picked":["Disarm","Dropkick"],"picked":"Metallicize","floor":12},{"not_picked":["Twin Strike","Flex","Sever Soul"],"picked":"SKIP","floor":13},{"not_picked":["Body Slam","Warcry","Rupture"],"picked":"SKIP","floor":14}],"player_experience":76276,"relics_obtained":[{"floor":6,"key":"Old Coin"},{"floor":9,"key":"Unceasing Top"},{"floor":12,"key":"Bird Faced Urn"}],"event_choices":[{"cards_removed":["Strike_R"],"damage_healed":0,"gold_gain":0,"player_choice":"Card Removal","damage_taken":7,"max_hp_gain":0,"max_hp_loss":0,"event_name":"Golden Wing","floor":3,"gold_loss":0}],"is_beta":false,"boss_relics":[],"items_purged_floors":[],"is_endless":false,"potions_floor_spawned":[4,6,11],"killed_by":"The Guardian","ascension_level":2}