{"gold_per_floor":[119,119,139,139,139,139,156,184,184,184,200,218,22,50,50,145,195,208,208],"floor_reached":19,"playtime":1082,"items_purged":[],"score":283,"play_id":"77b1ddb7-a11f-4b8b-8c0c-92e285255230","local_time":"20181125133120","is_ascension_mode":true,"campfire_choices":[{"data":"Bash","floor":6,"key":"SMITH"},{"data":"Ghostly Armor","floor":10,"key":"SMITH"},{"floor":15,"key":"REST"}],"neow_cost":"PERCENT_DAMAGE","seed_source_timestamp":0,"circlet_count":0,"master_deck":["AscendersBane","Strike_R","Strike_R+1","Strike_R","Strike_R","Strike_R+1","Defend_R","Defend_R","Defend_R","Defend_R","Bash+1","Metallicize+1","Ghostly Armor+1","Shrug It Off","Thunderclap","Armaments","Spot Weakness","Feed","Evolve","Impervious","Rage","Body Slam+1","Battle Trance+1"],"special_seed":0,"relics":["Burning Blood","Torii","Calipers","Matryoshka","Ancient Tea Set","Prayer Wheel","Regal Pillow","Tiny House"],"potions_floor_usage":[8,14,18],"damage_taken":[{"damage":1.0,"enemies":"Cultist","floor":1.0,"turns":4.0},{"damage":1.0,"enemies":"Small Slimes","floor":3.0,"turns":4.0},{"damage":1,"enemies":"Jaw Worm","floor":7,"turns":5},{"damage":31,"enemies":"Lagavulin","floor":8,"turns":10},{"damage":8,"enemies":"3 Louse","floor":11,"turns":4},{"damage":13,"enemies":"Lots of Slimes","floor":12,"turns":4},{"damage":18,"enemies":"3 Sentries","floor":14,"turns":10},{"damage":49,"enemies":"Slime Boss","floor":16,"turns":15},{"damage":16,"enemies":"Spheric Guardian","floor":18,"turns":11},{"damage":69,"enemies":"Masked Bandits","floor":19,"turns":5}],"seed_played":"8340829470667263023","potions_obtained":[{"floor":1.0,"key":"Energy Potion"},{"floor":12,"key":"GamblersBrew"},{"floor":16,"key":"FearPotion"},{"floor":17,"key":"SpeedPotion"}],"is_trial":false,"path_per_floor":["M","?","M","M","?","?","R","M","E","T","R","M","M","$","E","R","B",null,"M","?"],"character_chosen":"IRONCLAD","items_purchased":["Armaments","Spot Weakness","Feed"],"campfire_rested":1,"item_purchase_floors":[13,13,13],"current_hp_per_floor":[56,80,80,77,61,61,66,41,41,41,39,32,32,23,62,19,72,66,0],"gold":208,"neow_bonus":"ONE_RARE_RELIC","is_prod":false,"is_daily":false,"chose_seed":false,"campfire_upgraded":2,"win_rate":0,"timestamp":1543152680,"path_taken":["M","?","M","?","?","R","M","E","T","R","M","M","$","E","R","BOSS","M","?"],"build_version":"2018-11-15","purchased_purges":0,"victory":false,"max_hp_per_floor":[80,80,80,80,80,80,80,80,80,80,80,80,80,83,83,83,88,92,92],"card_choices":[{"not_picked":["Perfected Strike","Headbutt"],"picked":"Metallicize","floor":1.0},{"not_picked":["Corruption","Twin Strike"],"picked":"Ghostly Armor","floor":3},{"not_picked":["Warcry","Thunderclap"],"picked":"Shrug It Off","floor":7},{"not_picked":["Sentinel","Carnage","Dark Embrace"],"picked":"SKIP","floor":8},{"not_picked":["Sword Boomerang","Sever Soul"],"picked":"Thunderclap","floor":11},{"not_picked":["Seeing Red","Corruption","Wild Strike"],"picked":"SKIP","floor":11},{"not_picked":["Heavy Blade","Seeing Red","Blood for Blood"],"picked":"SKIP","floor":12},{"not_picked":["Searing Blow","Reckless Charge","Sever Soul"],"picked":"SKIP","floor":12},{"not_picked":["Second Wind","Armaments"],"picked":"Evolve","floor":14},{"not_picked":["Fiend Fire","Berserk"],"picked":"Impervious","floor":16},{"not_picked":["Pommel Strike","Headbutt"],"picked":"Rage","floor":17},{"not_picked":["Entrench","Havoc"],"picked":"Body Slam+1","floor":18},{"not_picked":["Anger","Corruption"],"picked":"Battle Trance+1","floor":18}],"player_experience":508026,"relics_obtained":[{"floor":8,"key":"Matryoshka"},{"floor":9,"key":"Ancient Tea Set"},{"floor":9,"key":"Prayer Wheel"},{"floor":14,"key":"Regal Pillow"}],"event_choices":[{"damage_healed":26.0,"max_hp_gain":0.0,"max_hp_loss":0.0,"gold_gain":0.0,"event_name":"Big Fish","player_choice":"Banana","floor":2.0,"gold_loss":0.0,"damage_taken":0.0},{"damage_healed":0,"gold_gain":0,"player_choice":"Success","damage_taken":3,"relics_obtained":["Calipers"],"max_hp_gain":0,"max_hp_loss":0,"event_name":"Scrap Ooze","floor":4,"gold_loss":0},{"damage_healed":0,"gold_gain":0,"player_choice":"Entered Light","damage_taken":16,"max_hp_gain":0,"max_hp_loss":0,"event_name":"Shining Light","floor":5,"gold_loss":0,"cards_upgraded":["Strike_R","Metallicize"]},{"damage_healed":0,"gold_gain":0,"player_choice":"Fought Bandits","damage_taken":0,"max_hp_gain":0,"max_hp_loss":0,"event_name":"Masked Bandits","floor":19,"gold_loss":0}],"is_beta":false,"boss_relics":[{"not_picked":["Eternal Feather","Pandora\u0027s Box"],"picked":"Tiny House"}],"items_purged_floors":[],"is_endless":false,"potions_floor_spawned":[1,12,16],"killed_by":"Masked Bandits","ascension_level":12}