{"gold_per_floor":[119,139,139,139,151,166,166,241,241,256,269,269,269,194,194,299,299,316,333,182,202,202,202,217,217,217,217,232,232,232,232],"floor_reached":31,"playtime":1352,"items_purged":["Parasite","Dualcast"],"score":227,"play_id":"8861a2e6-c042-4daa-9851-31cd86301c4a","local_time":"20180626171225","is_ascension_mode":false,"campfire_choices":[{"data":"White Noise","floor":7,"key":"SMITH"},{"floor":13,"key":"REST"},{"data":"White Noise","floor":15,"key":"SMITH"},{"floor":23,"key":"REST"},{"data":"Buffer","floor":29,"key":"SMITH"}],"neow_cost":"FIFTY_PERCENT_DAMAGE","seed_source_timestamp":370449260976846,"circlet_count":0,"master_deck":["Defend_B","Defend_B","Defend_B","Zap","Tempest","Defragment","White Noise+1","White Noise+1","Buffer+1","Double Energy+1","Go for the Eyes","RitualDagger","Writhe"],"relics":["Cracked Core","Matryoshka","Ancient Tea Set","Pantograph","Empty Cage","Dream Catcher","Meat on the Bone","Regal Pillow"],"potions_floor_usage":[16,24],"damage_taken":[{"damage":0,"enemies":"2 Louse","floor":1,"turns":3},{"damage":1,"enemies":"Cultist","floor":2,"turns":3},{"damage":3,"enemies":"Jaw Worm","floor":5,"turns":4},{"damage":5,"enemies":"Looter","floor":6,"turns":3},{"damage":0,"enemies":"Exordium Thugs","floor":10,"turns":3},{"damage":2,"enemies":"Large Slime","floor":11,"turns":5},{"damage":43,"enemies":"The Guardian","floor":16,"turns":14},{"damage":20,"enemies":"Spheric Guardian","floor":18,"turns":4},{"damage":19,"enemies":"Chosen","floor":19,"turns":4},{"damage":5,"enemies":"Snake Plant","floor":21,"turns":3},{"damage":13,"enemies":"Snecko","floor":24,"turns":6},{"damage":14,"enemies":"Centurion and Healer","floor":28,"turns":10},{"damage":48,"enemies":"3 Cultists","floor":31,"turns":8}],"seed_played":"-3965250508629879128","potions_obtained":[{"floor":1,"key":"SkillPotion"},{"floor":10,"key":"Fire Potion"},{"floor":19,"key":"Block Potion"},{"floor":24,"key":"Fire Potion"}],"is_trial":false,"path_per_floor":["M","M","?","?","M","M","R","?","T","M","M","?","R","$","R","B",null,"M","M","$","M","?","R","M","?","T","?","M","R","?"],"character_chosen":"DEFECT","items_purchased":["Go for the Eyes"],"campfire_rested":2,"item_purchase_floors":[20],"current_hp_per_floor":[38,37,37,25,22,17,17,6,6,6,4,22,44,44,44,33,72,52,33,33,28,22,43,37,37,37,61,47,47,47,0],"gold":232,"neow_bonus":"REMOVE_TWO","is_prod":false,"is_daily":false,"chose_seed":false,"campfire_upgraded":3,"win_rate":0,"timestamp":1530043945,"path_taken":["M","M","?","?","?","M","R","?","T","M","M","?","R","$","R","BOSS","M","M","$","M","?","R","M","?","T","?","M","R","?","M"],"build_version":"2018-06-21v2","purchased_purges":2,"victory":false,"max_hp_per_floor":[75,75,75,75,75,75,75,75,75,75,75,75,75,72,72,72,72,72,72,72,72,72,72,72,72,72,72,72,72,72,72],"card_choices":[{"not_picked":["Stack","Cold Snap"],"picked":"Tempest","floor":1},{"not_picked":["Barrage","Compile Driver"],"picked":"Defragment","floor":2},{"not_picked":["Hologram","All For One","Cold Snap"],"picked":"SKIP","floor":5},{"not_picked":["Darkness","Reinforced Body"],"picked":"White Noise","floor":6},{"not_picked":["Barrage","Glacier"],"picked":"White Noise","floor":10},{"not_picked":["Chaos","Hologram","Sweeping Beam"],"picked":"SKIP","floor":11},{"not_picked":["Meteor Strike","Hyperbeam"],"picked":"Buffer","floor":16},{"not_picked":["Beam Cell","Rip and Tear","Steam"],"picked":"SKIP","floor":18},{"not_picked":["White Noise","Beam Cell"],"picked":"Double Energy+1","floor":19},{"not_picked":["Go for the Eyes","Hologram","Rebound"],"picked":"SKIP","floor":21},{"not_picked":["Skim","Turbo","Aggregate"],"picked":"SKIP","floor":24},{"not_picked":["Stack","Steam Power+1","Go for the Eyes"],"picked":"SKIP","floor":28}],"player_experience":156640,"relics_obtained":[{"floor":9,"key":"Ancient Tea Set"},{"floor":9,"key":"Pantograph"},{"floor":26,"key":"Dream Catcher"},{"floor":26,"key":"Meat on the Bone"}],"event_choices":[{"event_name":"Bonfire Elementals","player_choice":"BASIC","floor":3,"damage_taken":0},{"event_name":"Scrap Ooze","player_choice":"success","floor":4,"damage_taken":12},{"event_name":"World of Goop","player_choice":"Gather Gold","floor":8,"damage_taken":0},{"event_name":"Mushrooms","player_choice":"Healed and dodged fight","floor":12,"damage_taken":0},{"event_name":"Nest","player_choice":"Joined the Cult","floor":22,"damage_taken":0},{"event_name":"Drug Dealer","player_choice":"Ignored","floor":25,"damage_taken":0},{"event_name":"The Library","player_choice":"Heal","floor":27,"damage_taken":0},{"event_name":"The Mausoleum","player_choice":"Yes","floor":30,"damage_taken":0}],"boss_relics":[{"not_picked":["Philosopher\u0027s Stone","Ectoplasm"],"picked":"Empty Cage"}],"items_purged_floors":[14,20],"is_endless":false,"potions_floor_spawned":[1,10,19,24],"killed_by":"3 Cultists","ascension_level":0}