{"gold_per_floor":[118,128,128,128,142,142,142,177,203,203,218,237,82,132,132,230,230,240,515,534,547,398,398,71,71,71,71,91,91,124,139,139,234,234,249,249,249,249,249,281,281,296,375,408,64,64,97,109,109,109,109,109,10,45,45],"floor_reached":55,"playtime":5372,"items_purged":["Strike_B","Regret","Strike_B"],"score":953,"play_id":"1c263905-284a-4af6-bdf6-66e5f80c8bfb","local_time":"20190330155821","is_ascension_mode":true,"campfire_choices":[{"data":"Zap","floor":6,"key":"SMITH"},{"data":"Multi-Cast","floor":10,"key":"SMITH"},{"floor":15,"key":"REST"},{"data":"Echo Form","floor":23,"key":"SMITH"},{"data":"Genetic Algorithm","floor":25,"key":"SMITH"},{"data":"Defragment","floor":29,"key":"SMITH"},{"data":"Turbo","floor":32,"key":"SMITH"},{"data":"Reinforced Body","floor":41,"key":"SMITH"},{"floor":46,"key":"RECALL"},{"data":"White Noise","floor":49,"key":"SMITH"},{"data":"Madness","floor":52,"key":"SMITH"}],"neow_cost":"TEN_PERCENT_HP_LOSS","seed_source_timestamp":10622268752401,"circlet_count":0,"master_deck":["Strike_B","Defend_B","Defend_B","Defend_B","Defend_B","Zap+1","Dualcast+1","Electrodynamics","Leap","Coolheaded","Compile Driver","Multi-Cast+1","Genetic Algorithm+1","Turbo+1","Self Repair","Leap","Echo Form+1","Barrage+1","Leap","Darkness","Coolheaded","Self Repair","Defragment+1","White Noise+1","Turbo+1","Thunder Strike","Reinforced Body+1","Madness+1","Madness","Madness","Defragment+1","Blizzard+1","Glacier","Go for the Eyes+1","Coolheaded","Blizzard+1","Aggregate+1"],"relics":["FrozenCore","NlothsMask","Regal Pillow","DataDisk","Runic Pyramid","Calipers","Darkstone Periapt","Bag of Preparation","Vajra","Molten Egg 2","Bottled Flame","Oddly Smooth Stone","StoneCalendar","Bag of Marbles"],"potions_floor_usage":[11,21,21,30,55,55],"damage_taken":[{"damage":10,"enemies":"Small Slimes","floor":1,"turns":2},{"damage":0,"enemies":"Jaw Worm","floor":2,"turns":3},{"damage":1,"enemies":"Cultist","floor":5,"turns":3},{"damage":25,"enemies":"Lagavulin","floor":8,"turns":6},{"damage":9,"enemies":"Exordium Thugs","floor":11,"turns":2},{"damage":9,"enemies":"Gremlin Gang","floor":12,"turns":6},{"damage":0,"enemies":"Slime Boss","floor":16,"turns":5},{"damage":14,"enemies":"Shell Parasite","floor":18,"turns":5},{"damage":0,"enemies":"Chosen","floor":20,"turns":4},{"damage":4,"enemies":"Snecko","floor":21,"turns":4},{"damage":28,"enemies":"Centurion and Healer","floor":28,"turns":6},{"damage":28,"enemies":"Book of Stabbing","floor":30,"turns":8},{"damage":4,"enemies":"3 Cultists","floor":31,"turns":3},{"damage":0,"enemies":"Collector","floor":33,"turns":6},{"damage":12,"enemies":"3 Darklings","floor":35,"turns":6},{"damage":7,"enemies":"Nemesis","floor":40,"turns":9},{"damage":0,"enemies":"Orb Walker","floor":42,"turns":7},{"damage":6,"enemies":"Reptomancer","floor":44,"turns":8},{"damage":3,"enemies":"Nemesis","floor":47,"turns":8},{"damage":21,"enemies":"Sphere and 2 Shapes","floor":48,"turns":7},{"damage":11,"enemies":"Donu and Deca","floor":50,"turns":8},{"damage":14,"enemies":"Shield and Spear","floor":54,"turns":10},{"damage":102,"enemies":"The Heart","floor":55,"turns":15}],"seed_played":"4326517868514836375","potions_obtained":[{"floor":1,"key":"Explosive Potion"},{"floor":5,"key":"AttackPotion"},{"floor":8,"key":"PowerPotion"},{"floor":16,"key":"EntropicBrew"},{"floor":20,"key":"Ancient Potion"},{"floor":40,"key":"GamblersBrew"},{"floor":44,"key":"Swift Potion"},{"floor":54,"key":"Regen Potion"}],"is_trial":false,"path_per_floor":["M","M","?","?","M","R","T","E","T","R","M","M","$","T","R","B",null,"M","?","M","M","$","R","$","R","T","?","M","R","E","M","R","B",null,"M","?","?","?","?","E","R","M","T","E","$","R","E","M","R","B",null,"R","$","E","B"],"character_chosen":"DEFECT","items_purchased":["Self Repair","Leap","Energy Potion","Calipers","Coolheaded","Oddly Smooth Stone","Blizzard+1","Coolheaded","Blizzard+1"],"campfire_rested":1,"item_purchase_floors":[13,13,22,24,24,45,45,53,53],"current_hp_per_floor":[58,58,58,58,57,57,57,32,32,32,23,14,14,14,49,49,68,68,68,68,68,68,68,68,68,68,68,68,68,61,68,68,68,68,68,68,68,59,59,66,66,68,68,68,68,68,68,61,61,57,68,68,68,68,0],"gold":45,"neow_bonus":"THREE_RARE_CARDS","is_prod":false,"is_daily":false,"chose_seed":false,"campfire_upgraded":9,"win_rate":0,"timestamp":1553957901,"path_taken":["M","M","?","?","?","R","?","E","T","R","?","M","$","?","R","BOSS","M","?","M","?","$","R","$","R","T","?","M","R","E","M","R","BOSS","M","?","?","?","?","E","R","M","T","E","$","R","E","M","R","BOSS","R","$","E","BOSS"],"build_version":"2019-01-23","purchased_purges":3,"victory":false,"max_hp_per_floor":[68,68,68,68,68,68,68,68,68,68,68,68,68,68,68,68,68,68,68,68,68,68,68,68,68,68,68,68,68,68,68,68,68,68,68,68,68,68,68,68,68,68,68,68,68,68,68,68,68,68,68,68,68,68,68],"card_choices":[{"not_picked":["Fission","Biased Cognition"],"picked":"Electrodynamics","floor":0},{"not_picked":["Double Energy","Aggregate"],"picked":"Leap","floor":1},{"not_picked":["Rebound","Double Energy"],"picked":"Coolheaded","floor":2},{"not_picked":["Undo","Sweeping Beam"],"picked":"Compile Driver","floor":5},{"not_picked":["Steam","Compile Driver"],"picked":"Multi-Cast","floor":8},{"not_picked":["Ball Lightning","Scrape"],"picked":"Genetic Algorithm","floor":11},{"not_picked":["Coolheaded","Compile Driver"],"picked":"Turbo","floor":12},{"not_picked":["Multi-Cast","Core Surge"],"picked":"Echo Form","floor":16},{"not_picked":["Sunder","Compile Driver"],"picked":"Barrage+1","floor":18},{"not_picked":["Coolheaded","Redo"],"picked":"Leap","floor":20},{"not_picked":["Streamline","Scrape+1"],"picked":"Darkness","floor":21},{"not_picked":["Multi-Cast","Streamline"],"picked":"Defragment","floor":28},{"not_picked":["Barrage+1","Self Repair+1"],"picked":"White Noise","floor":30},{"not_picked":["Beam Cell+1","Streamline"],"picked":"Turbo+1","floor":31},{"not_picked":["All For One","Hyperbeam"],"picked":"Thunder Strike","floor":33},{"not_picked":["Streamline+1","Doom and Gloom"],"picked":"Reinforced Body","floor":35},{"not_picked":["PanicButton","Jack Of All Trades"],"picked":"Madness","floor":39},{"not_picked":["Scrape","Beam Cell","Compile Driver+1"],"picked":"SKIP","floor":40},{"not_picked":["Barrage+1","Skim","Chill"],"picked":"SKIP","floor":42},{"not_picked":["Go for the Eyes+1","Auto Shields+1"],"picked":"Defragment+1","floor":44},{"not_picked":["Rip and Tear+1","Undo"],"picked":"Glacier","floor":47},{"not_picked":["Cold Snap+1","Streamline+1"],"picked":"Go for the Eyes+1","floor":48},{"not_picked":["Steam+1","Gash+1"],"picked":"Aggregate+1","floor":54}],"player_experience":145040,"relics_obtained":[{"floor":8,"key":"Regal Pillow"},{"floor":9,"key":"DataDisk"},{"floor":26,"key":"Darkstone Periapt"},{"floor":30,"key":"Bag of Preparation"},{"floor":40,"key":"Vajra"},{"floor":43,"key":"Molten Egg 2"},{"floor":44,"key":"Bottled Flame"},{"floor":47,"key":"StoneCalendar"},{"floor":54,"key":"Bag of Marbles"}],"event_choices":[{"damage_healed":0,"gold_gain":0,"player_choice":"Grow","damage_taken":0,"max_hp_gain":0,"max_hp_loss":0,"event_name":"Living Wall","floor":3,"gold_loss":0,"cards_upgraded":["Dualcast"]},{"damage_healed":0,"gold_gain":0,"player_choice":"Trade","damage_taken":0,"relics_obtained":["NlothsMask"],"max_hp_gain":0,"max_hp_loss":0,"event_name":"FaceTrader","floor":4,"gold_loss":0},{"damage_healed":0,"gold_gain":275,"player_choice":"Desecrate","damage_taken":0,"max_hp_gain":0,"max_hp_loss":0,"event_name":"Golden Shrine","floor":19,"gold_loss":0,"cards_obtained":["Regret"]},{"damage_healed":0,"gold_gain":0,"player_choice":"Read","damage_taken":0,"max_hp_gain":0,"max_hp_loss":0,"event_name":"The Library","floor":27,"gold_loss":0,"cards_obtained":["Self Repair"]},{"damage_healed":0,"gold_gain":0,"player_choice":"Ignored","damage_taken":0,"max_hp_gain":0,"max_hp_loss":0,"event_name":"Tomb of Lord Red Mask","floor":36,"gold_loss":0},{"cards_removed":["Strike_B"],"damage_healed":0,"gold_gain":0,"player_choice":"Removed Attack","damage_taken":0,"max_hp_gain":0,"max_hp_loss":0,"event_name":"Falling","floor":37,"gold_loss":0},{"damage_healed":0,"gold_gain":0,"player_choice":"Embrace Madness","damage_taken":9,"max_hp_gain":0,"max_hp_loss":0,"event_name":"Winding Halls","floor":38,"gold_loss":0,"cards_obtained":["Madness","Madness"]},{"damage_healed":0,"gold_gain":0,"player_choice":"Memory 1","damage_taken":0,"max_hp_gain":0,"max_hp_loss":0,"event_name":"SensoryStone","floor":39,"gold_loss":0}],"is_beta":false,"boss_relics":[{"not_picked":["Sozu","Eternal Feather"],"picked":"Runic Pyramid"},{"not_picked":["Philosopher\u0027s Stone","Calling Bell"],"picked":"FrozenCore"}],"items_purged_floors":[13,22,45],"is_endless":false,"potions_floor_spawned":[1,5,8,16,18,20,40,44,54],"killed_by":"The Heart","ascension_level":2}