{"gold_per_floor":[117,117,292,367,367,367,400,411,411,2,2,2,52,69,69,69],"floor_reached":16,"playtime":537,"items_purged":["Doubt"],"score":120,"play_id":"61b859d0-1116-4087-9b5f-1675a214f09c","local_time":"20180905133620","is_ascension_mode":true,"campfire_choices":[{"data":"Shockwave","floor":6,"key":"SMITH"},{"floor":11,"key":"REST"},{"data":"Finesse","floor":15,"key":"SMITH"}],"neow_cost":"NONE","seed_source_timestamp":180618441451597,"circlet_count":0,"master_deck":["Strike_R","Strike_R","Strike_R","Strike_R","Strike_R","Defend_R","Defend_R","Defend_R","Defend_R","Bash+1","Shockwave+1","Shrug It Off","Shrug It Off","Battle Trance","Finesse+1"],"relics":["Burning Blood","Lantern","Red Skull","Ornamental Fan","ClockworkSouvenir","SsserpentHead","Blood Vial"],"potions_floor_usage":[7,7],"damage_taken":[{"damage":11,"enemies":"Jaw Worm","floor":1,"turns":4},{"damage":59,"enemies":"Lagavulin","floor":7,"turns":10},{"damage":0,"enemies":"Cultist","floor":8,"turns":2},{"damage":0,"enemies":"2 Louse","floor":14,"turns":3},{"damage":55,"enemies":"Hexaghost","floor":16,"turns":12}],"seed_played":"-3716038283581450433","potions_obtained":[{"floor":2,"key":"Block Potion"},{"floor":2,"key":"GamblersBrew"},{"floor":2,"key":"Ancient Potion"},{"floor":7,"key":"FearPotion"}],"is_trial":false,"path_per_floor":["M","?","?","?","?","R","E","M","T","$","R","?","T","M","R"],"character_chosen":"IRONCLAD","items_purchased":["ClockworkSouvenir","Battle Trance","Finesse"],"campfire_rested":1,"item_purchase_floors":[10,10,10],"current_hp_per_floor":[75,75,75,64,64,64,11,17,17,17,41,41,41,49,49,0],"gold":69,"neow_bonus":"RANDOM_COMMON_RELIC","is_prod":false,"is_daily":false,"chose_seed":false,"campfire_upgraded":2,"win_rate":0,"timestamp":1536150980,"path_taken":["M","?","?","?","?","R","E","M","T","$","R","?","?","M","R","BOSS"],"build_version":"2018-08-30","purchased_purges":1,"victory":false,"max_hp_per_floor":[80,80,80,80,80,80,80,80,80,80,80,80,80,80,80,80],"card_choices":[{"not_picked":["Twin Strike","Rampage"],"picked":"Shockwave","floor":1},{"not_picked":["Pommel Strike","Clash"],"picked":"Shrug It Off","floor":7},{"not_picked":["Infernal Blade","Warcry"],"picked":"Shrug It Off","floor":8},{"not_picked":["Twin Strike","Berserk","Uppercut"],"picked":"SKIP","floor":14}],"player_experience":318496,"relics_obtained":[{"floor":7,"key":"Red Skull"},{"floor":9,"key":"Ornamental Fan"},{"floor":13,"key":"Blood Vial"}],"event_choices":[{"event_name":"The Lab","player_choice":"Got Potions","floor":2,"damage_taken":0},{"event_name":"Liars Game","player_choice":"agreed","floor":3,"damage_taken":0},{"event_name":"World of Goop","player_choice":"Gather Gold","floor":4,"damage_taken":0},{"event_name":"Living Wall","player_choice":"Grow","floor":5,"damage_taken":0},{"event_name":"FaceTrader","player_choice":"Trade","floor":12,"damage_taken":0}],"is_beta":false,"boss_relics":[],"items_purged_floors":[10],"is_endless":false,"potions_floor_spawned":[7],"killed_by":"Hexaghost","ascension_level":5}