{"gold_per_floor":[115,65,140,315,315,343,356,374,374,374,397,397,98,114,114,213,213,228,198,211,211,211],"floor_reached":22,"playtime":1039,"items_purged":["Doubt"],"score":248,"play_id":"fbecdb81-9516-419c-9c63-bd65419e1a5d","local_time":"20180908234034","is_ascension_mode":true,"campfire_choices":[{"data":"Terror","floor":12,"key":"SMITH"},{"data":"Footwork","floor":15,"key":"SMITH"}],"neow_cost":"","seed_source_timestamp":206363700862264,"circlet_count":0,"master_deck":["Defend_G+1","Defend_G","Defend_G+1","Defend_G","Defend_G","Strike_G","Strike_G","Strike_G","Strike_G","Survivor","Neutralize","Infinite Blades","Terror+1","Dodge and Roll","Cloak And Dagger","Adrenaline","Swift Strike","Footwork+1","Malaise","Dash","Outmaneuver"],"relics":["Ring of the Snake","Orichalcum","Pantograph","Omamori","War Paint","Cursed Key"],"potions_floor_usage":[6,16,21],"damage_taken":[{"damage":0,"enemies":"2 Louse","floor":1,"turns":3},{"damage":27,"enemies":"3 Sentries","floor":6,"turns":14},{"damage":0,"enemies":"Small Slimes","floor":7,"turns":3},{"damage":0,"enemies":"Jaw Worm","floor":8,"turns":5},{"damage":3,"enemies":"3 Louse","floor":14,"turns":4},{"damage":2,"enemies":"Slime Boss","floor":16,"turns":11},{"damage":10,"enemies":"3 Byrds","floor":18,"turns":8},{"damage":12,"enemies":"2 Thieves","floor":19,"turns":5},{"damage":19,"enemies":"Chosen and Byrds","floor":20,"turns":9},{"damage":14,"enemies":"Colosseum Slavers","floor":21,"turns":8},{"damage":16,"enemies":"Sentry and Sphere","floor":22,"turns":5}],"seed_played":"3416733611322602184","potions_obtained":[{"floor":1,"key":"SteroidPotion"},{"floor":6,"key":"Fire Potion"},{"floor":14,"key":"SpeedPotion"},{"floor":20,"key":"Explosive Potion"}],"is_trial":false,"path_per_floor":["M","?","?","?","?","E","M","M","T","?","T","R","$","M","R","B",null,"M","M","M","?"],"character_chosen":"THE_SILENT","items_purchased":["War Paint","Footwork"],"campfire_rested":0,"item_purchase_floors":[13,13],"current_hp_per_floor":[63,63,52,52,70,43,43,43,43,43,43,43,43,40,40,63,68,58,46,27,13,0],"gold":211,"neow_bonus":"","is_prod":false,"is_daily":false,"chose_seed":false,"campfire_upgraded":2,"win_rate":0,"timestamp":1536446434,"path_taken":["M","?","?","?","?","E","M","?","T","?","?","R","$","M","R","BOSS","M","?","M","?","M"],"build_version":"2018-09-06","purchased_purges":1,"victory":false,"max_hp_per_floor":[70,70,70,70,70,70,70,70,70,70,70,70,70,70,70,70,70,70,70,70,70,70],"card_choices":[{"not_picked":["Finisher","Acrobatics"],"picked":"Infinite Blades","floor":1},{"not_picked":["Tactician","Quick Slash"],"picked":"Terror","floor":6},{"not_picked":["Endless Agony","Deflect"],"picked":"Dodge and Roll","floor":7},{"not_picked":["Bane","Tactician"],"picked":"Cloak And Dagger","floor":8},{"not_picked":["Underhanded Strike","Prepared","Flechettes"],"picked":"SKIP","floor":14},{"not_picked":["Storm of Steel","Die Die Die"],"picked":"Malaise","floor":16},{"not_picked":["Acrobatics","Reflex"],"picked":"Dash","floor":18},{"not_picked":["Dagger Throw","Bane","Sucker Punch"],"picked":"SKIP","floor":19},{"not_picked":["Catalyst","Slice"],"picked":"Outmaneuver","floor":20}],"player_experience":349348,"relics_obtained":[{"floor":6,"key":"Orichalcum"},{"floor":9,"key":"Pantograph"},{"floor":11,"key":"Omamori"}],"event_choices":[{"event_name":"The Cleric","player_choice":"Card Removal","floor":2,"damage_taken":0},{"event_name":"World of Goop","player_choice":"Gather Gold","floor":3,"damage_taken":0},{"event_name":"Liars Game","player_choice":"agreed","floor":4,"damage_taken":0},{"event_name":"Big Fish","player_choice":"Banana","floor":5,"damage_taken":0},{"event_name":"Match and Keep!","player_choice":"2 cards matched","floor":10,"damage_taken":0},{"event_name":"Colosseum","player_choice":"Fight","floor":21,"damage_taken":0},{"event_name":"Colosseum","player_choice":"Fled From Nobs","floor":21,"damage_taken":0}],"is_beta":false,"boss_relics":[{"not_picked":["Snecko Eye","Ring of the Serpent"],"picked":"Cursed Key"}],"items_purged_floors":[13],"is_endless":false,"potions_floor_spawned":[1,6,14,20],"killed_by":"Sentry and Sphere","ascension_level":7}