{"path_per_floor":["M","?","?","M","M","R","?","E","T","R","M","M","E","M","R","B",null,"M","?","M","M","?","R","E","R","T","E","M","R","M","M","R"],"character_chosen":"IRONCLAD","items_purchased":[],"gold_per_floor":[110,110,110,120,139,139,139,169,169,169,186,201,235,255,255,356,356,367,367,355,373,298,298,326,326,400,430,441,441,454,467,467],"floor_reached":33,"campfire_rested":0,"playtime":4185,"current_hp_per_floor":[68,68,52,51,57,57,50,39,39,39,38,40,40,42,42,35,80,51,51,48,41,41,47,36,42,42,40,34,40,41,43,51],"items_purged":[],"gold":467,"play_id":"b4776ffb-687c-443d-b618-d6bd524af6fb","is_prod":false,"is_daily":false,"is_ascension_mode":false,"campfire_upgraded":7,"path_taken":["M","?","?","M","?","R","?","E","T","R","?","M","E","M","R","BOSS","M","?","M","?","?","R","E","R","T","E","M","R","M","M","R","BOSS"],"build_version":"2018-02-01-PROD3","purchased_purges":0,"victory":false,"master_deck":["Strike_R","Strike_R","Defend_R+1","Defend_R+1","Defend_R","Defend_R+1","Bash+1","Cleave","Berserk","Disarm+1","Offering","Warcry+1","Warcry+1","Offering","Iron Wave+1","Power Through","Iron Wave","Shrug It Off","Rage+1","Flex+1"],"max_hp_per_floor":[80,80,80,80,80,80,80,80,80,80,80,80,80,80,80,80,80,80,80,80,80,80,80,80,80,80,80,80,80,80,80,80],"relics":["Burning Blood","Bag of Preparation","Red Skull","Self Forming Clay","Eternal Feather","Prayer Wheel","Mummified Hand","Orichalcum"],"card_choices":[{"not_picked":["Twin Strike","Body Slam"],"picked":"Cleave"},{"not_picked":["Flex","Clash"],"picked":"Berserk"},{"not_picked":["Pommel Strike","Rampage"],"picked":"Disarm"},{"not_picked":["Clash","Shrug It Off"],"picked":"Offering"},{"not_picked":["Burning Pact","Clash"],"picked":"Warcry"},{"not_picked":["Sever Soul","Pommel Strike"],"picked":"Warcry"},{"not_picked":["Reaper","Bludgeon"],"picked":"Offering"},{"not_picked":["Infernal Blade","Thunderclap"],"picked":"Iron Wave"},{"not_picked":["Thunderclap","Warcry"],"picked":"Power Through"},{"not_picked":["Headbutt","Clash"],"picked":"Iron Wave"},{"not_picked":["Clothesline","Warcry"],"picked":"Shrug It Off"},{"not_picked":["Hemokinesis","Twin Strike"],"picked":"Rage"},{"not_picked":["Pommel Strike","Anger"],"picked":"Flex"}],"player_experience":37750,"potions_floor_usage":[27,27,33,33],"damage_taken":[{"damage":18.0,"enemies":"Blue Slaver","floor":1.0,"turns":5.0},{"damage":7.0,"enemies":"Jaw Worm","floor":4.0,"turns":3.0},{"damage":0.0,"enemies":"2 Louse","floor":5.0,"turns":2.0},{"damage":17.0,"enemies":"3 Sentries","floor":8.0,"turns":9.0},{"damage":7.0,"enemies":"Large Slime","floor":11.0,"turns":4.0},{"damage":4.0,"enemies":"Red Slaver","floor":12.0,"turns":3.0},{"damage":6.0,"enemies":"Lagavulin","floor":13.0,"turns":4.0},{"damage":4.0,"enemies":"Exordium Thugs","floor":14.0,"turns":4.0},{"damage":13.0,"enemies":"Slime Boss","floor":16.0,"turns":9.0},{"damage":35.0,"enemies":"Chosen","floor":18.0,"turns":8.0},{"damage":9.0,"enemies":"2 Thieves","floor":20.0,"turns":4.0},{"damage":13.0,"enemies":"Snake Plant","floor":21.0,"turns":8.0},{"damage":17,"enemies":"Book of Stabbing","floor":24,"turns":10},{"damage":8,"enemies":"Slavers","floor":27,"turns":7},{"damage":12,"enemies":"Cultist and Chosen","floor":28,"turns":9},{"damage":5,"enemies":"Centurion and Healer","floor":30,"turns":8},{"damage":4,"enemies":"3 Cultists","floor":31,"turns":6},{"damage":51,"enemies":"Automaton","floor":33,"turns":8}],"event_choices":[{"event_name":"Purifier","player_choice":"One Purge","floor":2.0,"damage_taken":0.0},{"event_name":"Shining Light","player_choice":"Entered Light","floor":3.0,"damage_taken":0.0},{"event_name":"Golden Wing","player_choice":"Card Removal","floor":7.0,"damage_taken":0.0},{"event_name":"Vampires","player_choice":"Ignored","floor":19.0,"damage_taken":0.0},{"event_name":"Beggar","player_choice":"Gave Gold","floor":22.0,"damage_taken":0.0}],"boss_relics":[],"potions_floor_spawned":[8,11,12,14,21,24,27,31],"seed_played":"2156511432622268786","killed_by":"Automaton","ascension_level":0,"is_trial":false}