{"gold_per_floor":[114,114,129,144,163,194,194,225,225,254,254,35,35,70,70,168,168,185,199,84,84,104,104,129,129,129,129,129,129,164,179,179,277,277,294,314,414,414,466,466,493,493,493,508,244,263,263,295,295,295,295,295,96,123,123],"floor_reached":56,"playtime":3398,"items_purged":["Strike_R","Strike_R"],"score":1464,"play_id":"8e715ef6-28d2-43b3-8c80-c2fd4998dd21","local_time":"20190329213941","is_ascension_mode":true,"campfire_choices":[{"data":"Shrug It Off","floor":7.0,"key":"SMITH"},{"floor":11.0,"key":"REST"},{"floor":15.0,"key":"REST"},{"data":"Demon Form","floor":23,"key":"SMITH"},{"floor":25,"key":"REST"},{"floor":32,"key":"REST"},{"data":"Fiend Fire","floor":40,"key":"SMITH"},{"data":"Heavy Blade","floor":42,"key":"SMITH"},{"floor":47,"key":"RECALL"},{"data":"Inflame","floor":49,"key":"SMITH"},{"data":"Flame Barrier","floor":52,"key":"SMITH"}],"neow_cost":"NONE","seed_source_timestamp":0,"circlet_count":0,"master_deck":["Strike_R","Strike_R","Strike_R","Defend_R","Defend_R","Defend_R","Defend_R+1","Bash","Inflame+1","Pommel Strike","Iron Wave","Shrug It Off+1","Disarm","Demon Form+1","Limit Break","Feed","Disarm+1","Flame Barrier+1","Impervious","Clothesline","Cleave+1","Writhe","Necronomicurse","Shrug It Off","Reaper","Shrug It Off","Shockwave","Fiend Fire+1","Heavy Blade+1","Heavy Blade+1","Shrug It Off","Clothesline+1","Uppercut+1","Inflame+1"],"special_seed":0,"relics":["Burning Blood","Anchor","Question Card","Potion Belt","Red Skull","Darkstone Periapt","The Courier","Strawberry","Snecko Eye","Ancient Tea Set","PreservedInsect","Pear","Necronomicon","Ornamental Fan","Letter Opener","Runic Cube","Nunchaku","Thread and Needle","Vajra","Sling","Dream Catcher","Paper Frog","Pen Nib"],"potions_floor_usage":[33,37,55,55,55,55,55],"damage_taken":[{"damage":2.0,"enemies":"2 Louse","floor":1.0,"turns":3.0},{"damage":6.0,"enemies":"Cultist","floor":3.0,"turns":3.0},{"damage":2.0,"enemies":"Jaw Worm","floor":4.0,"turns":3.0},{"damage":0.0,"enemies":"3 Louse","floor":5.0,"turns":3.0},{"damage":14.0,"enemies":"Gremlin Nob","floor":6.0,"turns":4.0},{"damage":14.0,"enemies":"3 Sentries","floor":8.0,"turns":8.0},{"damage":43.0,"enemies":"Lagavulin","floor":10.0,"turns":9.0},{"damage":37.0,"enemies":"Gremlin Nob","floor":14.0,"turns":5.0},{"damage":35.0,"enemies":"Slime Boss","floor":16.0,"turns":7.0},{"damage":16.0,"enemies":"Spheric Guardian","floor":18.0,"turns":5.0},{"damage":13.0,"enemies":"Chosen","floor":19.0,"turns":6.0},{"damage":4,"enemies":"Snecko","floor":22,"turns":6},{"damage":52,"enemies":"Gremlin Leader","floor":24,"turns":7},{"damage":15,"enemies":"Book of Stabbing","floor":30,"turns":6},{"damage":9,"enemies":"Chosen and Byrds","floor":31,"turns":6},{"damage":85,"enemies":"Automaton","floor":33,"turns":15},{"damage":0,"enemies":"Orb Walker","floor":35,"turns":4},{"damage":16,"enemies":"3 Shapes","floor":36,"turns":3},{"damage":26,"enemies":"Mind Bloom Boss Battle","floor":37,"turns":6},{"damage":56,"enemies":"2 Orb Walkers","floor":39,"turns":6},{"damage":16,"enemies":"Reptomancer","floor":41,"turns":5},{"damage":0,"enemies":"Transient","floor":44,"turns":5},{"damage":7,"enemies":"Sphere and 2 Shapes","floor":46,"turns":5},{"damage":26,"enemies":"Nemesis","floor":48,"turns":5},{"damage":63,"enemies":"Donu and Deca","floor":50,"turns":7},{"damage":11,"enemies":"Shield and Spear","floor":54,"turns":3},{"damage":111,"enemies":"The Heart","floor":55,"turns":7}],"seed_played":"5783831713203456685","potions_obtained":[{"floor":3.0,"key":"Swift Potion"},{"floor":4.0,"key":"FearPotion"},{"floor":6.0,"key":"Poison Potion"},{"floor":16.0,"key":"FearPotion"},{"floor":18.0,"key":"LiquidBronze"},{"floor":19.0,"key":"Regen Potion"},{"floor":33,"key":"SkillPotion"},{"floor":41,"key":"PowerPotion"},{"floor":46,"key":"SpeedPotion"}],"is_trial":false,"path_per_floor":["M","?","M","M","M","E","R","E","T","E","R","$","T","E","R","B",null,"M","M","$","?","M","R","E","R","T","?","?","T","E","M","R","B",null,"M","M","?","?","?","R","E","R","T","M","$","M","R","E","R","B",null,"R","$","E","B",null],"character_chosen":"IRONCLAD","items_purchased":["Demon Form","Impervious","Shrug It Off","Sling","Paper Frog"],"campfire_rested":4,"item_purchase_floors":[12,20,45,45,53],"current_hp_per_floor":[80,80,80,80,80,72,72,64,64,27,51,51,51,27,53,24,87,80,73,73,73,78,78,35,63,63,79,69,69,60,60,96,17,121,124,127,127,127,80,80,86,86,86,119,119,129,129,113,113,72,133,133,133,133,79],"gold":123,"neow_bonus":"RANDOM_COMMON_RELIC","is_prod":false,"is_daily":false,"chose_seed":false,"campfire_upgraded":6,"win_rate":0,"timestamp":1553920781,"path_taken":["M","?","M","M","M","E","R","E","T","E","R","?","?","E","R","BOSS","M","M","$","?","M","R","E","R","T","?","?","?","E","?","R","BOSS","M","M","?","?","?","R","E","R","T","M","$","M","R","E","R","BOSS","R","$","E","BOSS"],"build_version":"2019-01-23","purchased_purges":2,"victory":true,"max_hp_per_floor":[80,80,80,80,80,80,80,80,80,80,80,80,80,87,87,87,87,90,90,90,90,93,93,96,96,96,112,118,118,118,121,121,121,121,124,127,127,127,130,130,130,130,130,130,130,130,130,133,133,133,133,133,133,133,133],"card_choices":[{"not_picked":["Twin Strike","Sever Soul","Sentinel"],"picked":"SKIP","floor":1.0},{"not_picked":["Body Slam","Dual Wield"],"picked":"Inflame","floor":3.0},{"not_picked":["Sword Boomerang","Evolve"],"picked":"Pommel Strike","floor":4.0},{"not_picked":["Perfected Strike","Headbutt"],"picked":"Iron Wave","floor":5.0},{"not_picked":["Rupture","Whirlwind"],"picked":"Shrug It Off","floor":6.0},{"not_picked":["Headbutt","Twin Strike","Sword Boomerang","Thunderclap"],"picked":"SKIP","floor":8.0},{"not_picked":["Headbutt","Sever Soul","Sword Boomerang"],"picked":"Disarm","floor":10.0},{"not_picked":["Dual Wield","Armaments","Heavy Blade"],"picked":"Limit Break","floor":14.0},{"not_picked":["Double Tap","Bludgeon","Juggernaut"],"picked":"Feed","floor":16.0},{"not_picked":["Flex","Evolve","Rage"],"picked":"Disarm+1","floor":18.0},{"not_picked":["Pommel Strike+1","Clash+1","Warcry"],"picked":"Flame Barrier","floor":19.0},{"not_picked":["Perfected Strike","Spot Weakness","Warcry+1","Pommel Strike"],"picked":"SKIP","floor":22},{"not_picked":["Pummel","Warcry","Anger"],"picked":"Cleave+1","floor":24},{"not_picked":["Reckless Charge+1","Exhume","Power Through+1","Wild Strike"],"picked":"SKIP","floor":30},{"not_picked":["Heavy Blade","Clash","Twin Strike"],"picked":"Shrug It Off","floor":31},{"not_picked":["Berserk","Offering","Limit Break"],"picked":"Reaper","floor":33},{"not_picked":["Anger","Cleave","Perfected Strike+1"],"picked":"Shrug It Off","floor":35},{"not_picked":["Headbutt","Evolve+1","Twin Strike+1"],"picked":"Shockwave","floor":36},{"not_picked":["Warcry","Wild Strike+1","Sword Boomerang"],"picked":"Fiend Fire","floor":39},{"not_picked":["Shockwave+1","Headbutt+1","Battle Trance"],"picked":"Heavy Blade","floor":41},{"not_picked":["Thunderclap","Sentinel","Hemokinesis+1"],"picked":"Heavy Blade+1","floor":44},{"not_picked":["Perfected Strike","Spot Weakness+1","Carnage"],"picked":"Clothesline+1","floor":46},{"not_picked":["Headbutt+1","Power Through+1","Thunderclap+1"],"picked":"Uppercut+1","floor":48},{"not_picked":["Flex+1","Shockwave","Headbutt+1"],"picked":"Inflame+1","floor":54}],"player_experience":338063,"relics_obtained":[{"floor":6.0,"key":"Question Card"},{"floor":8.0,"key":"Potion Belt"},{"floor":9.0,"key":"Red Skull"},{"floor":10.0,"key":"Darkstone Periapt"},{"floor":13.0,"key":"The Courier"},{"floor":14.0,"key":"Strawberry"},{"floor":24,"key":"Ancient Tea Set"},{"floor":26,"key":"PreservedInsect"},{"floor":28,"key":"Necronomicon"},{"floor":29,"key":"Ornamental Fan"},{"floor":30,"key":"Letter Opener"},{"floor":37,"key":"Nunchaku"},{"floor":39,"key":"Thread and Needle"},{"floor":41,"key":"Vajra"},{"floor":48,"key":"Dream Catcher"},{"floor":54,"key":"Pen Nib"}],"event_choices":[{"damage_healed":0.0,"max_hp_gain":0.0,"max_hp_loss":0.0,"gold_gain":0.0,"event_name":"Accursed Blacksmith","player_choice":"Forge","floor":2.0,"gold_loss":0.0,"damage_taken":0.0,"cards_upgraded":["Defend_R"]},{"damage_healed":0,"gold_gain":0,"player_choice":"Read","damage_taken":0,"max_hp_gain":0,"max_hp_loss":0,"event_name":"The Library","floor":21,"gold_loss":0,"cards_obtained":["Clothesline"]},{"damage_healed":0,"gold_gain":0,"player_choice":"Opened","damage_taken":0,"relics_obtained":["Pear"],"max_hp_gain":0,"max_hp_loss":0,"event_name":"The Mausoleum","floor":27,"gold_loss":0,"cards_obtained":["Writhe"]},{"damage_healed":0,"gold_gain":0,"player_choice":"Obtained Book","damage_taken":16,"max_hp_gain":0,"max_hp_loss":0,"event_name":"Cursed Tome","floor":28,"gold_loss":0},{"damage_healed":0,"gold_gain":0,"player_choice":"Fight","damage_taken":0,"max_hp_gain":0,"max_hp_loss":0,"event_name":"MindBloom","floor":37,"gold_loss":0},{"damage_healed":0,"gold_gain":0,"player_choice":"Ignored","damage_taken":0,"max_hp_gain":0,"max_hp_loss":0,"event_name":"Tomb of Lord Red Mask","floor":38,"gold_loss":0},{"damage_healed":0,"gold_gain":0,"player_choice":"Fight","damage_taken":0,"max_hp_gain":0,"max_hp_loss":0,"event_name":"Mysterious Sphere","floor":39,"gold_loss":0}],"is_beta":false,"boss_relics":[{"not_picked":["Mark of Pain","Orrery"],"picked":"Snecko Eye"},{"not_picked":["Astrolabe","Empty Cage"],"picked":"Runic Cube"}],"items_purged_floors":[12,45],"is_endless":false,"potions_floor_spawned":[3,4,6,16,18,19,33,41,46,48,54],"ascension_level":3}