{"gold_per_floor":[213,230,99,99,113,113,146,146,170,170,194,31,46,56,56,128,128,146,146,146,25,34,34,69,69,69,69,100,100,117,117,117,191,191,210,210,210,228,19,19,69,69,120,165,177,222,251,293,305,317],"floor_reached":51,"playtime":3576,"items_purged":["Strike_B"],"score":1411,"play_id":"a94b11cb-afc0-42ac-ae70-d8f1ed1eda02","local_time":"20190330113143","is_ascension_mode":true,"campfire_choices":[{"data":"Consume","floor":6,"key":"SMITH"},{"data":"Zap","floor":8,"key":"SMITH"},{"data":"Apotheosis","floor":15,"key":"SMITH"},{"data":"Chill","floor":23,"key":"SMITH"},{"floor":25,"key":"REST"},{"data":"Coolheaded","floor":27,"key":"SMITH"},{"floor":32,"key":"REST"},{"data":"Writhe","floor":40,"key":"PURGE"},{"data":"Strike_B","floor":42,"key":"PURGE"},{"data":"Coolheaded","floor":45,"key":"SMITH"},{"floor":49,"key":"REST"}],"neow_cost":"NONE","seed_source_timestamp":1425907051736,"circlet_count":0,"master_deck":["AscendersBane","Strike_B","Defend_B","Defend_B","Defend_B","Defend_B","Zap+1","Dualcast","Coolheaded+1","Consume+1","Go for the Eyes","Chill+1","Reinforced Body","Apotheosis+1","Loop","Conserve Battery","Biased Cognition","Glacier","Blizzard","Consume","Coolheaded+1","Creative AI","Injury","Capacitor"],"relics":["Cracked Core","Smiling Mask","Oddly Smooth Stone","Bronze Scales","Odd Mushroom","Inserter","Symbiotic Virus","Darkstone Periapt","Peace Pipe","Question Card","Cursed Key","ClockworkSouvenir","MawBank","Orichalcum","Boot","Blue Candle"],"potions_floor_usage":[14,16,16,24,28],"damage_taken":[{"damage":0,"enemies":"Cultist","floor":1,"turns":3},{"damage":5,"enemies":"Jaw Worm","floor":2,"turns":4},{"damage":0,"enemies":"Small Slimes","floor":5,"turns":3},{"damage":8,"enemies":"Lagavulin","floor":7,"turns":7},{"damage":2,"enemies":"The Mushroom Lair","floor":11,"turns":4},{"damage":7,"enemies":"Exordium Wildlife","floor":13,"turns":4},{"damage":13,"enemies":"3 Louse","floor":14,"turns":3},{"damage":20,"enemies":"Slime Boss","floor":16,"turns":11},{"damage":0,"enemies":"3 Byrds","floor":18,"turns":3},{"damage":13,"enemies":"2 Thieves","floor":22,"turns":5},{"damage":20,"enemies":"Slavers","floor":24,"turns":8},{"damage":24,"enemies":"Gremlin Leader","floor":28,"turns":9},{"damage":8,"enemies":"Shelled Parasite and Fungi","floor":30,"turns":7},{"damage":25,"enemies":"Automaton","floor":33,"turns":17},{"damage":1,"enemies":"3 Shapes","floor":35,"turns":9},{"damage":7,"enemies":"Orb Walker","floor":38,"turns":6},{"damage":0,"enemies":"Reptomancer","floor":44,"turns":9},{"damage":0,"enemies":"Nemesis","floor":46,"turns":13},{"damage":0,"enemies":"Maw","floor":47,"turns":8},{"damage":14,"enemies":"Reptomancer","floor":48,"turns":8},{"damage":30,"enemies":"Time Eater","floor":50,"turns":16}],"seed_played":"1110228531211042641","potions_obtained":[{"floor":2,"key":"FearPotion"},{"floor":11,"key":"Fire Potion"},{"floor":14,"key":"SkillPotion"},{"floor":16,"key":"FocusPotion"},{"floor":22,"key":"SkillPotion"},{"floor":24,"key":"Fire Potion"},{"floor":29,"key":"FairyPotion"},{"floor":29,"key":"EntropicBrew"}],"is_trial":false,"path_per_floor":["M","M","$","?","M","R","E","R","T","?","?","$","M","M","R","B",null,"M","?","?","$","M","R","E","R","T","R","E","?","M","T","R","B",null,"M","?","?","M","$","R","?","R","T","E","R","E","M","E","R","B",null],"character_chosen":"DEFECT","items_purchased":["Consume","AttackPotion","Apotheosis","Blizzard","ClockworkSouvenir"],"campfire_rested":3,"item_purchase_floors":[3,3,12,21,39],"current_hp_per_floor":[64,59,59,59,59,59,51,51,51,51,49,49,42,29,29,9,56,56,56,56,56,43,43,23,44,44,44,20,20,12,12,33,8,55,54,54,74,67,67,67,67,67,73,73,73,73,73,59,83,53],"gold":329,"neow_bonus":"HUNDRED_GOLD","is_prod":false,"is_daily":false,"chose_seed":false,"campfire_upgraded":6,"win_rate":0,"timestamp":1553941903,"path_taken":["M","M","$","?","M","R","E","R","T","?","?","$","M","M","R","BOSS","M","?","?","$","?","R","E","R","T","R","E","?","?","?","R","BOSS","M","?","?","M","$","R","?","R","T","E","R","E","M","E","R","BOSS"],"build_version":"2019-01-23","purchased_purges":1,"victory":true,"max_hp_per_floor":[71,71,71,71,71,71,71,71,71,71,71,71,71,71,71,71,71,71,71,71,71,71,71,71,71,71,71,71,71,71,71,71,71,71,71,71,77,77,77,77,77,77,83,83,83,83,83,83,83,83],"card_choices":[{"not_picked":["Chaos","Hello World"],"picked":"Coolheaded","floor":1},{"not_picked":["Heatsinks","Streamline","Hologram"],"picked":"SKIP","floor":2},{"not_picked":["Tempest","Leap"],"picked":"Go for the Eyes","floor":5},{"not_picked":["Streamline","Skim"],"picked":"Chill","floor":7},{"not_picked":["Streamline","Barrage"],"picked":"Reinforced Body","floor":11},{"not_picked":["Meteor Strike","Conserve Battery"],"picked":"Loop","floor":13},{"not_picked":["Hologram","Redo"],"picked":"Conserve Battery","floor":14},{"not_picked":["Fission","Amplify"],"picked":"Biased Cognition","floor":16},{"not_picked":["Double Energy","White Noise"],"picked":"Glacier","floor":18},{"not_picked":["Rip and Tear+1","Go for the Eyes","Conserve Battery"],"picked":"SKIP","floor":22},{"not_picked":["Genetic Algorithm","Barrage"],"picked":"Consume","floor":24},{"not_picked":["Force Field","Ball Lightning","Hyperbeam"],"picked":"SKIP","floor":28},{"not_picked":["Darkness","Compile Driver"],"picked":"Coolheaded","floor":30},{"not_picked":["Multi-Cast","Electrodynamics","Buffer"],"picked":"Creative AI","floor":33},{"not_picked":["Steam Power","Stack","Gash+1","Steam"],"picked":"SKIP","floor":35},{"not_picked":["Gash+1","Stack","Beam Cell","Double Energy"],"picked":"SKIP","floor":38},{"not_picked":["Beam Cell","Heatsinks","Consume+1","Cold Snap"],"picked":"SKIP","floor":44},{"not_picked":["Chill","Genetic Algorithm","Fission","Auto Shields+1"],"picked":"SKIP","floor":46},{"not_picked":["Turbo+1","Coolheaded","Redo"],"picked":"Capacitor","floor":47},{"not_picked":["Streamline","Reboot","Go for the Eyes","Coolheaded"],"picked":"SKIP","floor":48}],"player_experience":837295,"relics_obtained":[{"floor":7,"key":"Smiling Mask"},{"floor":9,"key":"Oddly Smooth Stone"},{"floor":11,"key":"Odd Mushroom"},{"floor":24,"key":"Symbiotic Virus"},{"floor":26,"key":"Darkstone Periapt"},{"floor":28,"key":"Peace Pipe"},{"floor":31,"key":"Question Card"},{"floor":43,"key":"MawBank"},{"floor":44,"key":"Orichalcum"},{"floor":46,"key":"Boot"},{"floor":48,"key":"Blue Candle"}],"event_choices":[{"damage_healed":0,"gold_gain":0,"player_choice":"Leave","damage_taken":0,"max_hp_gain":0,"max_hp_loss":0,"event_name":"The Cleric","floor":4,"gold_loss":0},{"damage_healed":0,"gold_gain":0,"player_choice":"Box","damage_taken":0,"relics_obtained":["Bronze Scales"],"max_hp_gain":0,"max_hp_loss":0,"event_name":"Big Fish","floor":10,"gold_loss":0,"cards_obtained":["Regret"]},{"damage_healed":0,"gold_gain":0,"player_choice":"Fought Mushrooms","damage_taken":0,"max_hp_gain":0,"max_hp_loss":0,"event_name":"Mushrooms","floor":11,"gold_loss":0},{"damage_healed":0,"gold_gain":0,"player_choice":"Ignored","damage_taken":0,"max_hp_gain":0,"max_hp_loss":0,"event_name":"Vampires","floor":19,"gold_loss":0},{"cards_removed":["Regret"],"damage_healed":0,"gold_gain":0,"player_choice":"Purged","damage_taken":0,"max_hp_gain":0,"max_hp_loss":0,"event_name":"Purifier","floor":20,"gold_loss":0},{"damage_healed":0,"gold_gain":0,"player_choice":"Got Potions","damage_taken":0,"max_hp_gain":0,"max_hp_loss":0,"event_name":"Lab","floor":29,"gold_loss":0},{"cards_removed":["Strike_B"],"damage_healed":0,"gold_gain":0,"player_choice":"Removed Attack","damage_taken":0,"max_hp_gain":0,"max_hp_loss":0,"event_name":"Falling","floor":36,"gold_loss":0},{"damage_healed":14,"gold_gain":0,"player_choice":"Writhe","damage_taken":0,"max_hp_gain":0,"max_hp_loss":0,"event_name":"Winding Halls","floor":37,"gold_loss":0,"cards_obtained":["Writhe"]},{"damage_healed":0,"gold_gain":50,"player_choice":"Pray","damage_taken":0,"max_hp_gain":0,"max_hp_loss":0,"event_name":"Golden Shrine","floor":41,"gold_loss":0}],"is_beta":false,"boss_relics":[{"not_picked":["Philosopher\u0027s Stone","Lizard Tail"],"picked":"Inserter"},{"not_picked":["Calling Bell","Tiny House"],"picked":"Cursed Key"}],"items_purged_floors":[21],"is_endless":false,"potions_floor_spawned":[2,11,14,16,22,24,30,33,44,46],"ascension_level":15}