{"gold_per_floor":[110,123,123,134,99,99,43,70,119,130,130,72,72,86,86,160,160,178,197,214,214,26,26,37,37,37,94,141,141,158,158],"floor_reached":31,"playtime":1347,"items_purged":["Strike_R"],"score":447,"play_id":"b52d1bdc-ca7b-4ecf-9506-f791e0219dc3","local_time":"20190326110257","is_ascension_mode":true,"campfire_choices":[{"data":"Whirlwind","floor":6,"key":"SMITH"},{"data":"Inflame","floor":11,"key":"SMITH"},{"data":"Metallicize","floor":15,"key":"SMITH"},{"floor":23,"key":"REST"},{"data":"Heavy Blade","floor":25,"key":"SMITH"}],"neow_cost":"NONE","seed_source_timestamp":2826788494615,"circlet_count":0,"master_deck":["AscendersBane","Strike_R","Strike_R","Strike_R","Strike_R+1","Defend_R","Defend_R","Defend_R","Defend_R","Bash+1","Inflame+1","Ghostly Armor","Whirlwind+1","Shrug It Off","Double Tap","Metallicize+1","Offering","Shrug It Off","Pommel Strike","Flame Barrier","Flame Barrier+1","Heavy Blade+1","Battle Trance"],"relics":["Burning Blood","Ancient Tea Set","Lantern","Whetstone","Orrery","Bottled Lightning","Tiny Chest","Smiling Mask","Molten Egg 2"],"potions_floor_usage":[4,10,19,20,31,31],"damage_taken":[{"damage":8,"enemies":"Jaw Worm","floor":1,"turns":5},{"damage":17,"enemies":"Small Slimes","floor":2,"turns":4},{"damage":11,"enemies":"2 Louse","floor":4,"turns":4},{"damage":39,"enemies":"Lagavulin","floor":8,"turns":6},{"damage":8,"enemies":"2 Fungi Beasts","floor":10,"turns":3},{"damage":0,"enemies":"Looter","floor":14,"turns":2},{"damage":24,"enemies":"The Guardian","floor":16,"turns":10},{"damage":8,"enemies":"3 Byrds","floor":18,"turns":2},{"damage":10,"enemies":"Chosen","floor":19,"turns":5},{"damage":45,"enemies":"Snake Plant","floor":20,"turns":5},{"damage":8,"enemies":"3 Cultists","floor":24,"turns":4},{"damage":24,"enemies":"Chosen and Byrds","floor":30,"turns":6},{"damage":32,"enemies":"Gremlin Leader","floor":31,"turns":4}],"seed_played":"1169682400605461458","potions_obtained":[{"floor":1,"key":"SkillPotion"},{"floor":4,"key":"Explosive Potion"},{"floor":8,"key":"EssenceOfSteel"},{"floor":14,"key":"Ancient Potion"},{"floor":19,"key":"Dexterity Potion"}],"is_trial":false,"path_per_floor":["M","M","?","M","?","R","$","E","T","M","R","?","?","M","R","B",null,"M","M","M","?","$","R","M","R","T","T","T","T","M","E"],"character_chosen":"IRONCLAD","items_purchased":["Shrug It Off","Heavy Blade","Weak Potion"],"campfire_rested":1,"item_purchase_floors":[7,22,22],"current_hp_per_floor":[73,62,44,39,59,59,59,26,26,24,24,24,24,30,30,12,65,63,59,20,20,20,44,42,42,42,42,42,42,24,0],"gold":158,"neow_bonus":"TEN_PERCENT_HP_BONUS","is_prod":false,"is_daily":false,"chose_seed":false,"campfire_upgraded":4,"win_rate":0,"timestamp":1553594577,"path_taken":["M","M","?","M","?","R","$","E","T","M","R","?","?","M","R","BOSS","M","M","M","?","$","R","M","R","T","?","?","?","?","E"],"build_version":"2019-01-23","purchased_purges":1,"victory":false,"max_hp_per_floor":[82,82,82,82,82,82,82,82,82,82,82,82,82,82,82,82,82,82,82,82,82,82,82,82,82,82,82,82,82,82,82],"card_choices":[{"not_picked":["Dual Wield","Iron Wave"],"picked":"Inflame","floor":1},{"not_picked":["Cleave","Perfected Strike"],"picked":"Ghostly Armor","floor":2},{"not_picked":["Sword Boomerang","Iron Wave"],"picked":"Whirlwind","floor":4},{"not_picked":["Bloodletting","Iron Wave"],"picked":"Double Tap","floor":8},{"not_picked":["Pommel Strike","Heavy Blade"],"picked":"Metallicize","floor":10},{"not_picked":["Second Wind","Clash","Wild Strike"],"picked":"SKIP","floor":14},{"not_picked":["Brutality","Impervious"],"picked":"Offering","floor":16},{"not_picked":["Hemokinesis","Havoc"],"picked":"Shrug It Off","floor":17},{"not_picked":["Twin Strike","Flex"],"picked":"Pommel Strike","floor":17},{"not_picked":["Wild Strike+1","Heavy Blade"],"picked":"Flame Barrier","floor":18},{"not_picked":["Pommel Strike","Twin Strike","Clothesline+1"],"picked":"SKIP","floor":19},{"not_picked":["Cleave","Warcry"],"picked":"Flame Barrier+1","floor":20},{"not_picked":["Feel No Pain","Anger","Perfected Strike"],"picked":"SKIP","floor":24},{"not_picked":["Dual Wield","Armaments"],"picked":"Battle Trance","floor":30}],"player_experience":786846,"relics_obtained":[{"floor":8,"key":"Lantern"},{"floor":9,"key":"Whetstone"},{"floor":26,"key":"Bottled Lightning"},{"floor":27,"key":"Tiny Chest"},{"floor":28,"key":"Smiling Mask"},{"floor":29,"key":"Molten Egg 2"}],"event_choices":[{"damage_healed":0,"gold_gain":0,"player_choice":"Success","damage_taken":18,"relics_obtained":["Ancient Tea Set"],"max_hp_gain":0,"max_hp_loss":0,"event_name":"Scrap Ooze","floor":3,"gold_loss":0},{"damage_healed":20,"gold_gain":0,"player_choice":"Healed","damage_taken":0,"max_hp_gain":0,"max_hp_loss":0,"event_name":"The Cleric","floor":5,"gold_loss":35},{"damage_healed":0,"gold_gain":0,"player_choice":"Left Gold","damage_taken":0,"max_hp_gain":0,"max_hp_loss":0,"event_name":"World of Goop","floor":12,"gold_loss":58},{"damage_healed":0,"gold_gain":0,"player_choice":"Ignored","damage_taken":0,"max_hp_gain":0,"max_hp_loss":0,"event_name":"Liars Game","floor":13,"gold_loss":0},{"damage_healed":0,"gold_gain":0,"player_choice":"Ignored","damage_taken":0,"max_hp_gain":0,"max_hp_loss":0,"event_name":"Ghosts","floor":21,"gold_loss":0}],"is_beta":false,"boss_relics":[{"not_picked":["Coffee Dripper","Lizard Tail"],"picked":"Orrery"}],"items_purged_floors":[22],"is_endless":false,"potions_floor_spawned":[1,4,8,14,19],"killed_by":"Gremlin Leader","ascension_level":18}