{"path_per_floor":["M","M","$","?","?","R","$","E","T","R","?","M","?","M","R","B",null,"M","M","?","?","?"],"character_chosen":"IRONCLAD","items_purchased":["Inflame"],"gold_per_floor":[114,126,13,13,13,13,13,47,47,47,12,27,86,98,98,199,199,215,234,234,159,159,159],"floor_reached":23,"campfire_rested":1,"playtime":499,"current_hp_per_floor":[71,69,69,69,62,62,62,46,46,46,64,58,42,29,50,8,56,27,20,20,20,20,0],"items_purged":["Defend_R"],"gold":159,"score":234,"play_id":"59161952-8402-44c0-82cd-4abd6efdf687","local_time":"20180324182500","is_prod":false,"is_daily":false,"is_ascension_mode":true,"campfire_upgraded":2,"timestamp":1521930300,"path_taken":["M","M","$","?","?","R","$","E","T","R","?","?","?","M","R","BOSS","M","M","?","?","?","E"],"build_version":"2018-03-22v2","purchased_purges":1,"victory":false,"master_deck":["Strike_R+1","Strike_R","Bash","Brutality","Thunderclap+1","Rampage+1","Inflame+1","Carnage+1","Rupture+1"],"max_hp_per_floor":[72,72,72,72,72,72,72,72,72,72,72,72,72,72,72,72,72,72,72,72,72,72,72],"relics":["Burning Blood","Whetstone","Red Skull","Kunai","Astrolabe"],"card_choices":[{"not_picked":["Body Slam","Dropkick"],"picked":"Rampage","floor":1}],"player_experience":192682,"potions_floor_usage":[16,16,16],"damage_taken":[{"damage":7,"enemies":"2 Louse","floor":1,"turns":2},{"damage":8,"enemies":"Cultist","floor":2,"turns":3},{"damage":22,"enemies":"Lagavulin","floor":8,"turns":5},{"damage":12,"enemies":"Jaw Worm","floor":12,"turns":2},{"damage":22,"enemies":"Lagavulin Event","floor":13,"turns":3},{"damage":19,"enemies":"Large Slime","floor":14,"turns":3},{"damage":48,"enemies":"The Guardian","floor":16,"turns":6},{"damage":35,"enemies":"2 Thieves","floor":18,"turns":3},{"damage":13,"enemies":"Chosen","floor":19,"turns":3},{"damage":24,"enemies":"Slavers","floor":23,"turns":2}],"event_choices":[{"event_name":"Liars Game","player_choice":"disagreed","floor":4,"damage_taken":0},{"event_name":"Golden Wing","player_choice":"Card Removal","floor":5,"damage_taken":0},{"event_name":"The Cleric","player_choice":"Healed","floor":11,"damage_taken":0},{"event_name":"Dead Adventurer","player_choice":"Searched \u00271\u0027 times","floor":13,"damage_taken":0},{"event_name":"The Mausoleum","player_choice":"No","floor":20,"damage_taken":0},{"event_name":"Beggar","player_choice":"Gave Gold","floor":21,"damage_taken":0},{"event_name":"Drug Dealer","player_choice":"Ignored","floor":22,"damage_taken":0}],"boss_relics":[{"not_picked":["Runic Pyramid","Tiny House"],"picked":"Astrolabe"}],"potions_floor_spawned":[8,13,14,16,18],"seed_played":"4456100287503991451","killed_by":"Slavers","ascension_level":5,"is_trial":false}