{"gold_per_floor":[116,128,128,138,157,157,157,186,233,253,267,232,232,2,2,2],"floor_reached":16,"playtime":725,"items_purged":["Pain"],"score":163,"play_id":"c44ffa34-0659-4e77-9c74-6d8c8c73167d","local_time":"20181111152218","is_ascension_mode":true,"campfire_choices":[{"data":"Armaments","floor":6,"key":"SMITH"},{"data":"Rampage","floor":15,"key":"SMITH"}],"neow_cost":"NONE","seed_source_timestamp":1300058768186942,"circlet_count":0,"master_deck":["AscendersBane","Strike_R","Strike_R","Strike_R","Strike_R","Defend_R","Defend_R","Defend_R","Defend_R","Bash","Spot Weakness","Iron Wave","Thunderclap","Armaments+1","Dropkick","Ghostly Armor","Rampage+1"],"relics":["Burning Blood","Paper Frog","Art of War","WarpedTongs","Membership Card"],"potions_floor_usage":[8],"damage_taken":[{"damage":8,"enemies":"2 Louse","floor":1,"turns":4},{"damage":6,"enemies":"Cultist","floor":2,"turns":3},{"damage":13,"enemies":"Jaw Worm","floor":4,"turns":4},{"damage":22,"enemies":"Gremlin Gang","floor":5,"turns":6},{"damage":14,"enemies":"Lagavulin","floor":8,"turns":7},{"damage":7,"enemies":"2 Fungi Beasts","floor":10,"turns":3},{"damage":12,"enemies":"Looter","floor":11,"turns":3},{"damage":47,"enemies":"Slime Boss","floor":16,"turns":9}],"seed_played":"573339578557969974","potions_obtained":[{"floor":4,"key":"Energy Potion"},{"floor":8,"key":"Ancient Potion"}],"is_trial":false,"path_per_floor":["M","M","?","M","M","R","?","E","T","M","M","?","?","$","R","B"],"character_chosen":"IRONCLAD","items_purchased":["Membership Card"],"campfire_rested":0,"item_purchase_floors":[14],"current_hp_per_floor":[70,70,70,63,47,47,39,31,31,30,24,44,44,44,44,0],"gold":2,"neow_bonus":"THREE_CARDS","is_prod":false,"is_daily":false,"chose_seed":false,"campfire_upgraded":2,"win_rate":0,"timestamp":1541949738,"path_taken":["M","M","?","M","?","R","?","E","T","?","?","?","?","$","R","BOSS"],"build_version":"2018-11-08","purchased_purges":1,"victory":false,"max_hp_per_floor":[80,80,80,80,80,80,80,80,80,80,80,80,80,80,80,80],"card_choices":[{"not_picked":["Clothesline","Sever Soul"],"picked":"Spot Weakness","floor":0},{"not_picked":["Twin Strike","Pommel Strike"],"picked":"Iron Wave","floor":1},{"not_picked":["Sword Boomerang","Body Slam","Carnage"],"picked":"SKIP","floor":2},{"not_picked":["Twin Strike","Perfected Strike"],"picked":"Thunderclap","floor":4},{"not_picked":["Clash","Wild Strike"],"picked":"Armaments","floor":5},{"not_picked":["Thunderclap","Perfected Strike"],"picked":"Dropkick","floor":8},{"not_picked":["Berserk","Armaments"],"picked":"Ghostly Armor","floor":10},{"not_picked":["Clash","Clothesline"],"picked":"Rampage","floor":11}],"player_experience":496983,"relics_obtained":[{"floor":8,"key":"Paper Frog"},{"floor":9,"key":"Art of War"}],"event_choices":[{"cards_removed":["Strike_R"],"damage_healed":0,"gold_gain":0,"player_choice":"Purged","damage_taken":0,"max_hp_gain":0,"max_hp_loss":0,"event_name":"Purifier","floor":3,"gold_loss":0},{"damage_healed":0,"gold_gain":0,"player_choice":"Damaged","damage_taken":8,"max_hp_gain":0,"max_hp_loss":0,"event_name":"Wheel of Change","floor":7,"gold_loss":0},{"damage_healed":20,"gold_gain":0,"player_choice":"Healed","damage_taken":0,"max_hp_gain":0,"max_hp_loss":0,"event_name":"The Cleric","floor":12,"gold_loss":35},{"damage_healed":0,"gold_gain":0,"player_choice":"Rummage","damage_taken":0,"relics_obtained":["WarpedTongs"],"max_hp_gain":0,"max_hp_loss":0,"event_name":"Accursed Blacksmith","floor":13,"gold_loss":0,"cards_obtained":["Pain"]}],"is_beta":false,"boss_relics":[],"items_purged_floors":[14],"is_endless":false,"potions_floor_spawned":[4,8],"killed_by":"Slime Boss","ascension_level":12}