{"gold_per_floor":[116,127,77,95,107,107,32,32,58,78,78,78,97,116,116,212,212,224,224,235,252,432,432,467,467,494,519,434,334,348,383,383,481,481,493,509,4,16,30,30,30,42,42,58,88,88,107,107,107,107],"floor_reached":51,"playtime":7878,"items_purged":["Strike_B","Strike_B"],"score":706,"play_id":"9961d539-a70e-4ef4-850a-a1fe5a8466d7","local_time":"20180625160017","is_ascension_mode":false,"campfire_choices":[{"data":"Chill","floor":6.0,"key":"SMITH"},{"data":"Go for the Eyes","floor":8.0,"key":"SMITH"},{"data":"Creative AI","floor":12.0,"key":"SMITH"},{"data":"Redo","floor":15.0,"key":"SMITH"},{"floor":23.0,"key":"REST"},{"data":"Amplify","floor":25.0,"key":"SMITH"},{"floor":32.0,"key":"REST"},{"data":"Apotheosis","floor":40,"key":"SMITH"},{"data":"Redo","floor":49,"key":"SMITH"}],"neow_cost":"","seed_source_timestamp":0,"circlet_count":0,"master_deck":["Defend_B","Defend_B","Defend_B","Defend_B","Zap","Dualcast","Chill+1","Ball Lightning","Go for the Eyes+1","Steam","Creative AI+1","Redo+1","Heatsinks","Amplify+1","Glacier","Redo+1","Melter+1","Leap","Capacitor","Apotheosis+1","FTL+1","FTL"],"special_seed":0,"relics":["Cracked Core","Bag of Preparation","Orichalcum","Busted Crown","Anchor","Dream Catcher","Bottled Lightning","Toolbox","Boot","Eternal Feather","Bottled Tornado","Singing Bowl","Bird Faced Urn","Smiling Mask","Mummified Hand"],"potions_floor_usage":[47,50,50,50],"damage_taken":[{"damage":0.0,"enemies":"Cultist","floor":1.0,"turns":4.0},{"damage":1.0,"enemies":"2 Louse","floor":2.0,"turns":2.0},{"damage":0.0,"enemies":"Small Slimes","floor":4.0,"turns":3.0},{"damage":2.0,"enemies":"Looter","floor":5.0,"turns":3.0},{"damage":0.0,"enemies":"Exordium Thugs","floor":10.0,"turns":3.0},{"damage":0.0,"enemies":"Exordium Wildlife","floor":13.0,"turns":3.0},{"damage":0.0,"enemies":"Large Slime","floor":14.0,"turns":4.0},{"damage":19.0,"enemies":"The Guardian","floor":16.0,"turns":7.0},{"damage":11.0,"enemies":"Spheric Guardian","floor":18.0,"turns":4.0},{"damage":7.0,"enemies":"Chosen","floor":20.0,"turns":4.0},{"damage":5.0,"enemies":"Centurion and Healer","floor":21.0,"turns":5.0},{"damage":1.0,"enemies":"Book of Stabbing","floor":24.0,"turns":12.0},{"damage":9.0,"enemies":"Slavers","floor":27.0,"turns":3.0},{"damage":8.0,"enemies":"Slaver and Parasite","floor":30.0,"turns":7.0},{"damage":0.0,"enemies":"Book of Stabbing","floor":31.0,"turns":7.0},{"damage":12.0,"enemies":"Collector","floor":33.0,"turns":8.0},{"damage":0,"enemies":"3 Shapes","floor":35,"turns":7},{"damage":1,"enemies":"Orb Walker","floor":36,"turns":3},{"damage":0,"enemies":"3 Darklings","floor":38,"turns":4},{"damage":1,"enemies":"Sphere and 2 Shapes","floor":39,"turns":5},{"damage":1,"enemies":"4 Shapes","floor":42,"turns":5},{"damage":0,"enemies":"Maw","floor":44,"turns":6},{"damage":2,"enemies":"Giant Head","floor":45,"turns":5},{"damage":17,"enemies":"Sphere and 2 Shapes","floor":47,"turns":4},{"damage":22,"enemies":"Donu and Deca","floor":50,"turns":6}],"seed_played":"2084036146403133910","potions_obtained":[{"floor":4.0,"key":"PowerPotion"},{"floor":13.0,"key":"SteroidPotion"},{"floor":16.0,"key":"Poison Potion"},{"floor":18.0,"key":"Regen Potion"},{"floor":27.0,"key":"SmokeBomb"},{"floor":30.0,"key":"Energy Potion"},{"floor":31.0,"key":"Dexterity Potion"},{"floor":33.0,"key":"Swift Potion"},{"floor":38,"key":"FocusPotion"},{"floor":44,"key":"Dexterity Potion"},{"floor":47,"key":"AttackPotion"}],"is_trial":false,"path_per_floor":["M","M","?","M","M","R","$","R","T","M","?","R","M","M","R","B",null,"M","?","M","M","?","R","E","R","T","E","?","$","M","E","R","B",null,"M","M","$","M","M","R","$","M","T","M","E","T","M","T","R","B"],"character_chosen":"DEFECT","items_purchased":["Capacitor","Apotheosis","Bottled Tornado"],"campfire_rested":2,"item_purchase_floors":[37,37,37],"current_hp_per_floor":[75,74,74,74,72,72,72,72,72,72,69,69,69,69,69,50,75,64,64,57,52,31,53,52,52,52,48,48,48,40,40,62,50,75,75,74,74,74,73,75,75,74,74,74,74,74,70,70,78,67],"gold":107,"neow_bonus":"","is_prod":false,"is_daily":false,"chose_seed":false,"campfire_upgraded":7,"win_rate":0.0,"timestamp":1529953217,"path_taken":["M","?","?","M","M","R","?","R","T","M","?","R","M","M","R","BOSS","M","?","M","?","?","R","E","R","T","E","?","$","?","E","R","BOSS","M","M","$","M","M","R","?","M","T","M","E","?","?","?","R","BOSS"],"build_version":"2018-06-21v2","purchased_purges":2,"victory":true,"max_hp_per_floor":[75,75,75,75,75,75,75,75,75,75,75,75,75,75,75,75,75,75,75,75,75,75,75,75,75,75,75,75,75,75,75,75,75,75,75,75,75,75,75,75,75,75,75,75,77,77,79,79,79,79],"card_choices":[{"not_picked":["Barrage","Glacier"],"picked":"Chill","floor":1.0},{"not_picked":["Compile Driver","Cold Snap"],"picked":"Ball Lightning","floor":2.0},{"not_picked":["Doom and Gloom","Beam Cell"],"picked":"Go for the Eyes","floor":4.0},{"not_picked":["Go for the Eyes","Beam Cell"],"picked":"Steam","floor":5.0},{"not_picked":["Scrape","Barrage"],"picked":"Creative AI","floor":10.0},{"not_picked":["Blizzard","Fusion"],"picked":"Redo","floor":13.0},{"not_picked":["Chill","Auto Shields"],"picked":"Heatsinks","floor":14.0},{"not_picked":["Seek","Biased Cognition"],"picked":"Amplify","floor":16.0},{"not_picked":[],"picked":"Glacier","floor":18.0},{"not_picked":["Compile Driver"],"picked":"SKIP","floor":20.0},{"not_picked":[],"picked":"Redo","floor":21.0},{"not_picked":[],"picked":"Melter+1","floor":24.0},{"not_picked":["Barrage"],"picked":"SKIP","floor":27.0},{"not_picked":[],"picked":"Leap","floor":30.0},{"not_picked":["Coolheaded"],"picked":"SKIP","floor":31.0},{"not_picked":["Conserve Battery"],"picked":"SKIP","floor":35},{"not_picked":["Streamline"],"picked":"SKIP","floor":36},{"not_picked":["Conserve Battery"],"picked":"SKIP","floor":38},{"not_picked":[],"picked":"FTL+1","floor":39},{"not_picked":["Hologram"],"picked":"SKIP","floor":42},{"not_picked":[],"picked":"FTL","floor":44},{"not_picked":["Stack+1"],"picked":"Singing Bowl","floor":45},{"not_picked":["Stack+1"],"picked":"Singing Bowl","floor":47}],"player_experience":139095,"relics_obtained":[{"floor":9.0,"key":"Bag of Preparation"},{"floor":24.0,"key":"Anchor"},{"floor":26.0,"key":"Dream Catcher"},{"floor":27.0,"key":"Bottled Lightning"},{"floor":31.0,"key":"Boot"},{"floor":43,"key":"Singing Bowl"},{"floor":45,"key":"Bird Faced Urn"},{"floor":46,"key":"Smiling Mask"},{"floor":48,"key":"Mummified Hand"}],"event_choices":[{"event_name":"The Cleric","player_choice":"Card Removal","floor":3.0,"damage_taken":0.0},{"event_name":"Scrap Ooze","player_choice":"success","floor":11.0,"damage_taken":3.0},{"event_name":"Drug Dealer","player_choice":"Ignored","floor":19.0,"damage_taken":0.0},{"event_name":"Knowing Skull","player_choice":"GOLD GOLD ","floor":22.0,"damage_taken":0.0},{"event_name":"Addict","player_choice":"Obtained Relic","floor":28.0,"damage_taken":0.0}],"boss_relics":[{"not_picked":["Runic Dome","Inserter"],"picked":"Busted Crown"},{"not_picked":["Astrolabe","Velvet Choker"],"picked":"Eternal Feather"}],"items_purged_floors":[],"is_endless":false,"potions_floor_spawned":[4,13,16,18,27,30,31,33,38,44,45,47],"ascension_level":0}