{"gold_per_floor":[109,33,33,52,67,67,87,116,197,216,228,228,240,240],"floor_reached":14,"playtime":933,"items_purged":[],"score":188,"play_id":"eb1cf922-4735-4e0b-9694-1d6b0d6c8656","local_time":"20190327235635","is_ascension_mode":true,"campfire_choices":[{"data":"Neutralize","floor":6,"key":"SMITH"},{"floor":12,"key":"REST"}],"neow_cost":"NONE","seed_source_timestamp":272496488373305,"circlet_count":0,"master_deck":["AscendersBane","Defend_G","Defend_G","Defend_G","Defend_G","Defend_G","Strike_G","Strike_G","Strike_G","Strike_G","Strike_G","Survivor","Neutralize+1","Doppelganger","Endless Agony","Caltrops","PiercingWail","Deadly Poison","Heel Hook","Venomology","Leg Sweep","Dodge and Roll","Dagger Spray"],"relics":["Ring of the Snake","Incense Burner","Gremlin Horn"],"potions_floor_usage":[8,11,11,14,14,14],"damage_taken":[{"damage":1,"enemies":"Small Slimes","floor":1,"turns":5},{"damage":0,"enemies":"Cultist","floor":4,"turns":4},{"damage":3,"enemies":"Jaw Worm","floor":5,"turns":6},{"damage":0,"enemies":"2 Fungi Beasts","floor":7,"turns":5},{"damage":42,"enemies":"3 Sentries","floor":8,"turns":12},{"damage":4,"enemies":"3 Louse","floor":10,"turns":4},{"damage":7,"enemies":"Gremlin Gang","floor":11,"turns":4},{"damage":1,"enemies":"Red Slaver","floor":13,"turns":4},{"damage":37,"enemies":"Gremlin Nob","floor":14,"turns":3}],"seed_played":"2828242934751155235","potions_obtained":[{"floor":1,"key":"Dexterity Potion"},{"floor":8,"key":"GhostInAJar"},{"floor":11,"key":"FearPotion"}],"is_trial":false,"path_per_floor":["M","$","?","M","M","R","M","E","T","M","M","R","M","E"],"character_chosen":"THE_SILENT","items_purchased":["Caltrops"],"campfire_rested":1,"item_purchase_floors":[2],"current_hp_per_floor":[58,58,58,58,55,55,55,13,13,9,2,21,20,0],"gold":240,"neow_bonus":"ONE_RANDOM_RARE_CARD","is_prod":false,"is_daily":false,"chose_seed":false,"campfire_upgraded":1,"win_rate":0,"timestamp":1553723795,"path_taken":["M","$","?","M","M","R","M","E","T","M","M","R","M","E"],"build_version":"2019-01-23","purchased_purges":0,"victory":false,"max_hp_per_floor":[66,66,66,66,66,66,66,66,66,66,66,66,66,66],"card_choices":[{"not_picked":["Eviscerate","Blur"],"picked":"Endless Agony","floor":1},{"not_picked":["Deadly Poison","Outmaneuver"],"picked":"PiercingWail","floor":4},{"not_picked":["Backflip","Acrobatics"],"picked":"Deadly Poison","floor":5},{"not_picked":["Dodge and Roll","Cloak And Dagger"],"picked":"Heel Hook","floor":7},{"not_picked":["Calculated Gamble","PiercingWail"],"picked":"Venomology","floor":8},{"not_picked":["Bane","Endless Agony"],"picked":"Leg Sweep","floor":10},{"not_picked":["Underhanded Strike","Acrobatics"],"picked":"Dodge and Roll","floor":11},{"not_picked":["Flying Knee","Dodge and Roll"],"picked":"Dagger Spray","floor":13}],"player_experience":1618903,"relics_obtained":[{"floor":8,"key":"Incense Burner"},{"floor":9,"key":"Gremlin Horn"}],"event_choices":[{"damage_healed":0,"gold_gain":0,"player_choice":"Ignored","damage_taken":0,"max_hp_gain":0,"max_hp_loss":0,"event_name":"Golden Idol","floor":3,"gold_loss":0}],"is_beta":false,"boss_relics":[],"items_purged_floors":[],"is_endless":false,"potions_floor_spawned":[1,8,11,13],"killed_by":"Gremlin Nob","ascension_level":20}