{"gold_per_floor":[216,48,48,62,80,80,93,120,145,42,42,77,177,191,191,265,265,275,294,304,304,314,314,314,35,35,54,54],"floor_reached":28,"playtime":1483,"items_purged":["Strike_R","Strike_R"],"score":460,"play_id":"3e361a30-db6a-4c93-b14c-420b1a75067d","local_time":"20190324215337","is_ascension_mode":true,"campfire_choices":[{"data":"Clothesline","floor":6,"key":"SMITH"},{"data":"Perfected Strike","floor":11,"key":"SMITH"},{"data":"Corruption","floor":15,"key":"SMITH"},{"floor":23,"key":"REST"}],"neow_cost":"NONE","seed_source_timestamp":5363807549879,"circlet_count":0,"master_deck":["AscendersBane","Strike_R","Strike_R","Strike_R","Defend_R","Defend_R","Defend_R","Defend_R","Bash+1","Flame Barrier","Corruption+1","Clothesline+1","Perfected Strike+1","Pummel","Pommel Strike","Feel No Pain","Twin Strike","Fiend Fire","Disarm","Flame Barrier","Sentinel+1"],"relics":["Burning Blood","Regal Pillow","Pen Nib","Smiling Mask","Art of War","White Beast Statue","OrangePellets","Singing Bowl"],"potions_floor_usage":[7,7,12,18,19,20,22,24,27,27,28],"damage_taken":[{"damage":7,"enemies":"Small Slimes","floor":1,"turns":3},{"damage":1,"enemies":"2 Louse","floor":4,"turns":3},{"damage":2,"enemies":"Cultist","floor":5,"turns":5},{"damage":8,"enemies":"Exordium Thugs","floor":7,"turns":5},{"damage":40,"enemies":"Gremlin Nob","floor":8,"turns":6},{"damage":12,"enemies":"Lagavulin","floor":12,"turns":7},{"damage":1,"enemies":"Looter","floor":14,"turns":3},{"damage":23,"enemies":"Slime Boss","floor":16,"turns":5},{"damage":27,"enemies":"Shell Parasite","floor":18,"turns":4},{"damage":21,"enemies":"Chosen","floor":19,"turns":6},{"damage":15,"enemies":"Centurion and Healer","floor":20,"turns":8},{"damage":28,"enemies":"Sentry and Sphere","floor":22,"turns":6},{"damage":12,"enemies":"Cultist and Chosen","floor":27,"turns":7},{"damage":48,"enemies":"Book of Stabbing","floor":28,"turns":7}],"seed_played":"-2846392734924620200","potions_obtained":[{"floor":1,"key":"Ancient Potion"},{"floor":5,"key":"Explosive Potion"},{"floor":8,"key":"Block Potion"},{"floor":14,"key":"SneckoOil"},{"floor":18,"key":"Weak Potion"},{"floor":19,"key":"Regen Potion"},{"floor":20,"key":"AttackPotion"},{"floor":22,"key":"AttackPotion"},{"floor":24,"key":"Fruit Juice"},{"floor":24,"key":"Poison Potion"},{"floor":27,"key":"SteroidPotion"}],"is_trial":false,"path_per_floor":["M","$","?","M","M","R","M","E","T","$","R","E","?","M","R","B",null,"M","M","M","?","M","R","?","$","T","M","E"],"character_chosen":"IRONCLAD","items_purchased":["Regal Pillow","Pommel Strike","OrangePellets"],"campfire_rested":1,"item_purchase_floors":[2,10,25],"current_hp_per_floor":[67,67,67,72,75,75,73,39,39,39,39,33,33,38,38,21,62,41,26,32,32,10,47,52,52,52,46,0],"gold":54,"neow_bonus":"HUNDRED_GOLD","is_prod":false,"is_daily":false,"chose_seed":false,"campfire_upgraded":3,"win_rate":0,"timestamp":1553457217,"path_taken":["M","$","?","M","M","R","M","E","T","$","R","E","?","M","R","BOSS","M","M","?","?","M","R","?","$","T","M","E"],"build_version":"2019-01-23","purchased_purges":2,"victory":false,"max_hp_per_floor":[75,75,75,75,75,75,75,75,75,75,75,75,75,75,75,75,75,75,75,75,75,75,75,80,80,80,80,80],"card_choices":[{"not_picked":["Hemokinesis","Cleave"],"picked":"Flame Barrier","floor":1},{"not_picked":["Clash","Clothesline"],"picked":"Corruption","floor":4},{"not_picked":["Shrug It Off","Entrench"],"picked":"Clothesline","floor":5},{"not_picked":["Headbutt","Combust"],"picked":"Perfected Strike","floor":7},{"not_picked":["True Grit","Sever Soul"],"picked":"Pummel","floor":8},{"not_picked":["Pummel","Rampage"],"picked":"Feel No Pain","floor":12},{"not_picked":["Wild Strike","Warcry"],"picked":"Twin Strike","floor":14},{"not_picked":["Immolate","Demon Form"],"picked":"Fiend Fire","floor":16},{"not_picked":["Thunderclap","Fire Breathing","Iron Wave"],"picked":"SKIP","floor":18},{"not_picked":["Clash","Reckless Charge"],"picked":"Disarm","floor":19},{"not_picked":["Heavy Blade","Fire Breathing","Headbutt"],"picked":"SKIP","floor":20},{"not_picked":["Anger","Infernal Blade"],"picked":"Flame Barrier","floor":22},{"not_picked":["Pummel","Fire Breathing"],"picked":"Sentinel+1","floor":27}],"player_experience":1596829,"relics_obtained":[{"floor":8,"key":"Pen Nib"},{"floor":9,"key":"Smiling Mask"},{"floor":12,"key":"Art of War"},{"floor":26,"key":"Singing Bowl"}],"event_choices":[{"damage_healed":0,"gold_gain":0,"player_choice":"Grow","damage_taken":0,"max_hp_gain":0,"max_hp_loss":0,"event_name":"Living Wall","floor":3,"gold_loss":0,"cards_upgraded":["Bash"]},{"damage_healed":0,"gold_gain":100,"player_choice":"Gold","damage_taken":0,"max_hp_gain":0,"max_hp_loss":0,"event_name":"Wheel of Change","floor":13,"gold_loss":0},{"damage_healed":0,"gold_gain":0,"player_choice":"Ignored","damage_taken":0,"max_hp_gain":0,"max_hp_loss":0,"event_name":"Beggar","floor":21,"gold_loss":0},{"damage_healed":0,"gold_gain":0,"player_choice":"Got Potions","damage_taken":0,"max_hp_gain":0,"max_hp_loss":0,"event_name":"Lab","floor":24,"gold_loss":0}],"is_beta":false,"boss_relics":[{"not_picked":["Runic Cube","Busted Crown"],"picked":"White Beast Statue"}],"items_purged_floors":[10,25],"is_endless":false,"potions_floor_spawned":[1,5,8,14,18,19,20,22,27],"killed_by":"Book of Stabbing","ascension_level":20}