{"gold_per_floor":[113,124,124,137,17,48,48,48,78,78,91,152,181,16,16,112,112,130,130,130,1,12,12,12,38,64,77,77,77,77,92,92,193,193,211,211,311,311,323,356,367,367,367,367,367,72,99,113,113,113],"floor_reached":50,"playtime":4071,"items_purged":["Strike_G","Strike_G"],"score":549,"play_id":"4b098364-74b6-4a01-a184-1cc307c40e99","local_time":"20190319004229","is_ascension_mode":false,"campfire_choices":[{"data":"Neutralize","floor":7.0,"key":"SMITH"},{"data":"Dagger Spray","floor":10.0,"key":"SMITH"},{"floor":15.0,"key":"REST"},{"data":"Well Laid Plans","floor":23.0,"key":"SMITH"},{"data":"Terror","floor":28.0,"key":"SMITH"},{"data":"Survivor","floor":30.0,"key":"SMITH"},{"data":"Choke","floor":32.0,"key":"SMITH"},{"data":"Strike_G","floor":42.0,"key":"PURGE"},{"data":"Strike_G","floor":44.0,"key":"PURGE"},{"data":"Strike_G","floor":49.0,"key":"PURGE"}],"neow_cost":"NONE","seed_source_timestamp":0,"circlet_count":0,"master_deck":["Defend_G","Defend_G","Defend_G","Defend_G+1","Defend_G","Survivor+1","Neutralize+1","Choke+1","Skewer+1","Dagger Spray+1","Well Laid Plans+1","Dagger Throw+1","Bane+1","Terror+1","Phantasmal Killer+1","Dodge and Roll+1","Prepared+1","Die Die Die+1","PiercingWail+1","Poisoned Stab+1","Bouncing Flask+1","Backflip+1","Outmaneuver+1","Malaise+1","Poisoned Stab+1","Outmaneuver+1","Skewer+1","Bane+1","Crippling Poison+1"],"special_seed":0,"relics":["Ring of the Snake","Molten Egg 2","Mercury Hourglass","Tiny Chest","Frozen Egg 2","Toxic Egg 2","Coffee Dripper","Sundial","Unceasing Top","Snake Skull","Shuriken","Busted Crown","Peace Pipe","Bottled Tornado","Juzu Bracelet","Torii"],"potions_floor_usage":[50,50,50],"damage_taken":[{"damage":0.0,"enemies":"Jaw Worm","floor":1.0,"turns":5.0},{"damage":3.0,"enemies":"Small Slimes","floor":2.0,"turns":3.0},{"damage":0.0,"enemies":"Cultist","floor":4.0,"turns":2.0},{"damage":15.0,"enemies":"3 Sentries","floor":6.0,"turns":8.0},{"damage":0.0,"enemies":"Looter","floor":11.0,"turns":2.0},{"damage":10.0,"enemies":"Gremlin Nob","floor":12.0,"turns":3.0},{"damage":10.0,"enemies":"Gremlin Nob","floor":13.0,"turns":3.0},{"damage":9.0,"enemies":"Hexaghost","floor":16.0,"turns":6.0},{"damage":0.0,"enemies":"Chosen","floor":18.0,"turns":3.0},{"damage":5.0,"enemies":"2 Thieves","floor":22.0,"turns":2.0},{"damage":0.0,"enemies":"Gremlin Leader","floor":25.0,"turns":3.0},{"damage":17.0,"enemies":"Sentry and Sphere","floor":27.0,"turns":4.0},{"damage":0.0,"enemies":"Cultist and Chosen","floor":31.0,"turns":4.0},{"damage":9.0,"enemies":"Automaton","floor":33.0,"turns":9.0},{"damage":13.0,"enemies":"3 Shapes","floor":35.0,"turns":2.0},{"damage":0.0,"enemies":"Mind Bloom Boss Battle","floor":37.0,"turns":4.0},{"damage":5.0,"enemies":"Orb Walker","floor":39.0,"turns":3.0},{"damage":13.0,"enemies":"Nemesis","floor":40.0,"turns":7.0},{"damage":12.0,"enemies":"Spire Growth","floor":41.0,"turns":4.0},{"damage":1.0,"enemies":"Giant Head","floor":47.0,"turns":7.0},{"damage":25.0,"enemies":"4 Shapes","floor":48.0,"turns":2.0},{"damage":9,"enemies":"Donu and Deca","floor":50,"turns":2}],"seed_played":"-7896173994068129927","potions_obtained":[{"floor":4.0,"key":"SkillPotion"},{"floor":11.0,"key":"Energy Potion"},{"floor":13.0,"key":"Dexterity Potion"},{"floor":25.0,"key":"SpeedPotion"},{"floor":27.0,"key":"GhostInAJar"},{"floor":33.0,"key":"Dexterity Potion"},{"floor":40.0,"key":"Block Potion"},{"floor":47.0,"key":"Strength Potion"},{"floor":48.0,"key":"Explosive Potion"}],"is_trial":false,"path_per_floor":["M","M","?","M","$","E","R","?","T","R","M","?","E","$","R","B",null,"M","?","T","$","M","R","$","E","T","M","R","T","R","M","R","B",null,"M","?","?","?","M","E","M","R","T","R","?","$","E","M","R","B"],"character_chosen":"THE_SILENT","items_purchased":["Well Laid Plans","Block Potion","Dodge and Roll+1","Prepared+1","Bouncing Flask+1","PowerPotion","GhostInAJar","Outmaneuver+1","Skewer+1"],"campfire_rested":1,"item_purchase_floors":[5,5,14,14,21,21,46,46,46],"current_hp_per_floor":[77,74,59,59,59,44,44,44,44,44,44,34,24,24,47,38,77,77,77,77,77,72,72,72,72,72,55,55,55,55,55,55,46,77,64,64,64,64,59,46,34,34,34,34,34,34,33,8,8,0],"gold":113,"neow_bonus":"TEN_PERCENT_HP_BONUS","is_prod":false,"is_daily":false,"chose_seed":false,"campfire_upgraded":6,"win_rate":0.0,"timestamp":1552970549,"path_taken":["M","M","?","M","$","E","R","?","T","R","?","?","E","?","R","BOSS","M","?","?","$","M","R","$","E","T","M","R","?","R","M","R","BOSS","M","?","?","?","M","E","M","R","T","R","?","$","E","M","R","BOSS"],"build_version":"2019-01-23","purchased_purges":2,"victory":false,"max_hp_per_floor":[77,77,77,77,77,77,77,77,77,77,77,77,77,77,77,77,77,77,77,77,77,77,77,77,77,77,77,77,77,77,77,77,77,77,77,73,73,73,73,73,73,73,73,73,73,73,73,73,73,73],"card_choices":[{"not_picked":["Bane","Catalyst"],"picked":"Choke","floor":1.0},{"not_picked":["Deflect","Underhanded Strike"],"picked":"Skewer","floor":2.0},{"not_picked":["Prepared","Outmaneuver"],"picked":"Dagger Spray","floor":4.0},{"not_picked":["Reflex","PiercingWail"],"picked":"Dagger Throw","floor":6.0},{"not_picked":["Blur","Underhanded Strike+1"],"picked":"Bane+1","floor":11.0},{"not_picked":["Sucker Punch+1","Predator+1"],"picked":"Terror","floor":12.0},{"not_picked":["Flying Knee+1","Masterful Stab+1"],"picked":"Phantasmal Killer","floor":13.0},{"not_picked":["Venomology+1","After Image+1"],"picked":"Die Die Die+1","floor":16.0},{"not_picked":["Expertise+1","Underhanded Strike+1"],"picked":"PiercingWail+1","floor":18.0},{"not_picked":["Finisher+1","Expertise+1"],"picked":"Backflip+1","floor":22.0},{"not_picked":["Backstab+1","Sucker Punch+1","Quick Slash+1"],"picked":"SKIP","floor":25.0},{"not_picked":["Quick Slash+1","Underhanded Strike+1","Prepared+1"],"picked":"SKIP","floor":27.0},{"not_picked":["Masterful Stab+1","Underhanded Strike+1"],"picked":"Outmaneuver+1","floor":31.0},{"not_picked":["Bullet Time+1","After Image+1"],"picked":"Malaise+1","floor":33.0},{"not_picked":["Sucker Punch+1"],"picked":"SKIP","floor":35.0},{"not_picked":[],"picked":"Poisoned Stab+1","floor":39.0},{"not_picked":["Eviscerate+1"],"picked":"SKIP","floor":40.0},{"not_picked":["Deadly Poison+1"],"picked":"SKIP","floor":41.0},{"not_picked":[],"picked":"Bane+1","floor":47.0},{"not_picked":[],"picked":"Crippling Poison+1","floor":48.0}],"player_experience":28662,"relics_obtained":[{"floor":6.0,"key":"Molten Egg 2"},{"floor":9.0,"key":"Tiny Chest"},{"floor":12.0,"key":"Frozen Egg 2"},{"floor":13.0,"key":"Toxic Egg 2"},{"floor":20.0,"key":"Sundial"},{"floor":25.0,"key":"Unceasing Top"},{"floor":26.0,"key":"Snake Skull"},{"floor":29.0,"key":"Shuriken"},{"floor":37.0,"key":"Peace Pipe"},{"floor":40.0,"key":"Bottled Tornado"},{"floor":43.0,"key":"Juzu Bracelet"},{"floor":47.0,"key":"Torii"}],"event_choices":[{"damage_healed":0.0,"max_hp_gain":0.0,"max_hp_loss":0.0,"gold_gain":0.0,"event_name":"Shining Light","player_choice":"Entered Light","floor":3.0,"gold_loss":0.0,"damage_taken":15.0,"cards_upgraded":["Skewer","Defend_G"]},{"damage_healed":0.0,"max_hp_gain":0.0,"max_hp_loss":0.0,"gold_gain":0.0,"event_name":"WeMeetAgain","player_choice":"Gave Potion","floor":8.0,"gold_loss":0.0,"damage_taken":0.0,"relics_obtained":["Mercury Hourglass"]},{"damage_healed":0.0,"max_hp_gain":0.0,"max_hp_loss":0.0,"gold_gain":0.0,"event_name":"Dead Adventurer","player_choice":"Searched \u00271\u0027 times","floor":12.0,"gold_loss":0.0,"damage_taken":0.0},{"damage_healed":0.0,"max_hp_gain":0.0,"max_hp_loss":0.0,"gold_gain":0.0,"event_name":"The Library","player_choice":"Read","floor":19.0,"gold_loss":0.0,"damage_taken":0.0,"cards_obtained":["Poisoned Stab"]},{"damage_healed":0.0,"max_hp_gain":0.0,"max_hp_loss":4.0,"gold_gain":0.0,"event_name":"Winding Halls","player_choice":"Max HP","floor":36.0,"gold_loss":0.0,"damage_taken":0.0},{"damage_healed":0.0,"max_hp_gain":0.0,"max_hp_loss":0.0,"gold_gain":0.0,"event_name":"MindBloom","player_choice":"Fight","floor":37.0,"gold_loss":0.0,"damage_taken":0.0},{"damage_healed":0.0,"max_hp_gain":0.0,"max_hp_loss":0.0,"gold_gain":0.0,"event_name":"SensoryStone","player_choice":"Memory 1","floor":38.0,"gold_loss":0.0,"damage_taken":0.0},{"damage_healed":0.0,"max_hp_gain":0.0,"max_hp_loss":0.0,"gold_gain":0.0,"event_name":"Tomb of Lord Red Mask","player_choice":"Ignored","floor":45.0,"gold_loss":0.0,"damage_taken":0.0}],"is_beta":false,"boss_relics":[{"not_picked":["Eternal Feather","Runic Pyramid"],"picked":"Coffee Dripper"},{"not_picked":["HoveringKite","Velvet Choker"],"picked":"Busted Crown"}],"items_purged_floors":[14,46],"is_endless":false,"potions_floor_spawned":[4,11,13,25,27,33,40,47,48],"killed_by":"Donu and Deca","ascension_level":0}