{"gold_per_floor":[109,121,132,16,35,35,46,79,79,27,27,27,27,27,27,98,98,114,14,31,31,31,31,59,59,59,59,59],"floor_reached":28,"playtime":1269,"items_purged":["Strike_R","Strike_R"],"score":468,"play_id":"3138d7ac-3fcc-433e-9ca8-b10f55bfcc1d","local_time":"20190324211428","is_ascension_mode":true,"campfire_choices":[{"data":"Searing Blow","floor":6,"key":"SMITH"},{"data":"Searing Blow+1","floor":11,"key":"SMITH"},{"data":"Armaments","floor":15,"key":"SMITH"},{"data":"Searing Blow+3","floor":23,"key":"SMITH"},{"floor":27,"key":"REST"}],"neow_cost":"NONE","seed_source_timestamp":3229290599620,"circlet_count":0,"master_deck":["AscendersBane","Strike_R","Strike_R","Strike_R","Defend_R","Defend_R","Defend_R","Defend_R","Bash","Body Slam","Searing Blow+4","Armaments+1","Inflame","Uppercut","Spot Weakness","Shockwave","Shrug It Off","Reaper","Armaments","Feed"],"relics":["Burning Blood","NeowsBlessing","Juzu Bracelet","Matryoshka","Potion Belt","Ancient Tea Set","White Beast Statue","Toxic Egg 2","Mummified Hand","Bottled Tornado"],"potions_floor_usage":[8,20,20,24,24,24],"damage_taken":[{"damage":0,"enemies":"Cultist","floor":1,"turns":1},{"damage":0,"enemies":"Small Slimes","floor":2,"turns":1},{"damage":0,"enemies":"2 Louse","floor":3,"turns":1},{"damage":11,"enemies":"Blue Slaver","floor":5,"turns":4},{"damage":2,"enemies":"Red Slaver","floor":7,"turns":5},{"damage":32,"enemies":"Gremlin Nob","floor":8,"turns":4},{"damage":23,"enemies":"The Guardian","floor":16,"turns":13},{"damage":29,"enemies":"Chosen","floor":18,"turns":7},{"damage":47,"enemies":"Spheric Guardian","floor":20,"turns":8},{"damage":40,"enemies":"Gremlin Leader","floor":24,"turns":6},{"damage":73,"enemies":"Book of Stabbing","floor":28,"turns":5}],"seed_played":"-1819687029851530731","potions_obtained":[{"floor":2,"key":"SteroidPotion"},{"floor":5,"key":"Poison Potion"},{"floor":8,"key":"SkillPotion"},{"floor":18,"key":"Regen Potion"},{"floor":20,"key":"PowerPotion"},{"floor":24,"key":"Fruit Juice"}],"is_trial":false,"path_per_floor":["M","M","M","$","M","R","M","E","T","$","R","?","?","T","R","B",null,"M","$","M","?","$","R","E","?","T","R","E"],"character_chosen":"IRONCLAD","items_purchased":["Inflame","Shrug It Off"],"campfire_rested":1,"item_purchase_floors":[4,10],"current_hp_per_floor":[74,75,75,75,70,70,74,48,48,48,48,48,48,48,48,31,64,51,51,39,39,39,39,37,37,37,61,0],"gold":59,"neow_bonus":"THREE_ENEMY_KILL","is_prod":false,"is_daily":false,"chose_seed":false,"campfire_upgraded":4,"win_rate":0,"timestamp":1553454868,"path_taken":["M","?","?","$","M","R","M","E","T","$","R","?","?","?","R","BOSS","M","$","M","?","?","R","E","?","T","R","E"],"build_version":"2019-01-23","purchased_purges":2,"victory":false,"max_hp_per_floor":[75,75,75,75,75,75,75,75,75,75,75,75,75,75,75,75,75,75,75,75,75,75,75,80,80,80,80,80],"card_choices":[{"not_picked":["Clash","Anger"],"picked":"Body Slam","floor":1},{"not_picked":["Heavy Blade","Body Slam"],"picked":"Searing Blow","floor":2},{"not_picked":["Fire Breathing","Body Slam"],"picked":"Armaments","floor":3},{"not_picked":["True Grit","Clash"],"picked":"Uppercut","floor":5},{"not_picked":["Twin Strike","Anger"],"picked":"Spot Weakness","floor":7},{"not_picked":["Hemokinesis","Blood for Blood"],"picked":"Shockwave","floor":8},{"not_picked":["Barricade","Berserk"],"picked":"Reaper","floor":16},{"not_picked":["Pommel Strike","Sword Boomerang","Clothesline"],"picked":"SKIP","floor":18},{"not_picked":["Clash","Iron Wave"],"picked":"Armaments","floor":20},{"not_picked":["Entrench","Iron Wave"],"picked":"Feed","floor":24}],"player_experience":1594719,"relics_obtained":[{"floor":8,"key":"Juzu Bracelet"},{"floor":9,"key":"Matryoshka"},{"floor":14,"key":"Potion Belt"},{"floor":14,"key":"Ancient Tea Set"},{"floor":24,"key":"Toxic Egg 2"},{"floor":26,"key":"Mummified Hand"},{"floor":26,"key":"Bottled Tornado"}],"event_choices":[{"damage_healed":0,"gold_gain":0,"player_choice":"Leave","damage_taken":0,"max_hp_gain":0,"max_hp_loss":0,"event_name":"The Cleric","floor":12,"gold_loss":0},{"damage_healed":0,"gold_gain":0,"player_choice":"Ignored","damage_taken":0,"max_hp_gain":0,"max_hp_loss":0,"event_name":"Liars Game","floor":13,"gold_loss":0},{"damage_healed":0,"gold_gain":0,"player_choice":"Upgraded","damage_taken":0,"max_hp_gain":0,"max_hp_loss":0,"event_name":"Upgrade Shrine","floor":21,"gold_loss":0,"cards_upgraded":["Searing Blow"]},{"damage_healed":0,"gold_gain":0,"player_choice":"Ignored","damage_taken":0,"max_hp_gain":0,"max_hp_loss":0,"event_name":"Beggar","floor":25,"gold_loss":0}],"is_beta":false,"boss_relics":[{"not_picked":["Philosopher\u0027s Stone","Black Star"],"picked":"White Beast Statue"}],"items_purged_floors":[4,19],"is_endless":false,"potions_floor_spawned":[2,5,7,8,18,20,24],"killed_by":"Book of Stabbing","ascension_level":20}