{"gold_per_floor":[112,112,112,129,54,54,72,72,72,72,88,106,106,6,6,102,102,116,151,201,300,175,175,188,208,234,4,18,18,18,32,32,32],"floor_reached":33,"playtime":1498,"items_purged":["Strike_B","Strike_B","Defend_B","Strike_B"],"score":235,"play_id":"faf9daa8-0200-4e01-b7e5-8c9b8d4a9481","local_time":"20180627145759","is_ascension_mode":false,"campfire_choices":[{"data":"Conserve Battery","floor":6,"key":"SMITH"},{"data":"Leap","floor":8,"key":"SMITH"},{"data":"Defend_B","floor":15,"key":"SMITH"},{"floor":23,"key":"REST"},{"floor":30,"key":"REST"},{"floor":32,"key":"REST"}],"neow_cost":"NONE","seed_source_timestamp":448639428672111,"circlet_count":0,"master_deck":["Strike_B","Defend_B+1","Defend_B","Defend_B+1","Zap+1","Dualcast+1","Conserve Battery+1","Leap+1","Seek","Rainbow","Sunder","Leap+1","Conserve Battery"],"relics":["Cracked Core","Happy Flower","Darkstone Periapt","Strawberry","Nuclear Battery","Red Mask","Dream Catcher","Molten Egg 2"],"potions_floor_usage":[16,16,19,33],"damage_taken":[{"damage":1,"enemies":"Cultist","floor":1,"turns":3},{"damage":0,"enemies":"Jaw Worm","floor":4,"turns":3},{"damage":0,"enemies":"2 Louse","floor":7,"turns":3},{"damage":2,"enemies":"Exordium Thugs","floor":11,"turns":5},{"damage":1,"enemies":"Exordium Wildlife","floor":12,"turns":4},{"damage":61,"enemies":"Slime Boss","floor":16,"turns":14},{"damage":6,"enemies":"Chosen","floor":18,"turns":9},{"damage":35,"floor":19,"turns":10},{"damage":19,"enemies":"3 Byrds","floor":24,"turns":7},{"damage":8,"enemies":"Slaver and Parasite","floor":25,"turns":10},{"damage":0,"enemies":"Snake Plant","floor":28,"turns":3},{"damage":14,"enemies":"Centurion and Healer","floor":31,"turns":7},{"damage":81,"enemies":"Champ","floor":33,"turns":14}],"seed_played":"-1597569744511885293","potions_obtained":[{"floor":1,"key":"SteroidPotion"},{"floor":4,"key":"AttackPotion"},{"floor":11,"key":"Explosive Potion"},{"floor":18,"key":"AttackPotion"},{"floor":28,"key":"Swift Potion"}],"is_trial":false,"path_per_floor":["M","T","?","M","$","R","M","R","T","?","M","M","?","$","R","B",null,"M","?","?","?","$","R","M","M","T","$","M","T","R","M","R"],"character_chosen":"DEFECT","items_purchased":["Sunder"],"campfire_rested":3,"item_purchase_floors":[27],"current_hp_per_floor":[74,74,74,74,74,74,74,74,81,81,79,78,62,62,62,1,82,76,41,41,41,41,65,46,38,38,38,38,38,62,48,72,0],"gold":32,"neow_bonus":"RANDOM_COMMON_RELIC","is_prod":false,"is_daily":false,"chose_seed":false,"campfire_upgraded":3,"win_rate":0,"timestamp":1530122279,"path_taken":["M","?","?","M","$","R","M","R","T","?","?","?","?","?","R","BOSS","M","?","?","?","?","R","M","M","T","?","M","?","R","M","R","BOSS"],"build_version":"2018-06-21v2","purchased_purges":4,"victory":false,"max_hp_per_floor":[75,75,75,75,75,75,75,75,82,82,82,82,82,82,82,82,82,82,82,82,82,82,82,82,82,82,82,82,82,82,82,82,82],"card_choices":[{"not_picked":["Heatsinks","Chill"],"picked":"Conserve Battery","floor":1},{"not_picked":["Blizzard","Melter"],"picked":"Leap","floor":4},{"not_picked":["Storm","Chill","Beam Cell"],"picked":"SKIP","floor":7},{"not_picked":["Undo","Cold Snap","Gash"],"picked":"SKIP","floor":11},{"not_picked":["Skim","Go for the Eyes","Streamline"],"picked":"SKIP","floor":12},{"not_picked":["Recycle","Gash","Stack"],"picked":"SKIP","floor":18},{"not_picked":["Stack","Auto Shields"],"picked":"Rainbow","floor":24},{"not_picked":["Cold Snap","Doom and Gloom+1","Rip and Tear"],"picked":"SKIP","floor":25},{"not_picked":["Double Energy","Chaos","Gash"],"picked":"SKIP","floor":28},{"not_picked":["Recycle","Heatsinks"],"picked":"Leap+1","floor":30},{"not_picked":["Blizzard+1","Go for the Eyes+1","Steam Power"],"picked":"SKIP","floor":31},{"not_picked":["Blizzard+1","Go for the Eyes+1","Steam Power"],"picked":"SKIP","floor":31},{"not_picked":["Steam","Coolheaded"],"picked":"Conserve Battery","floor":32}],"player_experience":166827,"relics_obtained":[{"floor":2,"key":"Darkstone Periapt"},{"floor":9,"key":"Strawberry"},{"floor":19,"key":"Red Mask"},{"floor":26,"key":"Dream Catcher"},{"floor":29,"key":"Molten Egg 2"}],"event_choices":[{"event_name":"Upgrade Shrine","player_choice":"Upgraded","floor":3,"damage_taken":0},{"event_name":"Match and Keep!","player_choice":"1 cards matched","floor":10,"damage_taken":0},{"event_name":"Shining Light","player_choice":"Entered Light","floor":13,"damage_taken":0},{"event_name":"Masked Bandits","player_choice":"Fought over 116 gold","floor":19,"damage_taken":0},{"event_name":"The Joust","player_choice":"Bet on Murderer","floor":20,"damage_taken":0},{"event_name":"Nest","player_choice":"Stole From Cult","floor":21,"damage_taken":0}],"boss_relics":[{"not_picked":["Philosopher\u0027s Stone","Busted Crown"],"picked":"Nuclear Battery"}],"items_purged_floors":[5,14,22,27],"is_endless":false,"potions_floor_spawned":[1,4,11,18,28],"killed_by":"Champ","ascension_level":0}