{"gold_per_floor":[112,187,24,24,44,44,56,110,110,134,161,171,17,31,31,126,126,138,155,155,232,242,242,254,13,36,36,36],"floor_reached":28,"playtime":1055,"items_purged":["Strike_B"],"score":316,"play_id":"b29f84aa-0ad1-4cdc-805e-bf03f405cc01","local_time":"20180922203505","is_ascension_mode":true,"campfire_choices":[{"data":"Dualcast","floor":6,"key":"SMITH"},{"floor":15,"key":"REST"},{"data":"Machine Learning","floor":23,"key":"SMITH"}],"neow_cost":"","seed_source_timestamp":698572352499144,"circlet_count":0,"master_deck":["Strike_B","Strike_B","Defend_B","Defend_B","Defend_B","Defend_B+1","Zap","Dualcast+1","Sweeping Beam","Undo","Cold Snap","Ball Lightning","White Noise+1","White Noise","Steam","Conserve Battery","Machine Learning+1","Conserve Battery","Rainbow","Defragment","Cold Snap","Reboot"],"relics":["FrozenCore","Bag of Marbles","Darkstone Periapt","War Paint","DataDisk","Nloth\u0027s Gift","Tiny Chest","TheAbacus","Anchor"],"potions_floor_usage":[16,16,24,24,28],"damage_taken":[{"damage":2,"enemies":"Jaw Worm","floor":1,"turns":3},{"damage":3,"enemies":"2 Louse","floor":5,"turns":2},{"damage":1,"enemies":"Cultist","floor":7,"turns":3},{"damage":17,"enemies":"The Mushroom Lair","floor":10,"turns":3},{"damage":12,"enemies":"Gremlin Nob","floor":11,"turns":4},{"damage":0,"enemies":"Blue Slaver","floor":12,"turns":3},{"damage":0,"enemies":"Lots of Slimes","floor":14,"turns":4},{"damage":7,"enemies":"Hexaghost","floor":16,"turns":6},{"damage":0,"enemies":"Shell Parasite","floor":18,"turns":6},{"damage":1,"enemies":"Spheric Guardian","floor":19,"turns":7},{"damage":19,"enemies":"Shelled Parasite and Fungi","floor":22,"turns":6},{"damage":16,"enemies":"Snake Plant","floor":24,"turns":6},{"damage":46,"enemies":"Gremlin Leader","floor":28,"turns":7}],"seed_played":"7504896287049957818","potions_obtained":[{"floor":5,"key":"PowerPotion"},{"floor":7,"key":"Energy Potion"},{"floor":11,"key":"AttackPotion"},{"floor":16,"key":"Regen Potion"},{"floor":19,"key":"SkillPotion"}],"is_trial":false,"path_per_floor":["M","?","$","?","M","R","M","T","T","?","E","M","$","M","R","B",null,"M","M","?","T","M","R","M","$","T","?"],"character_chosen":"DEFECT","items_purchased":["Undo","Cold Snap","DataDisk","Defragment","TheAbacus"],"campfire_rested":1,"item_purchase_floors":[3,3,13,25,25],"current_hp_per_floor":[66,55,55,55,52,52,51,51,51,34,22,22,22,22,44,37,66,66,65,65,65,46,46,45,45,45,45,0],"gold":36,"neow_bonus":"","is_prod":false,"is_daily":false,"chose_seed":false,"campfire_upgraded":2,"win_rate":0,"timestamp":1537644905,"path_taken":["M","?","$","?","M","R","M","?","T","?","E","M","$","M","R","BOSS","M","M","?","?","?","R","M","$","T","?","E"],"build_version":"2018-09-20","purchased_purges":1,"victory":false,"max_hp_per_floor":[75,75,75,75,75,75,75,75,75,75,75,75,75,75,75,75,75,75,75,75,75,75,75,75,75,75,75,75],"card_choices":[{"not_picked":["Rebound","Double Energy"],"picked":"Sweeping Beam","floor":1},{"not_picked":["Rebound","Sunder"],"picked":"Ball Lightning","floor":5},{"not_picked":["Lockon","Gash"],"picked":"White Noise","floor":7},{"not_picked":["Lockon","Cold Snap"],"picked":"White Noise","floor":10},{"not_picked":["Hyperbeam","Compile Driver","Rebound"],"picked":"SKIP","floor":11},{"not_picked":["Tempest","Ball Lightning"],"picked":"Steam","floor":12},{"not_picked":["Compile Driver","Lockon"],"picked":"Conserve Battery","floor":14},{"not_picked":["Seek","Meteor Strike"],"picked":"Machine Learning","floor":16},{"not_picked":["Darkness","Doom and Gloom","Undo"],"picked":"SKIP","floor":18},{"not_picked":["Barrage","Force Field+1"],"picked":"Conserve Battery","floor":19},{"not_picked":["Streamline","Static Discharge","Heatsinks+1"],"picked":"SKIP","floor":22},{"not_picked":["Stack","Barrage"],"picked":"Rainbow","floor":24}],"player_experience":409683,"relics_obtained":[{"floor":8,"key":"Bag of Marbles"},{"floor":9,"key":"Darkstone Periapt"},{"floor":10,"key":"Odd Mushroom"},{"floor":11,"key":"War Paint"},{"floor":21,"key":"Tiny Chest"},{"floor":26,"key":"Anchor"}],"event_choices":[{"event_name":"World of Goop","player_choice":"Gather Gold","floor":2,"damage_taken":0},{"event_name":"Purifier","player_choice":"One Purge","floor":4,"damage_taken":0},{"event_name":"Mushrooms","player_choice":"Fought Mushrooms","floor":10,"damage_taken":0},{"event_name":"N\u0027loth","player_choice":"Traded a Odd Mushroom","floor":20,"damage_taken":0},{"event_name":"Match and Keep!","player_choice":"2 cards matched","floor":27,"damage_taken":0}],"is_beta":false,"boss_relics":[{"not_picked":["Empty Cage","Lizard Tail"],"picked":"FrozenCore"}],"items_purged_floors":[3],"is_endless":false,"potions_floor_spawned":[5,7,11,12,16,19],"killed_by":"Gremlin Leader","ascension_level":9}