{"path_per_floor":["M","?","?","M","M","R","$","E","T","?","?","M","T","$","R","B",null,"M","?","M","$","M","?","$","M","T","R","M","?","R","E","R","B",null,"M","M","?","?","M","$","M","R","T","?","?","M","?","M","R","B"],"character_chosen":"IRONCLAD","items_purchased":["Gremlin Horn","Flash of Steel"],"gold_per_floor":[116,116,116,133,151,151,76,103,150,150,225,245,327,277,277,372,372,391,391,406,98,109,109,59,72,72,72,89,4,4,36,36,132,132,150,162,216,216,232,89,105,105,129,129,0,18,18,29,29,29],"floor_reached":51,"campfire_rested":4,"playtime":1370,"current_hp_per_floor":[67,80,80,74,74,74,74,58,58,58,47,34,34,34,58,28,67,37,37,39,39,32,32,32,28,28,52,54,54,54,27,51,18,65,67,46,43,43,45,45,47,71,71,61,61,63,63,65,65,73],"items_purged":["Defend_R","Defend_R","Perfected Strike","Shockwave","Strike_R"],"gold":29,"score":980,"play_id":"668c335c-3bfd-4f64-9acd-a1e695a5e884","local_time":"20180324191835","is_prod":false,"is_daily":false,"is_ascension_mode":true,"campfire_upgraded":3,"timestamp":1521933515,"path_taken":["M","?","?","M","M","R","$","E","T","?","?","M","?","?","R","BOSS","M","?","M","$","M","?","$","M","T","R","M","?","R","E","R","BOSS","M","M","?","?","M","$","M","R","T","?","?","M","?","M","R","BOSS"],"build_version":"2018-03-22v2","purchased_purges":7,"victory":true,"master_deck":["Strike_R","Flex","Offering+1","Thunderclap","Flex","Limit Break+1","Flex+1","Flash of Steel","Madness+1"],"max_hp_per_floor":[80,80,80,80,80,80,80,80,80,80,80,80,80,80,80,80,80,80,80,80,80,80,80,80,80,80,80,80,80,80,80,80,80,80,80,80,80,80,80,80,80,80,80,80,80,80,80,80,80,80],"relics":["Burning Blood","Torii","Juzu Bracelet","Smiling Mask","Astrolabe","Gremlin Horn","Oddly Smooth Stone","Dead Branch","Lantern","Dodecahedron","Lizard Tail","Unceasing Top","Anchor","Red Mask"],"card_choices":[{"not_picked":["Clash","Shrug It Off"],"picked":"Flex","floor":1},{"not_picked":["Seeing Red","Carnage"],"picked":"Offering","floor":4},{"not_picked":["Wild Strike","Corruption"],"picked":"Thunderclap","floor":5},{"not_picked":["Cleave","Feel No Pain"],"picked":"Flex","floor":8},{"not_picked":["Impervious","Feed"],"picked":"Limit Break","floor":16},{"not_picked":["Clash","Body Slam"],"picked":"Flex","floor":36}],"player_experience":194965,"potions_floor_usage":[16,22,22,31,50,50,50],"damage_taken":[{"damage":11,"enemies":"Cultist","floor":1,"turns":4},{"damage":12,"enemies":"Small Slimes","floor":4,"turns":4},{"damage":6,"enemies":"2 Louse","floor":5,"turns":2},{"damage":22,"enemies":"Gremlin Nob","floor":8,"turns":3},{"damage":19,"enemies":"Exordium Wildlife","floor":12,"turns":2},{"damage":36,"enemies":"Slime Boss","floor":16,"turns":7},{"damage":36,"enemies":"2 Thieves","floor":18,"turns":3},{"damage":4,"enemies":"Chosen","floor":20,"turns":3},{"damage":13,"enemies":"Slaver and Parasite","floor":22,"turns":2},{"damage":10,"enemies":"Cultist and Chosen","floor":25,"turns":3},{"damage":4,"enemies":"Snecko","floor":28,"turns":2},{"damage":39,"enemies":"Book of Stabbing","floor":31,"turns":3},{"damage":39,"enemies":"Collector","floor":33,"turns":3},{"damage":4,"enemies":"3 Darklings","floor":35,"turns":2},{"damage":27,"enemies":"3 Shapes","floor":36,"turns":2},{"damage":9,"enemies":"Mysterious Sphere","floor":37,"turns":2},{"damage":4,"enemies":"Sphere and 2 Shapes","floor":39,"turns":1},{"damage":4,"enemies":"3 Darklings","floor":41,"turns":1},{"damage":4,"enemies":"Maw","floor":46,"turns":2},{"damage":4,"enemies":"Sphere and 2 Shapes","floor":48,"turns":1},{"damage":4,"enemies":"Donu and Deca","floor":50,"turns":3}],"event_choices":[{"event_name":"Big Fish","player_choice":"Banana","floor":2,"damage_taken":0},{"event_name":"Living Wall","player_choice":"Forget","floor":3,"damage_taken":0},{"event_name":"Purifier","player_choice":"One Purge","floor":10,"damage_taken":0},{"event_name":"World of Goop","player_choice":"Gather Gold","floor":11,"damage_taken":0},{"event_name":"Back to Basics","player_choice":"Elegance","floor":19,"damage_taken":0},{"event_name":"The Mausoleum","player_choice":"Yes","floor":23,"damage_taken":0},{"event_name":"Addict","player_choice":"Obtained Relic","floor":29,"damage_taken":0},{"event_name":"Mysterious Sphere","player_choice":"Fight","floor":37,"damage_taken":0},{"event_name":"Winding Halls","player_choice":"Embrace Madness","floor":44,"damage_taken":0},{"event_name":"Tomb of Lord Red Mask","player_choice":"Paid","floor":45,"damage_taken":0},{"event_name":"Purifier","player_choice":"One Purge","floor":47,"damage_taken":0}],"boss_relics":[{"not_picked":["Tiny House","Mark of Pain"],"picked":"Astrolabe"},{"not_picked":["Orrery","Velvet Choker"],"picked":"Lizard Tail"}],"potions_floor_spawned":[4,5,16,18,20,22,36,46,48],"seed_played":"-3300358252783799619","ascension_level":6,"is_trial":false}