{"gold_per_floor":[116,66,66,66,84,84,101,49,49,49,79,29,62,81,81,178,178,165,178,178],"floor_reached":20,"playtime":1234,"items_purged":[],"score":182,"play_id":"a3a13295-7f02-456b-a997-d50aafcc80cb","local_time":"20190325183243","is_ascension_mode":false,"campfire_choices":[{"data":"Neutralize","floor":6,"key":"SMITH"},{"data":"Quick Slash","floor":10,"key":"SMITH"},{"floor":15,"key":"REST"}],"neow_cost":"NONE","seed_source_timestamp":772023752122400,"circlet_count":0,"master_deck":["Defend_G","Defend_G","Defend_G","Defend_G","Defend_G","Strike_G","Strike_G","Strike_G","Survivor","Neutralize+1","Dagger Spray","All Out Attack","PiercingWail","Quick Slash+1","Distraction","Finisher","Grand Finale","Well Laid Plans","Backflip","Concentrate","Underhanded Strike","Distraction","Leg Sweep"],"relics":["Ring of the Snake","NeowsBlessing","Shuriken","Ice Cream","Art of War","Orrery"],"potions_floor_usage":[11,18,20],"damage_taken":[{"damage":0,"enemies":"Small Slimes","floor":1,"turns":1},{"damage":0,"enemies":"Jaw Worm","floor":5,"turns":1},{"damage":0,"enemies":"Cultist","floor":7,"turns":1},{"damage":9,"enemies":"Lagavulin","floor":11,"turns":8},{"damage":10,"enemies":"3 Sentries","floor":13,"turns":5},{"damage":0,"enemies":"Lots of Slimes","floor":14,"turns":1},{"damage":36,"enemies":"The Guardian","floor":16,"turns":11},{"damage":15,"enemies":"2 Thieves","floor":18,"turns":4},{"damage":11,"enemies":"Chosen","floor":19,"turns":8},{"damage":45,"enemies":"Sentry and Sphere","floor":20,"turns":6}],"seed_played":"-427516724364560283","potions_obtained":[{"floor":1,"key":"Dexterity Potion"},{"floor":16,"key":"AttackPotion"}],"is_trial":false,"path_per_floor":["M","?","?","$","M","R","M","$","T","R","E","$","E","M","R","B",null,"M","M","M"],"character_chosen":"THE_SILENT","items_purchased":["Quick Slash","SteroidPotion"],"campfire_rested":1,"item_purchase_floors":[8,12],"current_hp_per_floor":[70,70,63,63,63,63,63,63,63,63,54,54,44,44,65,29,70,55,44,0],"gold":178,"neow_bonus":"THREE_ENEMY_KILL","is_prod":false,"is_daily":false,"chose_seed":false,"campfire_upgraded":2,"win_rate":0.0,"timestamp":1553553163,"path_taken":["M","?","?","?","?","R","M","$","T","R","E","$","E","M","R","BOSS","M","?","M"],"build_version":"2019-01-23","purchased_purges":0,"victory":false,"max_hp_per_floor":[70,70,70,70,70,70,70,70,70,70,70,70,70,70,70,70,70,70,70,70],"card_choices":[{"not_picked":["Infinite Blades","Dagger Throw"],"picked":"Dagger Spray","floor":1},{"not_picked":["Endless Agony","Outmaneuver"],"picked":"All Out Attack","floor":5},{"not_picked":["Choke","Flechettes"],"picked":"PiercingWail","floor":7},{"not_picked":["Dagger Spray","Prepared"],"picked":"Distraction","floor":11},{"not_picked":["Underhanded Strike","Deadly Poison"],"picked":"Finisher","floor":13},{"not_picked":["Poisoned Stab","Dagger Throw","Blade Dance"],"picked":"SKIP","floor":14},{"not_picked":["Glass Knife","A Thousand Cuts"],"picked":"Grand Finale","floor":16},{"not_picked":["Slice","Acrobatics"],"picked":"Well Laid Plans","floor":17},{"not_picked":["Footwork","Terror"],"picked":"Backflip","floor":17},{"not_picked":["Outmaneuver","Deadly Poison"],"picked":"Concentrate","floor":17},{"not_picked":["Blur","A Thousand Cuts"],"picked":"Underhanded Strike","floor":17},{"not_picked":["Slice","Deflect"],"picked":"Distraction","floor":17},{"not_picked":["Quick Slash+1","Prepared+1"],"picked":"Leg Sweep","floor":18},{"not_picked":["Blade Dance","Distraction","Escape Plan"],"picked":"SKIP","floor":19}],"player_experience":59788,"relics_obtained":[{"floor":9,"key":"Shuriken"},{"floor":11,"key":"Ice Cream"},{"floor":13,"key":"Art of War"}],"event_choices":[{"cards_removed":["Strike_G"],"damage_healed":0,"gold_gain":0,"player_choice":"Card Removal","damage_taken":0,"max_hp_gain":0,"max_hp_loss":0,"event_name":"The Cleric","floor":2,"gold_loss":50},{"cards_removed":["Strike_G"],"damage_healed":0,"gold_gain":0,"player_choice":"Card Removal","damage_taken":7,"max_hp_gain":0,"max_hp_loss":0,"event_name":"Golden Wing","floor":3,"gold_loss":0}],"is_beta":false,"boss_relics":[{"not_picked":["White Beast Statue","Empty Cage"],"picked":"Orrery"}],"items_purged_floors":[],"is_endless":false,"potions_floor_spawned":[1,16],"killed_by":"Sentry and Sphere","ascension_level":0}