{"path_per_floor":["M","M","?","$","?","R","M","?","T","T","R","M","T","M","R","B",null,"M","?","$","M","?","E","R","?","T","M","M","R","$","M","R","B",null,"M","M","M","?","$","R","M","R","T","?","M","?","M","M","R","B"],"character_chosen":"THE_SILENT","items_purchased":["Infinite Blades","Finesse","Madness","Well Laid Plans","Flying Knee","Acrobatics"],"gold_per_floor":[109,127,127,52,52,52,67,97,97,97,97,112,112,125,125,229,229,248,248,20,31,31,61,61,61,88,106,125,125,30,46,46,142,142,154,171,187,242,98,98,109,109,133,133,144,144,160,173,173,173],"floor_reached":51,"campfire_rested":3,"playtime":3871,"current_hp_per_floor":[68,67,67,67,67,67,67,67,67,67,67,67,67,55,55,17,70,69,69,69,54,38,29,50,50,50,46,49,49,49,40,40,19,70,40,43,37,23,23,44,23,44,44,44,50,50,46,39,39,13],"items_purged":["Regret","Writhe"],"gold":173,"score":700,"play_id":"188b90be-8221-44c2-9100-09df9b29d1c1","local_time":"20180312034651","is_prod":false,"is_daily":false,"is_ascension_mode":true,"campfire_upgraded":4,"timestamp":1520826411,"path_taken":["M","?","?","$","?","R","M","?","T","?","R","M","?","M","R","BOSS","M","?","$","M","?","E","R","?","T","M","M","R","$","M","R","BOSS","M","?","M","?","$","R","M","R","T","?","M","?","M","M","R","BOSS"],"build_version":"2018-03-09","purchased_purges":2,"victory":true,"master_deck":["Defend_G","Defend_G","Defend_G","Defend_G+1","Defend_G","Strike_G+1","Strike_G+1","Survivor","Neutralize+1","Cloak And Dagger","Flying Knee","Backflip","Acrobatics","Cloak And Dagger+1","A Thousand Cuts+1","Terror","Infinite Blades","Finesse","Leg Sweep+1","Bandage Up+1","Dagger Spray+1","Madness","Backflip","Dodge and Roll+1","Accuracy","Noxious Fumes+1","Well Laid Plans+1","Flying Knee+1","Acrobatics","Prepared+1","Calculated Gamble","Outmaneuver+1","Prepared+1","Flying Knee+1"],"max_hp_per_floor":[70,70,70,70,70,70,70,70,70,70,70,70,70,70,70,70,70,70,70,70,70,70,70,70,70,70,70,70,70,70,70,70,70,70,70,70,70,70,70,70,70,70,70,70,70,70,70,70,70,70],"relics":["Ring of the Snake","Kunai","Tiny Chest","Peace Pipe","Shovel","Prayer Wheel","Molten Egg 2","Sozu","Omamori","Whetstone","Ancient Tea Set","The Specimen","Torii","War Paint"],"card_choices":[{"not_picked":["Deadly Poison","Bane"],"picked":"Cloak And Dagger"},{"not_picked":["Outmaneuver","PiercingWail"],"picked":"Flying Knee"},{"not_picked":["Underhanded Strike","Leg Sweep"],"picked":"Backflip"},{"not_picked":["Dagger Spray","Flying Knee"],"picked":"Acrobatics"},{"not_picked":["Backflip","Acrobatics"],"picked":"Cloak And Dagger"},{"not_picked":["Die Die Die","Corpse Explosion"],"picked":"A Thousand Cuts"},{"not_picked":["Backflip","Bane"],"picked":"Terror"},{"not_picked":["Choke","Heel Hook"],"picked":"Leg Sweep"},{"not_picked":["Deadly Poison","Bane"],"picked":"Dagger Spray"},{"not_picked":["Dagger Throw","Poisoned Stab"],"picked":"Backflip"},{"not_picked":["Glass Knife","Corpse Explosion"],"picked":"Die Die Die"},{"not_picked":["Masterful Stab","Poisoned Stab"],"picked":"Dodge and Roll"},{"not_picked":["Deflect","Crippling Poison"],"picked":"Accuracy"},{"not_picked":["Deflect","Dodge and Roll"],"picked":"Noxious Fumes"},{"not_picked":["Slice","Calculated Gamble"],"picked":"Prepared"},{"not_picked":["Deadly Poison","Prepared"],"picked":"Outmaneuver"},{"not_picked":["Outmaneuver","Eviscerate"],"picked":"Prepared"},{"not_picked":["Corpse Explosion","Slice"],"picked":"Flying Knee"}],"player_experience":173139,"potions_floor_usage":[33,50],"damage_taken":[{"damage":2.0,"enemies":"Cultist","floor":1.0,"turns":4.0},{"damage":1.0,"enemies":"2 Louse","floor":2.0,"turns":2.0},{"damage":0.0,"enemies":"Jaw Worm","floor":7.0,"turns":4.0},{"damage":0.0,"enemies":"Exordium Wildlife","floor":12.0,"turns":4.0},{"damage":12.0,"enemies":"Large Slime","floor":14.0,"turns":11.0},{"damage":38.0,"enemies":"The Guardian","floor":16.0,"turns":23.0},{"damage":1.0,"enemies":"Shell Parasite","floor":18.0,"turns":7.0},{"damage":15.0,"enemies":"2 Thieves","floor":21.0,"turns":4.0},{"damage":13.0,"enemies":"Book of Stabbing","floor":23.0,"turns":7.0},{"damage":8.0,"enemies":"3 Cultists","floor":27.0,"turns":6.0},{"damage":1.0,"enemies":"Centurion and Healer","floor":28.0,"turns":10.0},{"damage":13,"enemies":"Slaver and Parasite","floor":31,"turns":5},{"damage":25,"enemies":"Collector","floor":33,"turns":10},{"damage":34,"enemies":"3 Darklings","floor":35,"turns":6},{"damage":1,"enemies":"Orb Walker","floor":36,"turns":6},{"damage":10,"enemies":"4 Shapes","floor":37,"turns":4},{"damage":18,"enemies":"Mysterious Sphere","floor":38,"turns":5},{"damage":25,"enemies":"Sphere and 2 Shapes","floor":41,"turns":5},{"damage":0,"enemies":"Maw","floor":45,"turns":7},{"damage":10,"enemies":"3 Darklings","floor":47,"turns":6},{"damage":13,"enemies":"4 Shapes","floor":48,"turns":4},{"damage":32,"enemies":"Donu and Deca","floor":50,"turns":12}],"event_choices":[{"event_name":"Big Fish","player_choice":"Box","floor":3.0,"damage_taken":0.0},{"event_name":"Living Wall","player_choice":"Forget","floor":5.0,"damage_taken":0.0},{"event_name":"Dead Adventurer","player_choice":"Searched \u00271\u0027 times","floor":8.0,"damage_taken":0.0},{"event_name":"The Mausoleum","player_choice":"Yes","floor":19.0,"damage_taken":0.0},{"event_name":"Knowing Skull","player_choice":"CARD ","floor":22.0,"damage_taken":0.0},{"event_name":"Drug Dealer","player_choice":"Ignored","floor":25.0,"damage_taken":0.0},{"event_name":"Mysterious Sphere","player_choice":"Fight","floor":38,"damage_taken":0},{"event_name":"Transmorgrifier","player_choice":"Transform","floor":44,"damage_taken":0}],"boss_relics":[{"not_picked":["Velvet Choker","Philosopher\u0027s Stone"],"picked":"The Specimen"}],"potions_floor_spawned":[12,14,16,27,28,31,36,37,41,47],"seed_played":"-5901656037165234108","ascension_level":3,"is_trial":false}