{"path_per_floor":["M","T","$","M","M","E","M","M","T","R","M","R","M","M","R","B",null,"M","?","?","M","?","R","$","M","T","?","M","R","M","M","R","B",null,"M","?","?","$","M","R","M","M","T","R","E","$","?"],"character_chosen":"IRONCLAD","items_purchased":["Apotheosis","Shrug It Off","Shrug It Off","Dark Shackles","Deep Breath"],"gold_per_floor":[112,112,37,51,63,98,109,125,178,178,193,193,206,219,219,317,347,359,284,284,294,294,294,72,84,84,84,95,95,114,127,127,230,230,247,247,247,93,107,107,125,141,141,141,176,79,0],"floor_reached":48,"campfire_rested":0,"playtime":3113,"current_hp_per_floor":[80,80,80,80,80,36,35,41,41,41,47,47,53,59,59,38,85,85,85,59,59,49,49,49,49,49,49,39,39,50,64,64,10,64,34,26,26,26,30,30,43,52,52,52,7,7,7],"items_purged":["Strike_R"],"gold":0,"score":503,"play_id":"83496034-d685-4dfc-81db-3136e95963d3","local_time":"20180308224335","is_prod":false,"is_daily":false,"is_ascension_mode":true,"campfire_upgraded":8,"timestamp":1520549015,"path_taken":["M","?","?","?","M","E","M","M","T","R","M","R","?","M","R","BOSS","M","?","?","?","?","R","$","M","T","?","?","R","M","M","R","BOSS","M","?","?","$","M","R","M","M","T","R","E","?","?","E"],"build_version":"2018-03-01-PROD1","purchased_purges":1,"victory":false,"master_deck":["Defend_R","Defend_R","Defend_R","Defend_R","Bash+1","Pommel Strike","Body Slam","Heavy Blade+1","Spot Weakness+1","Ghostly Armor","Metallicize+1","Spot Weakness","Whirlwind+1","Demon Form+1","Body Slam","Metallicize+1","Bite","Apotheosis+1","Shrug It Off","Flex","Anger","Armaments+1","Offering","Thinking Ahead+1","Fiend Fire+1","Master of Strategy+1","Madness+1","Madness+1","Sadistic Nature","Shrug It Off","Dark Shackles","Metallicize+1","Entrench+1","Limit Break","Deep Breath"],"max_hp_per_floor":[80,80,80,80,80,80,80,80,80,80,80,80,80,80,80,80,85,85,85,59,59,64,64,64,64,64,64,64,64,64,64,64,64,64,64,64,64,64,64,64,64,64,64,64,64,64,64],"relics":["Burning Blood","Anchor","Thread and Needle","Frozen Eye","Oddly Smooth Stone","Tiny House","Bird Faced Urn","Astrolabe","Omamori","Bronze Scales","Red Mask"],"card_choices":[{"not_picked":["Wild Strike","Twin Strike"],"picked":"Pommel Strike"},{"not_picked":["Clash","Wild Strike"],"picked":"Body Slam"},{"not_picked":["Cleave","Clothesline"],"picked":"Heavy Blade"},{"not_picked":["Bludgeon","Flex"],"picked":"Spot Weakness"},{"not_picked":["Wild Strike","Rupture"],"picked":"Ghostly Armor"},{"not_picked":["Dropkick","True Grit"],"picked":"Metallicize"},{"not_picked":["Sever Soul","Body Slam"],"picked":"Cleave"},{"not_picked":["Twin Strike","Heavy Blade"],"picked":"Spot Weakness"},{"not_picked":["Warcry","Heavy Blade"],"picked":"Whirlwind"},{"not_picked":["Double Tap","Bludgeon"],"picked":"Demon Form"},{"not_picked":["Headbutt","Clash"],"picked":"Body Slam"},{"not_picked":["Perfected Strike","Entrench"],"picked":"Metallicize"},{"not_picked":["Iron Wave","Combust"],"picked":"Flex"},{"not_picked":["Clothesline","Dual Wield"],"picked":"Anger"},{"not_picked":["Anger","Burning Pact"],"picked":"Armaments"},{"not_picked":["Exhume","Bludgeon"],"picked":"Offering"},{"not_picked":["True Grit","Headbutt"],"picked":"Metallicize"},{"not_picked":["Flex","Armaments"],"picked":"Entrench"},{"not_picked":["Spot Weakness","Thunderclap"],"picked":"Limit Break"}],"player_experience":168983,"potions_floor_usage":[33,35,48],"damage_taken":[{"damage":1,"enemies":"Cultist","floor":1,"turns":4},{"damage":0,"enemies":"2 Louse","floor":4,"turns":2},{"damage":0,"enemies":"Jaw Worm","floor":5,"turns":3},{"damage":50,"enemies":"Gremlin Nob","floor":6,"turns":6},{"damage":7,"enemies":"Exordium Thugs","floor":7,"turns":5},{"damage":0,"enemies":"Large Slime","floor":8,"turns":7},{"damage":0,"enemies":"Looter","floor":11,"turns":3},{"damage":0,"enemies":"Red Slaver","floor":13,"turns":4},{"damage":0,"enemies":"Large Slime","floor":14,"turns":6},{"damage":27,"enemies":"The Guardian","floor":16,"turns":11},{"damage":3,"enemies":"Chosen","floor":18,"turns":6},{"damage":0,"enemies":"Shell Parasite","floor":21,"turns":7},{"damage":10,"enemies":"Centurion and Healer","floor":25,"turns":8},{"damage":31,"enemies":"Snake Plant","floor":28,"turns":7},{"damage":7,"enemies":"Slaver and Parasite","floor":30,"turns":6},{"damage":0,"enemies":"Centurion and Healer","floor":31,"turns":6},{"damage":74,"enemies":"Automaton","floor":33,"turns":13},{"damage":40,"enemies":"3 Darklings","floor":35,"turns":4},{"damage":4,"enemies":"Orb Walker","floor":39,"turns":2},{"damage":4,"enemies":"Maw","floor":41,"turns":7},{"damage":10,"enemies":"4 Shapes","floor":42,"turns":10},{"damage":61,"enemies":"Nemesis","floor":45,"turns":9},{"damage":11,"enemies":"2 Orb Walkers","floor":48,"turns":2}],"event_choices":[{"event_name":"Beggar","player_choice":"Gave Gold","floor":19,"damage_taken":0},{"event_name":"Vampires","player_choice":"Became a vampire","floor":20,"damage_taken":0},{"event_name":"Forgotten Altar","player_choice":"Shed Blood","floor":22,"damage_taken":0},{"event_name":"Back to Basics","player_choice":"Elegance","floor":27,"damage_taken":0},{"event_name":"Winding Halls","player_choice":"Embrace Madness","floor":36,"damage_taken":0},{"event_name":"Transmorgrifier","player_choice":"Transform","floor":37,"damage_taken":0},{"event_name":"Tomb of Lord Red Mask","player_choice":"Paid","floor":47,"damage_taken":0}],"boss_relics":[{"not_picked":["Black Blood","Runic Cube"],"picked":"Tiny House"},{"not_picked":["Calling Bell","Eternal Feather"],"picked":"Astrolabe"}],"potions_floor_spawned":[6,7,8,11,30,31,35,39,42],"seed_played":"1021136440603320232","killed_by":"2 Orb Walkers","ascension_level":3,"is_trial":false}