{"gold_per_floor":[12,12,31,51,62,62,90,90,90,55,55,94,119,1,1,97,97,115,115,115,134,148,148,148,177,201,201,50,50,75,75,75,147,147,164,164,180,180,180,180,180],"floor_reached":41,"playtime":2220,"items_purged":["Injury","Dropkick"],"score":876,"play_id":"5e3e85dc-d57a-41be-91e7-9c22c231fdc3","local_time":"20190324141641","is_ascension_mode":true,"campfire_choices":[{"data":"Pommel Strike","floor":6,"key":"SMITH"},{"data":"Flame Barrier","floor":11,"key":"SMITH"},{"data":"Spot Weakness","floor":15,"key":"SMITH"},{"data":"Whirlwind","floor":23,"key":"SMITH"},{"floor":29,"key":"REST"},{"floor":32,"key":"REST"},{"data":"Pummel","floor":40,"key":"SMITH"}],"neow_cost":"NO_GOLD","seed_source_timestamp":13267725446271,"circlet_count":0,"master_deck":["AscendersBane","Defend_R","Defend_R","Defend_R","Defend_R","Bash","Thunderclap","Pummel+1","Pommel Strike+1","Flame Barrier+1","Ghostly Armor","Spot Weakness+1","Inflame","Feed","Whirlwind+1","Bite","Bite","Bite","Bite","Bite","Pummel","True Grit+1","Feed","Armaments+1","Writhe"],"special_seed":0,"relics":["Burning Blood","Ornamental Fan","Bloody Idol","Calipers","WingedGreaves","Sozu","Toxic Egg 2","Strawberry","Singing Bowl","Dream Catcher","Nilry\u0027s Codex","Runic Cube"],"potions_floor_usage":[12,41,41],"damage_taken":[{"damage":2.0,"enemies":"Cultist","floor":1.0,"turns":4.0},{"damage":16.0,"enemies":"2 Louse","floor":3.0,"turns":3.0},{"damage":0,"enemies":"Small Slimes","floor":4,"turns":4},{"damage":16,"enemies":"Looter","floor":5,"turns":4},{"damage":50,"enemies":"3 Sentries","floor":7,"turns":9},{"damage":9,"enemies":"Gremlin Nob","floor":12,"turns":4},{"damage":8,"enemies":"Blue Slaver","floor":13,"turns":4},{"damage":18,"enemies":"The Guardian","floor":16,"turns":14},{"damage":17,"enemies":"Shell Parasite","floor":18,"turns":3},{"damage":0,"enemies":"Chosen","floor":21,"turns":3},{"damage":19,"enemies":"Centurion and Healer","floor":22,"turns":5},{"damage":40,"enemies":"Book of Stabbing","floor":25,"turns":4},{"damage":0,"enemies":"Gremlin Leader","floor":30,"turns":6},{"damage":66,"enemies":"Champ","floor":33,"turns":16},{"damage":31,"enemies":"3 Darklings","floor":35,"turns":5},{"damage":41,"enemies":"Orb Walker","floor":37,"turns":5},{"damage":86,"enemies":"Giant Head","floor":41,"turns":7}],"seed_played":"3042539777935925598","potions_obtained":[{"floor":4,"key":"SteroidPotion"},{"floor":12,"key":"Energy Potion"},{"floor":16,"key":"Block Potion"}],"is_trial":false,"path_per_floor":["M","$","M","M","M","R","E","?","T","?","R","E","M","$","R","B",null,"M","?","$","M","M","R","?","E","T","T","$","R","E","?","R","B",null,"M","?","M","$","?","R","E"],"character_chosen":"IRONCLAD","items_purchased":["Inflame","True Grit+1"],"campfire_rested":2,"item_purchase_floors":[14,28],"current_hp_per_floor":[86,86,76,82,72,72,28,28,28,50,50,47,45,45,45,33,75,64,64,64,75,70,70,64,43,55,55,55,71,76,55,78,43,69,59,59,39,39,55,55,0],"gold":180,"neow_bonus":"TWENTY_PERCENT_HP_BONUS","is_prod":false,"is_daily":false,"chose_seed":false,"campfire_upgraded":5,"win_rate":0,"timestamp":1553433401,"path_taken":["M","?","?","M","M","R","E","?","T","?","R","E","M","$","R","BOSS","M","?","$","M","M","R","?","E","T","?","$","R","E","?","R","BOSS","M","?","?","?","?","R","E"],"build_version":"2019-01-23","purchased_purges":2,"victory":false,"max_hp_per_floor":[89,89,89,89,89,89,89,89,89,89,89,89,89,89,89,89,89,89,89,89,89,92,92,64,64,71,71,71,71,76,76,78,78,78,80,80,80,80,80,80,80],"card_choices":[{"not_picked":["Clash","Twin Strike"],"picked":"Thunderclap","floor":1.0},{"not_picked":["Flex","Feel No Pain"],"picked":"Pummel","floor":3.0},{"not_picked":["Headbutt","Anger"],"picked":"Pommel Strike","floor":4},{"not_picked":["Havoc","Thunderclap"],"picked":"Dropkick","floor":5},{"not_picked":["Shrug It Off","Barricade"],"picked":"Flame Barrier","floor":7},{"not_picked":["Armaments","Power Through"],"picked":"Ghostly Armor","floor":12},{"not_picked":["Bloodletting","Iron Wave"],"picked":"Spot Weakness","floor":13},{"not_picked":["Brutality","Exhume"],"picked":"Feed","floor":16},{"not_picked":["Pommel Strike","Perfected Strike+1","Havoc"],"picked":"SKIP","floor":18},{"not_picked":["Heavy Blade+1","Sword Boomerang+1"],"picked":"Whirlwind","floor":21},{"not_picked":["Wild Strike","Bludgeon","Pommel Strike"],"picked":"SKIP","floor":22},{"not_picked":["Havoc","Clothesline"],"picked":"Pummel","floor":25},{"not_picked":["Combust","Clothesline","Warcry+1"],"picked":"Singing Bowl","floor":30},{"not_picked":["Thunderclap","Intimidate+1","Immolate"],"picked":"Singing Bowl","floor":32},{"not_picked":["Bludgeon","Dark Embrace"],"picked":"Feed","floor":33},{"not_picked":["Iron Wave+1","Entrench+1","Carnage+1"],"picked":"Singing Bowl","floor":35},{"not_picked":["Anger+1","Rage+1"],"picked":"Armaments+1","floor":37}],"player_experience":753961,"relics_obtained":[{"floor":7,"key":"Ornamental Fan"},{"floor":9,"key":"Calipers"},{"floor":12,"key":"WingedGreaves"},{"floor":25,"key":"Toxic Egg 2"},{"floor":26,"key":"Strawberry"},{"floor":27,"key":"Singing Bowl"},{"floor":30,"key":"Dream Catcher"},{"floor":31,"key":"Nilry\u0027s Codex"}],"event_choices":[{"damage_healed":0,"gold_gain":0,"player_choice":"Take Wound","damage_taken":0,"relics_obtained":["Golden Idol"],"max_hp_gain":0,"max_hp_loss":0,"event_name":"Golden Idol","floor":8,"gold_loss":0,"cards_obtained":["Injury"]},{"damage_healed":22,"gold_gain":0,"player_choice":"Healed","damage_taken":0,"max_hp_gain":0,"max_hp_loss":0,"event_name":"The Cleric","floor":10,"gold_loss":35},{"damage_healed":0,"gold_gain":0,"player_choice":"Gave Idol","damage_taken":0,"relics_obtained":["Bloody Idol"],"max_hp_gain":0,"max_hp_loss":0,"event_name":"Forgotten Altar","floor":19,"relics_lost":["Golden Idol"],"gold_loss":0},{"damage_healed":0,"gold_gain":0,"player_choice":"Became a vampire","damage_taken":0,"max_hp_gain":0,"max_hp_loss":28,"event_name":"Vampires","floor":24,"gold_loss":0,"cards_obtained":["Bite","Bite","Bite","Bite","Bite"]},{"damage_healed":0,"gold_gain":0,"player_choice":"Obtained Book","damage_taken":21,"max_hp_gain":0,"max_hp_loss":0,"event_name":"Cursed Tome","floor":31,"gold_loss":0},{"damage_healed":0,"gold_gain":0,"player_choice":"Got Potions","damage_taken":0,"max_hp_gain":0,"max_hp_loss":0,"event_name":"Lab","floor":36,"gold_loss":0},{"damage_healed":16,"gold_gain":0,"player_choice":"Writhe","damage_taken":0,"max_hp_gain":0,"max_hp_loss":0,"event_name":"Winding Halls","floor":39,"gold_loss":0,"cards_obtained":["Writhe"]}],"is_beta":false,"boss_relics":[{"not_picked":["Orrery","Busted Crown"],"picked":"Sozu"},{"not_picked":["Coffee Dripper","Tiny House"],"picked":"Runic Cube"}],"items_purged_floors":[14,28],"is_endless":false,"potions_floor_spawned":[4,12,16,21,22,30,35],"killed_by":"Giant Head","ascension_level":17}