{"path_per_floor":["M","$","M","M","M","R","E","M","T","M","M","?","E","?","R","B",null,"M","M","$","?","M","M","E","M","T","R","?","?","R","M","R","B",null,"M","?","$","?","?","R","?","T","T","R","M","M","M","$","R","B"],"character_chosen":"THE_SILENT","items_purchased":["Apotheosis","Well Laid Plans","Escape Plan","Thinking Ahead","Dodge and Roll","Lantern","Backstab","Escape Plan","Ninja Scroll","Dodge and Roll"],"gold_per_floor":[365,22,36,50,62,62,88,103,103,119,134,192,218,218,218,314,314,325,345,15,15,30,48,79,98,98,98,198,198,198,216,216,311,311,326,326,31,379,379,379,379,403,403,403,420,435,446,1,1,1],"floor_reached":51,"campfire_rested":4,"playtime":7379,"current_hp_per_floor":[61,61,61,59,59,59,56,56,56,52,52,63,50,50,50,43,77,75,66,66,50,41,40,21,21,21,44,44,44,44,29,52,4,77,75,75,75,57,47,70,70,70,70,70,66,53,52,52,75,37],"items_purged":["Wraith Form","Normality","Doubt"],"gold":1,"play_id":"d75808ad-70c0-4b13-9f57-448b2345e065","is_prod":false,"is_daily":false,"is_ascension_mode":false,"campfire_upgraded":4,"path_taken":["M","$","?","M","M","R","E","M","T","M","M","?","E","?","R","BOSS","M","M","$","?","M","M","E","M","T","R","?","?","R","M","R","BOSS","M","?","$","?","?","R","?","?","T","R","M","M","M","$","R","BOSS"],"build_version":"2018-02-01-PROD3","purchased_purges":3,"victory":true,"master_deck":["Defend_G","Defend_G","Defend_G","Defend_G","Defend_G","Strike_G","Strike_G","Strike_G","Survivor","Neutralize","Noxious Fumes","Apotheosis+1","Well Laid Plans","Escape Plan","Prepared+1","Outmaneuver","Slice","Crippling Poison","Catalyst","Deflect","Bane","Deadly Poison","Backflip","Adrenaline","Noxious Fumes+1","Poisoned Stab+1","Dodge and Roll","Thinking Ahead+1","Dodge and Roll","Necronomicurse","PiercingWail","Backstab+1","Infinite Blades+1","Deflect","Adrenaline","Regret","Adrenaline","Backstab","Bouncing Flask+1","Madness","Madness","Adrenaline","Leg Sweep","Escape Plan","Dodge and Roll"],"max_hp_per_floor":[63,63,63,63,63,63,63,63,63,63,63,77,77,77,77,77,77,77,77,77,77,77,77,77,77,77,77,77,77,77,77,77,77,77,77,77,77,77,77,77,77,77,77,77,77,77,77,77,77,77],"relics":["Ring of the Snake","Snake Skull","Juzu Bracelet","Mango","Dodecahedron","Astrolabe","Necronomicon","Gambling Chip","Nloth\u0027s Gift","Calling Bell","Happy Flower","Thread and Needle","Ornamental Fan","Lantern","Old Coin","Bronze Scales","Kunai","Ninja Scroll"],"card_choices":[{"not_picked":["Heel Hook","Prepared"],"picked":"Noxious Fumes"},{"not_picked":["Glass Knife","Acrobatics"],"picked":"Prepared"},{"not_picked":["Quick Slash","Deflect"],"picked":"Outmaneuver"},{"not_picked":["Prepared","Heel Hook"],"picked":"Slice"},{"not_picked":["Outmaneuver","Sucker Punch"],"picked":"Crippling Poison"},{"not_picked":["Outmaneuver","Deadly Poison"],"picked":"Catalyst"},{"not_picked":["Caltrops","Noxious Fumes"],"picked":"Deflect"},{"not_picked":["Envenom","Quick Slash"],"picked":"Bane"},{"not_picked":["Dagger Spray","All Out Attack"],"picked":"Deadly Poison"},{"not_picked":["All Out Attack","Deflect"],"picked":"Backflip"},{"not_picked":["Envenom","Unload"],"picked":"Adrenaline"},{"not_picked":["Dagger Throw","Slice"],"picked":"Poisoned Stab"},{"not_picked":["Acrobatics","PiercingWail"],"picked":"Dodge and Roll"},{"not_picked":["Eviscerate","Well Laid Plans"],"picked":"PiercingWail"},{"not_picked":["Slice","Backflip"],"picked":"Backstab"},{"not_picked":["Catalyst","Eviscerate"],"picked":"Infinite Blades"},{"not_picked":["Dagger Spray","Flying Knee"],"picked":"Deflect"},{"not_picked":["Doppelganger","Corpse Explosion"],"picked":"Adrenaline"},{"not_picked":["Blade Dance","Outmaneuver"],"picked":"Bouncing Flask"},{"not_picked":["Crippling Poison","Deflect"],"picked":"Adrenaline"},{"not_picked":["Deadly Poison","Outmaneuver"],"picked":"Leg Sweep"}],"player_experience":23555,"potions_floor_usage":[13,16,16,23,33,38,47,50],"damage_taken":[{"damage":2,"enemies":"Blue Slaver","floor":1,"turns":5},{"damage":0,"enemies":"Small Slimes","floor":3,"turns":4},{"damage":2,"enemies":"2 Louse","floor":4,"turns":4},{"damage":0,"enemies":"Large Slime","floor":5,"turns":5},{"damage":3,"enemies":"3 Sentries","floor":7,"turns":7},{"damage":0,"enemies":"Red Slaver","floor":8,"turns":4},{"damage":4,"enemies":"Exordium Thugs","floor":10,"turns":4},{"damage":0,"enemies":"Large Slime","floor":11,"turns":5},{"damage":3,"enemies":"3 Sentries","floor":12,"turns":7},{"damage":13,"enemies":"Gremlin Nob","floor":13,"turns":4},{"damage":7,"enemies":"The Guardian","floor":16,"turns":9},{"damage":2,"enemies":"Spheric Guardian","floor":18,"turns":4},{"damage":9,"enemies":"Chosen","floor":19,"turns":4},{"damage":9,"enemies":"Snake Plant","floor":22,"turns":4},{"damage":1,"enemies":"Snecko","floor":23,"turns":6},{"damage":19,"enemies":"Book of Stabbing","floor":24,"turns":7},{"damage":0,"enemies":"Centurion and Healer","floor":25,"turns":6},{"damage":15,"enemies":"Snake Plant","floor":31,"turns":5},{"damage":48,"enemies":"Collector","floor":33,"turns":7},{"damage":2,"enemies":"Orb Walker","floor":35,"turns":4},{"damage":18,"enemies":"Mysterious Sphere","floor":38,"turns":6},{"damage":4,"enemies":"3 Darklings","floor":45,"turns":4},{"damage":13,"enemies":"4 Shapes","floor":46,"turns":5},{"damage":13,"enemies":"Maw","floor":47,"turns":5},{"damage":38,"enemies":"Donu and Deca","floor":50,"turns":9}],"event_choices":[{"event_name":"Dead Adventurer","player_choice":"Searched \u00271\u0027 times","floor":12,"damage_taken":0},{"event_name":"Match and Keep!","player_choice":"1 cards matched","floor":14,"damage_taken":0},{"event_name":"Cursed Tome","player_choice":"Obtained Book","floor":21,"damage_taken":0},{"event_name":"Golden Shrine","player_choice":"Pray","floor":28,"damage_taken":0},{"event_name":"N\u0027loth","player_choice":"Traded a Tingsha","floor":29,"damage_taken":0},{"event_name":"Duplicator","player_choice":"One dupe","floor":36,"damage_taken":0},{"event_name":"Mysterious Sphere","player_choice":"Fight","floor":38,"damage_taken":0},{"event_name":"Winding Halls","player_choice":"Embrace Madness","floor":39,"damage_taken":0}],"boss_relics":[{"not_picked":["Velvet Choker","Philosopher\u0027s Stone"],"picked":"Astrolabe"},{"not_picked":["Black Star","Runic Pyramid"],"picked":"Calling Bell"}],"potions_floor_spawned":[1,3,8,11,16,23,31,33,35,46],"seed_played":"542200531402874470","ascension_level":0,"is_trial":false}