{"path_per_floor":["M","?","?","M","M","R","E","T","T","?","R","M","$","?","R","B",null,"M","?","M","?","T","R","E","?","T","M","M","R","$","M","R"],"character_chosen":"IRONCLAD","items_purchased":["Mercury Hourglass","War Paint"],"gold_per_floor":[110,185,185,203,213,213,242,266,266,266,266,279,33,33,33,128,128,139,139,153,153,177,177,208,133,158,177,189,189,32,50,50],"floor_reached":33,"campfire_rested":1,"playtime":2173,"current_hp_per_floor":[72,61,61,65,59,59,30,30,30,23,59,60,60,60,60,60,72,66,50,46,46,46,46,43,43,43,50,50,50,50,48,48],"items_purged":[],"gold":50,"score":289,"play_id":"39d01bcc-f4af-4a45-9ed7-70f4b26b57e3","is_prod":false,"is_daily":false,"is_ascension_mode":false,"campfire_upgraded":5,"path_taken":["M","?","?","?","M","R","E","?","T","?","R","M","$","?","R","BOSS","M","?","M","?","?","R","E","?","T","M","?","R","?","M","R","BOSS"],"build_version":"2018-02-08-PROD1","purchased_purges":0,"victory":false,"master_deck":["Defend_R+1","Defend_R+1","Defend_R+1","Defend_R+1","Bash+1","Pummel","Infernal Blade","Flex+1","Clothesline","Iron Wave+1","Clash","Double Tap+1","Rampage","Bite","Bite","Bite","Bite","Flex+1","Shrug It Off+1","Infernal Blade+1","Whirlwind+1"],"max_hp_per_floor":[72,72,72,72,72,72,72,72,72,72,72,72,72,72,72,72,72,72,50,50,50,50,50,50,50,50,50,50,50,50,50,50],"relics":["Burning Blood","Bird Faced Urn","Ancient Tea Set","Regal Pillow","Calipers","Mercury Hourglass","Velvet Choker","Vajra","Bronze Scales","Blood Vial","War Paint"],"card_choices":[{"not_picked":["Perfected Strike","Sever Soul"],"picked":"Pummel"},{"not_picked":["Heavy Blade","Evolve"],"picked":"Flex"},{"not_picked":["Body Slam","Headbutt"],"picked":"Clothesline"},{"not_picked":["Shockwave","Blood for Blood"],"picked":"Iron Wave"},{"not_picked":["Thunderclap","Dropkick"],"picked":"Clash"},{"not_picked":["Brutality","Bludgeon"],"picked":"Double Tap"},{"not_picked":["Power Through","Flex"],"picked":"Rampage"},{"not_picked":["Thunderclap","Sword Boomerang"],"picked":"Flex"},{"not_picked":["Dual Wield","Twin Strike"],"picked":"Shrug It Off"},{"not_picked":["Shrug It Off","Wild Strike"],"picked":"Infernal Blade"},{"not_picked":["Iron Wave","Flex"],"picked":"Whirlwind"}],"player_experience":60895,"potions_floor_usage":[33],"damage_taken":[{"damage":1.0,"enemies":"Cultist","floor":1.0,"turns":4.0},{"damage":2.0,"enemies":"Small Slimes","floor":4.0,"turns":4.0},{"damage":12.0,"enemies":"Blue Slaver","floor":5.0,"turns":4.0},{"damage":35.0,"enemies":"Lagavulin","floor":7.0,"turns":8.0},{"damage":5.0,"enemies":"Exordium Wildlife","floor":12.0,"turns":3.0},{"damage":6.0,"enemies":"Slime Boss","floor":16.0,"turns":8.0},{"damage":12,"enemies":"2 Thieves","floor":18,"turns":3},{"damage":12,"enemies":"Shell Parasite","floor":20,"turns":3},{"damage":17,"enemies":"Book of Stabbing","floor":24,"turns":5},{"damage":3,"enemies":"Centurion and Healer","floor":27,"turns":5},{"damage":0,"enemies":"Snake Plant","floor":28,"turns":2},{"damage":8,"enemies":"Snecko","floor":31,"turns":4},{"damage":76,"enemies":"Champ","floor":33,"turns":6}],"event_choices":[{"event_name":"World of Goop","player_choice":"Gather Gold","floor":2.0,"damage_taken":0.0},{"event_name":"Transmorgrifier","player_choice":"Transform","floor":3.0,"damage_taken":0.0},{"event_name":"Golden Wing","player_choice":"Card Removal","floor":10.0,"damage_taken":0.0},{"event_name":"The Cleric","player_choice":"Leave","floor":14.0,"damage_taken":0.0},{"event_name":"Vampires","player_choice":"Became a vampire","floor":19,"damage_taken":0},{"event_name":"Back to Basics","player_choice":"Simplicity","floor":21,"damage_taken":0},{"event_name":"Beggar","player_choice":"Gave Gold","floor":25,"damage_taken":0}],"boss_relics":[{"not_picked":["Lizard Tail","Snecko Eye"],"picked":"Velvet Choker"}],"potions_floor_spawned":[1,7,12,18,27,28],"seed_played":"4584828940854343265","killed_by":"Champ","ascension_level":0,"is_trial":false}