{"gold_per_floor":[110,110,110,131,154,154,179,197,197,197,216,291,306,350,350,474,474,493,493,381,651,327,327],"floor_reached":23,"playtime":973,"items_purged":["Shame","Recycle"],"score":191,"play_id":"465a6248-ffd7-4680-9094-bb53571315a6","local_time":"20190211172648","is_ascension_mode":false,"campfire_choices":[{"data":"Defragment","floor":6,"key":"SMITH"},{"data":"Defragment","floor":10,"key":"SMITH"},{"floor":15,"key":"REST"}],"neow_cost":"NONE","seed_source_timestamp":17014476653803,"circlet_count":0,"master_deck":["Strike_B","Defend_B","Defend_B","Defend_B","Defend_B","Zap","Dualcast","Biased Cognition","Defragment+1","Defragment+1","Compile Driver","Conserve Battery","Lockon","Loop","Loop","Turbo","Multi-Cast","Streamline+1","Aggregate+1","Lockon","Barrage"],"relics":["Cracked Core","Mercury Hourglass","Golden Idol","Kunai","Bottled Lightning","Astrolabe","ClockworkSouvenir"],"potions_floor_usage":[14,14],"damage_taken":[{"damage":7,"enemies":"2 Louse","floor":1,"turns":3},{"damage":6,"enemies":"Jaw Worm","floor":4,"turns":2},{"damage":0,"enemies":"Cultist","floor":5,"turns":2},{"damage":7,"enemies":"2 Fungi Beasts","floor":7,"turns":2},{"damage":7,"enemies":"3 Louse","floor":8,"turns":3},{"damage":1,"enemies":"Exordium Thugs","floor":11,"turns":4},{"damage":15,"enemies":"Exordium Wildlife","floor":13,"turns":3},{"damage":16,"enemies":"Gremlin Nob","floor":14,"turns":4},{"damage":40,"enemies":"The Guardian","floor":16,"turns":7},{"damage":5,"enemies":"Spheric Guardian","floor":18,"turns":3},{"damage":44,"enemies":"Slavers","floor":23,"turns":2}],"seed_played":"-472635236544213624","potions_obtained":[{"floor":1,"key":"LiquidBronze"},{"floor":7,"key":"AttackPotion"},{"floor":13,"key":"Regen Potion"}],"is_trial":false,"path_per_floor":["M","?","?","M","M","R","M","M","T","R","M","?","M","E","R","B",null,"M","?","$","?","$","E"],"character_chosen":"DEFECT","items_purchased":["Lockon","ClockworkSouvenir","Barrage"],"campfire_rested":1,"item_purchase_floors":[20,22,22],"current_hp_per_floor":[68,68,68,62,62,62,55,48,48,48,47,41,26,22,42,2,69,64,64,64,40,40,0],"gold":327,"neow_bonus":"ONE_RANDOM_RARE_CARD","is_prod":false,"is_daily":false,"chose_seed":false,"campfire_upgraded":2,"win_rate":0,"timestamp":1549902408,"path_taken":["M","?","?","M","M","R","M","M","T","R","?","?","?","E","R","BOSS","M","?","$","?","$","E"],"build_version":"2019-01-23","purchased_purges":2,"victory":false,"max_hp_per_floor":[75,75,69,69,69,69,69,69,69,69,69,69,69,69,69,69,69,69,69,69,69,69,69],"card_choices":[{"not_picked":["Fusion","Ball Lightning"],"picked":"Defragment","floor":1},{"not_picked":["Go for the Eyes","Compile Driver"],"picked":"Defragment","floor":4},{"not_picked":["Gash","Genetic Algorithm"],"picked":"Compile Driver","floor":5},{"not_picked":["Barrage","Beam Cell"],"picked":"Conserve Battery","floor":7},{"not_picked":["Chaos","Gash"],"picked":"Lockon","floor":8},{"not_picked":["Rebound","Ball Lightning"],"picked":"Loop","floor":11},{"not_picked":["Rip and Tear","Fusion"],"picked":"Loop","floor":13},{"not_picked":["Genetic Algorithm","Streamline"],"picked":"Turbo","floor":14},{"not_picked":["Meteor Strike","Buffer"],"picked":"Multi-Cast","floor":16},{"not_picked":["FTL","Go for the Eyes","Streamline+1"],"picked":"SKIP","floor":18}],"player_experience":68187,"relics_obtained":[{"floor":9,"key":"Kunai"},{"floor":14,"key":"Bottled Lightning"}],"event_choices":[{"damage_healed":0,"gold_gain":0,"player_choice":"Box","damage_taken":0,"relics_obtained":["Mercury Hourglass"],"max_hp_gain":0,"max_hp_loss":0,"event_name":"Big Fish","floor":2,"gold_loss":0,"cards_obtained":["Regret"]},{"damage_healed":0,"gold_gain":0,"player_choice":"Lose Max HP","damage_taken":0,"relics_obtained":["Golden Idol"],"max_hp_gain":0,"max_hp_loss":6,"event_name":"Golden Idol","floor":3,"gold_loss":0},{"damage_healed":0,"gold_gain":75,"player_choice":"Touch","damage_taken":6,"max_hp_gain":0,"max_hp_loss":0,"event_name":"FaceTrader","floor":12,"gold_loss":0},{"damage_healed":0,"gold_gain":0,"cards_transformed":["Regret","Rip and Tear"],"player_choice":"Became Test Subject","damage_taken":0,"max_hp_gain":0,"max_hp_loss":0,"event_name":"Drug Dealer","floor":19,"gold_loss":0,"cards_obtained":["Shame","Recycle"]},{"damage_healed":0,"gold_gain":270,"player_choice":"GOLD GOLD GOLD ","damage_taken":24,"max_hp_gain":0,"max_hp_loss":0,"event_name":"Knowing Skull","floor":21,"potions_obtained":[],"gold_loss":0,"cards_obtained":[]}],"is_beta":false,"boss_relics":[{"not_picked":["Philosopher\u0027s Stone","Fusion Hammer"],"picked":"Astrolabe"}],"items_purged_floors":[20,22],"is_endless":false,"potions_floor_spawned":[1,7,13],"killed_by":"Slavers","ascension_level":0}