{"gold_per_floor":[214,224,499,62,79,79,98,133,133,100,112,129,129,129,129,206,206,225,225,67,54,73,73,73],"floor_reached":24,"playtime":1059,"items_purged":["Regret"],"score":360,"play_id":"d7aa6034-829c-4248-a013-35e0bd04023e","local_time":"20190329180007","is_ascension_mode":true,"campfire_choices":[{"data":"Body Slam","floor":6,"key":"SMITH"},{"floor":13,"key":"REST"},{"data":"Entrench","floor":15,"key":"SMITH"},{"floor":23,"key":"REST"}],"neow_cost":"NONE","seed_source_timestamp":754279224124573,"circlet_count":0,"master_deck":["AscendersBane","Strike_R","Strike_R","Strike_R","Strike_R","Strike_R","Defend_R","Defend_R","Defend_R","Defend_R","Bash","Body Slam","Entrench+1","Feed","Body Slam+1","Shrug It Off","Seeing Red","Flex","Reaper","Armaments","Immolate","Headbutt+1","Armaments","Ghostly Armor","Uppercut"],"relics":["Burning Blood","HandDrill","Bottled Lightning","Du-Vu Doll","Mark of Pain","Oddly Smooth Stone"],"potions_floor_usage":[8,10,16,24,24],"damage_taken":[{"damage":1,"enemies":"Cultist","floor":1,"turns":3},{"damage":7,"enemies":"2 Louse","floor":2,"turns":3},{"damage":0,"enemies":"Small Slimes","floor":5,"turns":3},{"damage":30,"enemies":"Exordium Wildlife","floor":7,"turns":6},{"damage":49,"enemies":"3 Sentries","floor":8,"turns":13},{"damage":12,"enemies":"Exordium Thugs","floor":10,"turns":5},{"damage":8,"enemies":"Blue Slaver","floor":11,"turns":5},{"damage":4,"enemies":"2 Fungi Beasts","floor":12,"turns":4},{"damage":46,"enemies":"The Guardian","floor":16,"turns":16},{"damage":22,"enemies":"Chosen","floor":18,"turns":5},{"damage":35,"enemies":"2 Thieves","floor":21,"turns":4},{"damage":34,"enemies":"Snake Plant","floor":22,"turns":6},{"damage":60,"enemies":"Slavers","floor":24,"turns":6}],"seed_played":"6287609870746875631","potions_obtained":[{"floor":1,"key":"LiquidBronze"},{"floor":5,"key":"Swift Potion"},{"floor":8,"key":"SkillPotion"},{"floor":10,"key":"SpeedPotion"},{"floor":21,"key":"SpeedPotion"}],"is_trial":false,"path_per_floor":["M","M","?","$","M","R","M","E","T","M","M","M","R","$","R","B",null,"M","?","$","M","M","R","E"],"character_chosen":"IRONCLAD","items_purchased":["HandDrill","Feed","Oddly Smooth Stone"],"campfire_rested":2,"item_purchase_floors":[4,4,20],"current_hp_per_floor":[73,72,72,72,78,78,57,17,17,11,9,19,45,45,45,12,68,57,57,57,42,17,44,0],"gold":73,"neow_bonus":"HUNDRED_GOLD","is_prod":false,"is_daily":false,"chose_seed":false,"campfire_upgraded":2,"win_rate":0,"timestamp":1553896807,"path_taken":["M","M","?","$","?","R","M","E","T","M","M","M","R","?","R","BOSS","M","?","$","?","?","R","E"],"build_version":"2019-01-23","purchased_purges":1,"victory":false,"max_hp_per_floor":[75,75,75,75,78,78,81,84,84,84,84,87,87,87,87,87,87,87,87,87,87,90,90,90],"card_choices":[{"not_picked":["Inflame","Hemokinesis"],"picked":"Body Slam","floor":1},{"not_picked":["Headbutt","Heavy Blade"],"picked":"Entrench","floor":2},{"not_picked":["Entrench","Perfected Strike"],"picked":"Body Slam","floor":5},{"not_picked":["Wild Strike","Searing Blow"],"picked":"Shrug It Off","floor":7},{"not_picked":["Hemokinesis","True Grit"],"picked":"Seeing Red","floor":8},{"not_picked":["True Grit","Fire Breathing"],"picked":"Flex","floor":10},{"not_picked":["Perfected Strike","Cleave"],"picked":"Reaper","floor":11},{"not_picked":["Headbutt","Clothesline"],"picked":"Armaments","floor":12},{"not_picked":["Impervious","Bludgeon"],"picked":"Immolate","floor":16},{"not_picked":["Anger+1","Sword Boomerang"],"picked":"Headbutt+1","floor":18},{"not_picked":["Clothesline","Perfected Strike"],"picked":"Ghostly Armor","floor":21},{"not_picked":["Body Slam","Pommel Strike"],"picked":"Uppercut","floor":22}],"player_experience":338202,"relics_obtained":[{"floor":8,"key":"Bottled Lightning"},{"floor":9,"key":"Du-Vu Doll"}],"event_choices":[{"damage_healed":0,"gold_gain":275,"player_choice":"Desecrate","damage_taken":0,"max_hp_gain":0,"max_hp_loss":0,"event_name":"Golden Shrine","floor":3,"gold_loss":0,"cards_obtained":["Regret"]},{"damage_healed":0,"gold_gain":0,"player_choice":"1 cards matched","damage_taken":0,"max_hp_gain":0,"max_hp_loss":0,"event_name":"Match and Keep!","floor":19,"gold_loss":0,"cards_obtained":["Armaments"]}],"is_beta":false,"boss_relics":[{"not_picked":["Orrery","Astrolabe"],"picked":"Mark of Pain"}],"items_purged_floors":[4],"is_endless":false,"potions_floor_spawned":[1,5,8,10,21],"killed_by":"Slavers","ascension_level":16}