{"gold_per_floor":[118,69,82,101,101,101,141,141,190,206,206,221,237,310,310,430,430,446,446,218,218,237,265,265,265,290,290,88,106,124,137,137,241,241,256,256,269,282,1281,1281,1281,1293,1293,372,372,34,0,25,25,25],"floor_reached":50,"playtime":3020,"items_purged":["Strike_R","Normality"],"score":781,"play_id":"7262575b-1b90-435c-b867-3acc23caf1b6","local_time":"20180904213721","is_ascension_mode":true,"campfire_choices":[{"data":"Bash","floor":6,"key":"SMITH"},{"floor":8,"key":"REST"},{"data":"Metallicize","floor":11,"key":"SMITH"},{"data":"Armaments","floor":15,"key":"SMITH"},{"data":"Rage","floor":24,"key":"SMITH"},{"data":"Metallicize","floor":32,"key":"SMITH"},{"data":"Ghostly","floor":40,"key":"SMITH"},{"data":"Ghostly","floor":45,"key":"SMITH"},{"data":"Flex","floor":49,"key":"SMITH"}],"neow_cost":"NONE","seed_source_timestamp":120598443835324,"circlet_count":0,"master_deck":["Strike_R+1","Strike_R+1","Strike_R+1","Strike_R+1","Defend_R+1","Defend_R+1","Defend_R+1","Defend_R+1","Bash+1","Iron Wave","Flex+1","Iron Wave","Metallicize+1","Armaments+1","Pommel Strike","Impervious","Flex+1","Metallicize+1","Rage+1","Ghostly+1","Ghostly+1","Ghostly","Ghostly","Ghostly","Shrug It Off","Cleave","Shrug It Off+1","Reaper","Sword Boomerang+1","Anger+1","Normality","Shrug It Off+1","Armaments+1","Panache","Mind Blast"],"relics":["Burning Blood","Dream Catcher","Bloody Idol","Boot","War Paint","Blood Vial","Velvet Choker","Red Skull","Dodecahedron","Art of War","MutagenicStrength","Oddly Smooth Stone","Coffee Dripper","Juzu Bracelet","Ancient Tea Set","DollysMirror","Potion Belt","Singing Bowl","Red Mask","Pen Nib"],"potions_floor_usage":[7,14,14,16,16,33,33,37,50,50],"damage_taken":[{"damage":6,"enemies":"Cultist","floor":1,"turns":4},{"damage":1,"enemies":"2 Louse","floor":3,"turns":2},{"damage":4,"enemies":"Jaw Worm","floor":4,"turns":3},{"damage":43,"enemies":"3 Sentries","floor":7,"turns":14},{"damage":4,"enemies":"Red Slaver","floor":10,"turns":4},{"damage":0,"enemies":"3 Louse","floor":12,"turns":5},{"damage":8,"enemies":"Blue Slaver","floor":13,"turns":3},{"damage":16,"enemies":"Lagavulin Event","floor":14,"turns":6},{"damage":27,"enemies":"Hexaghost","floor":16,"turns":8},{"damage":25,"enemies":"Spheric Guardian","floor":18,"turns":8},{"damage":8,"enemies":"Chosen","floor":22,"turns":4},{"damage":24,"enemies":"Book of Stabbing","floor":23,"turns":6},{"damage":0,"enemies":"Snake Plant","floor":29,"turns":6},{"damage":13,"enemies":"Snecko","floor":30,"turns":7},{"damage":0,"enemies":"Centurion and Healer","floor":31,"turns":8},{"damage":0,"enemies":"Automaton","floor":33,"turns":19},{"damage":21,"enemies":"3 Shapes","floor":35,"turns":6},{"damage":0,"enemies":"Orb Walker","floor":37,"turns":6},{"damage":32,"enemies":"4 Shapes","floor":38,"turns":9},{"damage":3,"enemies":"3 Darklings","floor":42,"turns":11},{"damage":0,"enemies":"Nemesis","floor":48,"turns":8},{"damage":76,"enemies":"Time Eater","floor":50,"turns":14}],"seed_played":"-1013365663489096625","potions_obtained":[{"floor":1,"key":"Block Potion"},{"floor":3,"key":"Poison Potion"},{"floor":12,"key":"Block Potion"},{"floor":14,"key":"AttackPotion"},{"floor":14,"key":"PowerPotion"},{"floor":16,"key":"Swift Potion"},{"floor":23,"key":"PowerPotion"},{"floor":29,"key":"PowerPotion"},{"floor":33,"key":"Regen Potion"},{"floor":41,"key":"Weak Potion"},{"floor":41,"key":"SpeedPotion"},{"floor":42,"key":"SmokeBomb"}],"is_trial":false,"path_per_floor":["M","$","M","M","?","R","E","R","T","M","R","M","M","?","R","B",null,"M","?","$","?","M","E","R","?","T","?","$","M","M","M","R","B",null,"M","?","M","M","?","R","?","M","T","$","R","$","?","E","R"],"character_chosen":"IRONCLAD","items_purchased":["Flex","Red Skull","Oddly Smooth Stone","Shrug It Off","Ancient Tea Set","DollysMirror","Potion Belt","FairyPotion","Panache","Mind Blast","Singing Bowl"],"campfire_rested":1,"item_purchase_floors":[2,20,28,28,44,44,44,44,44,46,46],"current_hp_per_floor":[80,80,80,80,74,74,37,59,59,61,61,67,65,55,55,36,65,48,48,48,48,53,42,42,37,37,37,37,37,35,37,37,37,37,27,37,37,19,24,24,24,37,37,37,37,37,37,39,39,0],"gold":25,"neow_bonus":"RANDOM_COMMON_RELIC","is_prod":false,"is_daily":false,"chose_seed":false,"campfire_upgraded":8,"win_rate":0,"timestamp":1536093441,"path_taken":["M","?","M","M","?","R","E","R","T","M","R","M","?","?","R","BOSS","M","?","$","?","M","E","R","?","T","?","?","M","M","M","R","BOSS","M","?","M","M","?","R","?","M","T","$","R","$","?","E","R","BOSS"],"build_version":"2018-08-30","purchased_purges":2,"victory":false,"max_hp_per_floor":[80,80,80,80,74,74,74,74,74,74,74,74,74,74,74,74,74,74,74,74,74,74,74,74,37,37,37,37,37,37,37,37,37,37,37,37,37,37,37,37,37,37,37,37,37,37,37,39,39,39],"card_choices":[{"not_picked":["Disarm","Burning Pact"],"picked":"Iron Wave","floor":1},{"not_picked":["Hemokinesis","Rupture"],"picked":"Iron Wave","floor":3},{"not_picked":["Anger","Perfected Strike"],"picked":"Seeing Red","floor":4},{"not_picked":["Carnage","Searing Blow"],"picked":"Metallicize","floor":7},{"not_picked":["Combust","Thunderclap","Seeing Red"],"picked":"SKIP","floor":10},{"not_picked":["Pummel","Twin Strike"],"picked":"Armaments","floor":12},{"not_picked":["Blood for Blood","Seeing Red"],"picked":"Pommel Strike","floor":13},{"not_picked":["Brutality","Juggernaut"],"picked":"Impervious","floor":16},{"not_picked":["Perfected Strike","Clothesline"],"picked":"Flex+1","floor":18},{"not_picked":["Wild Strike+1","True Grit"],"picked":"Metallicize","floor":22},{"not_picked":["Rupture","Disarm+1"],"picked":"Rage","floor":23},{"not_picked":["Reckless Charge+1","Anger"],"picked":"Cleave","floor":29},{"not_picked":["Thunderclap","Clash","Iron Wave"],"picked":"SKIP","floor":30},{"not_picked":["Sword Boomerang+1","Feel No Pain"],"picked":"Shrug It Off+1","floor":31},{"not_picked":["Immolate","Double Tap"],"picked":"Reaper","floor":33},{"not_picked":["Pummel","Warcry"],"picked":"Sword Boomerang+1","floor":35},{"not_picked":["Flex+1","Rampage+1","Combust+1"],"picked":"SKIP","floor":37},{"not_picked":["Combust","Shrug It Off"],"picked":"Anger+1","floor":38},{"not_picked":["Warcry","Uppercut+1"],"picked":"Shrug It Off+1","floor":42},{"not_picked":["Wild Strike","Brutality","Feed"],"picked":"Singing Bowl","floor":48}],"player_experience":315476,"relics_obtained":[{"floor":7,"key":"Boot"},{"floor":9,"key":"War Paint"},{"floor":14,"key":"Blood Vial"},{"floor":23,"key":"Dodecahedron"},{"floor":26,"key":"Art of War"},{"floor":43,"key":"Juzu Bracelet"},{"floor":48,"key":"Pen Nib"}],"event_choices":[{"event_name":"Golden Idol","player_choice":"Lose Max HP","floor":5,"damage_taken":0},{"event_name":"Dead Adventurer","player_choice":"Searched \u00271\u0027 times","floor":14,"damage_taken":0},{"event_name":"Forgotten Altar","player_choice":"Gave Idol","floor":19,"damage_taken":0},{"event_name":"Back to Basics","player_choice":"Simplicity","floor":21,"damage_taken":0},{"event_name":"Ghosts","player_choice":"Became a Ghost","floor":25,"damage_taken":0},{"event_name":"Drug Dealer","player_choice":"Inject Mutagens","floor":27,"damage_taken":0},{"event_name":"Bonfire Elementals","player_choice":"UNCOMMON","floor":36,"damage_taken":0},{"event_name":"MindBloom","player_choice":"Gold","floor":39,"damage_taken":0},{"event_name":"The Lab","player_choice":"Got Potions","floor":41,"damage_taken":0},{"event_name":"Tomb of Lord Red Mask","player_choice":"Paid","floor":47,"damage_taken":0}],"is_beta":false,"boss_relics":[{"not_picked":["Empty Cage","Orrery"],"picked":"Velvet Choker"},{"not_picked":["Lizard Tail","Tiny House"],"picked":"Coffee Dripper"}],"items_purged_floors":[20,44],"is_endless":false,"potions_floor_spawned":[1,3,12,14,14,16,23,29,33,42],"killed_by":"Time Eater","ascension_level":5}