{"gold_per_floor":[114,132,144,144,144,144,159,169,219,230,261,261,261,93,93,197,197,215,215,225,125,125],"floor_reached":22,"playtime":946,"items_purged":["Strike_R","Bite"],"score":248,"play_id":"502f8cb3-06e0-472d-8e5b-156bb13f323f","local_time":"20180812235646","is_ascension_mode":true,"campfire_choices":[{"data":"Armaments","floor":6,"key":"SMITH"},{"data":"Infernal Blade","floor":13,"key":"SMITH"},{"data":"Madness","floor":15,"key":"SMITH"}],"neow_cost":"NONE","seed_source_timestamp":254081892841118,"circlet_count":0,"master_deck":["Defend_R","Defend_R","Defend_R","Defend_R","Bash+1","Anger","Armaments+1","Pommel Strike","Infernal Blade+1","Demon Form+1","Madness+1","Offering","Bite","Bite","Bite","Bite","Warcry"],"relics":["Burning Blood","Question Card","Dream Catcher","Pen Nib","Philosopher\u0027s Stone"],"potions_floor_usage":[11,16],"damage_taken":[{"damage":0,"enemies":"2 Louse","floor":1,"turns":2},{"damage":0,"enemies":"Small Slimes","floor":2,"turns":2},{"damage":6,"enemies":"Cultist","floor":3,"turns":3},{"damage":2,"enemies":"3 Louse","floor":7,"turns":4},{"damage":20,"enemies":"Exordium Thugs","floor":8,"turns":5},{"damage":8,"enemies":"Exordium Wildlife","floor":10,"turns":5},{"damage":27,"enemies":"Lagavulin","floor":11,"turns":4},{"damage":41,"enemies":"Slime Boss","floor":16,"turns":7},{"damage":48,"enemies":"3 Byrds","floor":18,"turns":5},{"damage":23,"enemies":"Shell Parasite","floor":20,"turns":3},{"damage":45,"floor":22,"turns":3}],"seed_played":"-5621322859238098875","potions_obtained":[{"floor":7,"key":"SkillPotion"},{"floor":8,"key":"Ancient Potion"},{"floor":10,"key":"BloodPotion"}],"is_trial":false,"path_per_floor":["M","M","M","?","?","R","M","M","T","M","E","?","R","$","R","B",null,"M","?","M","$"],"character_chosen":"IRONCLAD","items_purchased":["Madness"],"campfire_rested":0,"item_purchase_floors":[14],"current_hp_per_floor":[80,80,80,68,68,68,72,58,58,56,35,35,35,35,35,8,80,38,38,31,31,0],"gold":125,"neow_bonus":"UPGRADE_CARD","is_prod":false,"is_daily":false,"chose_seed":false,"campfire_upgraded":3,"win_rate":0,"timestamp":1534114606,"path_taken":["M","M","M","?","?","R","?","M","T","M","E","?","R","$","R","BOSS","M","?","M","$","?"],"build_version":"2018-08-09","purchased_purges":2,"victory":false,"max_hp_per_floor":[80,80,80,80,80,80,80,80,80,80,80,80,80,80,80,80,80,80,56,56,56,56],"card_choices":[{"not_picked":["True Grit","Dual Wield"],"picked":"Anger","floor":1},{"not_picked":["Sword Boomerang","True Grit"],"picked":"Armaments","floor":2},{"not_picked":["Heavy Blade","Havoc","Blood for Blood"],"picked":"SKIP","floor":3},{"not_picked":["Clash","Sever Soul","Wild Strike","Thunderclap"],"picked":"SKIP","floor":7},{"not_picked":["Headbutt","Heavy Blade","Carnage"],"picked":"Pommel Strike","floor":8},{"not_picked":["Evolve","Burning Pact","Wild Strike"],"picked":"Infernal Blade","floor":10},{"not_picked":["Warcry","Heavy Blade","Disarm"],"picked":"Demon Form","floor":11},{"not_picked":["Berserk","Fiend Fire","Feed"],"picked":"Offering","floor":16},{"not_picked":["Clash","Havoc","Feel No Pain","Thunderclap+1"],"picked":"SKIP","floor":18},{"not_picked":["True Grit+1","Headbutt+1","Brutality"],"picked":"Warcry","floor":20}],"player_experience":258561,"relics_obtained":[{"floor":9,"key":"Dream Catcher"},{"floor":11,"key":"Pen Nib"}],"event_choices":[{"event_name":"Scrap Ooze","player_choice":"success","floor":4,"damage_taken":12},{"event_name":"Purifier","player_choice":"One Purge","floor":5,"damage_taken":0},{"event_name":"Living Wall","player_choice":"Grow","floor":12,"damage_taken":0},{"event_name":"Vampires","player_choice":"Became a vampire","floor":19,"damage_taken":0},{"event_name":"Masked Bandits","player_choice":"Fought Bandits","floor":22,"damage_taken":0}],"is_beta":false,"boss_relics":[{"not_picked":["Runic Dome","Lizard Tail"],"picked":"Philosopher\u0027s Stone"}],"items_purged_floors":[14,21],"is_endless":false,"potions_floor_spawned":[7,8,10],"ascension_level":4}