{"path_per_floor":["M","?","$","T","M","R","?","?","T","E","M","M","M","?","R","B",null,"M","M","?","$","?","E","R","?","T"],"character_chosen":"IRONCLAD","items_purchased":["Flex","Magic Flower"],"gold_per_floor":[109,284,157,181,191,191,191,191,218,248,261,277,288,288,288,392,392,403,422,422,9,9,34,34,34,34],"floor_reached":27,"campfire_rested":1,"playtime":806,"current_hp_per_floor":[78,78,78,78,80,80,80,85,85,55,66,64,72,72,72,35,95,100,83,83,83,83,39,70,70,80],"items_purged":["Doubt","Defend_R"],"gold":34,"score":290,"play_id":"2e951fbe-659d-46a2-9bb5-616ce0c2e872","local_time":"20180320080621","is_prod":false,"is_daily":false,"is_ascension_mode":true,"campfire_upgraded":2,"timestamp":1521547581,"path_taken":["M","?","$","?","?","R","?","?","T","E","M","M","M","?","R","BOSS","M","M","?","$","?","E","R","?","T","E"],"build_version":"2018-03-15v3","purchased_purges":2,"victory":false,"master_deck":["Strike_R","Strike_R","Strike_R","Strike_R","Strike_R","Defend_R","Defend_R","Bash","Flex+1","Feed","Whirlwind+1","Limit Break+1","Clash+1"],"max_hp_per_floor":[80,80,80,80,80,80,80,85,85,85,90,93,95,95,95,95,95,100,103,103,103,103,105,105,105,115],"relics":["Black Blood","Bag of Marbles","Singing Bowl","Happy Flower","Magic Flower","Lantern","Pear"],"card_choices":[{"not_picked":["Sentinel","Cleave"],"picked":"Feed"},{"not_picked":["Body Slam","Anger"],"picked":"Whirlwind"},{"not_picked":["Immolate","Reaper"],"picked":"Limit Break"},{"not_picked":["Clothesline","Warcry"],"picked":"Clash"}],"player_experience":183177,"potions_floor_usage":[12,16,16,23,27],"damage_taken":[{"damage":8,"enemies":"Jaw Worm","floor":1,"turns":4},{"damage":2,"enemies":"Small Slimes","floor":5,"turns":3},{"damage":36,"enemies":"Lagavulin","floor":10,"turns":4},{"damage":0,"enemies":"2 Louse","floor":11,"turns":1},{"damage":11,"enemies":"Exordium Thugs","floor":12,"turns":4},{"damage":0,"enemies":"Lots of Slimes","floor":13,"turns":1},{"damage":43,"enemies":"Hexaghost","floor":16,"turns":7},{"damage":10,"enemies":"Chosen","floor":18,"turns":3},{"damage":30,"enemies":"2 Thieves","floor":19,"turns":3},{"damage":61,"enemies":"Gremlin Leader","floor":23,"turns":7},{"damage":83,"enemies":"Book of Stabbing","floor":27,"turns":5}],"event_choices":[{"event_name":"Liars Game","player_choice":"agreed","floor":2,"damage_taken":0},{"event_name":"The Lab","player_choice":"Got Potions","floor":7,"damage_taken":0},{"event_name":"Big Fish","player_choice":"Donut","floor":8,"damage_taken":0},{"event_name":"The Woman in Blue","player_choice":"Bought 0 Potions","floor":14,"damage_taken":0},{"event_name":"The Mausoleum","player_choice":"No","floor":20,"damage_taken":0},{"event_name":"Upgrade Shrine","player_choice":"Upgraded","floor":22,"damage_taken":0},{"event_name":"N\u0027loth","player_choice":"Ignored","floor":25,"damage_taken":0}],"boss_relics":[{"not_picked":["Pandora\u0027s Box","Question Card"],"picked":"Black Blood"}],"potions_floor_spawned":[1,11,12,18,23],"seed_played":"5600612700932383945","killed_by":"Book of Stabbing","ascension_level":1,"is_trial":false}