{"gold_per_floor":[19,39,214,194,209,209,64,74,98,98,114,143,160,176,176,281,281,299,299,299,126,143,208,50,84,162,162,177,177,207,220,220,322,372,389,664,664,71,88,119,136,136,136,164,209,227,38,57,57,57],"floor_reached":51,"playtime":4452,"items_purged":["Strike_G","Doubt","Regret"],"score":1040,"play_id":"855d5da7-edf2-49ce-a642-3b6a3579b9df","local_time":"20180819034613","is_ascension_mode":true,"campfire_choices":[{"data":"Neutralize","floor":6,"key":"SMITH"},{"data":"Footwork","floor":10,"key":"SMITH"},{"floor":15,"key":"REST"},{"floor":27,"key":"REST"},{"floor":32,"key":"REST"},{"floor":42,"key":"REST"},{"floor":49,"key":"REST"}],"neow_cost":"NO_GOLD","seed_source_timestamp":296168753391200,"circlet_count":0,"master_deck":["Defend_G+1","Defend_G+1","Defend_G+1","Defend_G+1","Defend_G+1","Strike_G+1","Strike_G+1","Strike_G+1","Strike_G+1","Survivor","Neutralize+1","Dash+1","Blur","Noxious Fumes","Footwork+1","Acrobatics","PiercingWail","Backstab","Bullet Time","Bane","Bullet Time","Blur","Catalyst","Backstab","Backflip","Bandage Up","Leg Sweep","Backflip","Adrenaline","Envenom","Setup+1","PiercingWail+1","Jack Of All Trades","Backflip","A Thousand Cuts","Master of Strategy","Well Laid Plans","Flying Knee","Deadly Poison+1","Distraction+1","Outmaneuver+1","Acrobatics","Noxious Fumes+1"],"relics":["Ring of the Snake","The Specimen","Whetstone","Blood Vial","Fusion Hammer","Tiny Chest","Paper Crane","Question Card","Ancient Tea Set","Tiny House","Strange Spoon","Strawberry","Juzu Bracelet","Orichalcum","Thread and Needle","Oddly Smooth Stone"],"potions_floor_usage":[12,16,23,30,39,41,50],"damage_taken":[{"damage":0,"enemies":"Cultist","floor":1,"turns":4},{"damage":0,"enemies":"Jaw Worm","floor":2,"turns":6},{"damage":0,"enemies":"Small Slimes","floor":5,"turns":5},{"damage":2,"enemies":"3 Louse","floor":8,"turns":4},{"damage":22,"enemies":"Exordium Thugs","floor":11,"turns":8},{"damage":20,"enemies":"Gremlin Nob","floor":12,"turns":6},{"damage":10,"enemies":"Exordium Wildlife","floor":13,"turns":7},{"damage":0,"enemies":"Blue Slaver","floor":14,"turns":4},{"damage":23,"enemies":"Hexaghost","floor":16,"turns":16},{"damage":13,"enemies":"Shell Parasite","floor":18,"turns":9},{"damage":13,"enemies":"3 Byrds","floor":22,"turns":6},{"damage":6,"enemies":"Slavers","floor":23,"turns":7},{"damage":52,"enemies":"Gremlin Leader","floor":25,"turns":9},{"damage":1,"enemies":"3 Cultists","floor":28,"turns":7},{"damage":5,"enemies":"Book of Stabbing","floor":30,"turns":10},{"damage":0,"enemies":"Centurion and Healer","floor":31,"turns":12},{"damage":21,"enemies":"Automaton","floor":33,"turns":15},{"damage":0,"enemies":"Orb Walker","floor":35,"turns":5},{"damage":0,"enemies":"Flame Bruiser 1 Orb","floor":39,"turns":6},{"damage":0,"enemies":"Nemesis","floor":40,"turns":11},{"damage":10,"enemies":"Transient","floor":41,"turns":5},{"damage":35,"enemies":"Giant Head","floor":44,"turns":11},{"damage":1,"floor":45,"turns":6},{"damage":18,"enemies":"Maw","floor":46,"turns":10},{"damage":2,"enemies":"3 Darklings","floor":48,"turns":6},{"damage":0,"enemies":"Donu and Deca","floor":50,"turns":10}],"seed_played":"-2004544665263983397","potions_obtained":[{"floor":2,"key":"FearPotion"},{"floor":4,"key":"SteroidPotion"},{"floor":5,"key":"Explosive Potion"},{"floor":8,"key":"Poison Potion"},{"floor":12,"key":"Regen Potion"},{"floor":22,"key":"GhostInAJar"},{"floor":25,"key":"Block Potion"},{"floor":28,"key":"EssenceOfSteel"},{"floor":34,"key":"FearPotion"},{"floor":40,"key":"Block Potion"},{"floor":44,"key":"Ancient Potion"}],"is_trial":false,"path_per_floor":["M","M","?","?","M","R","$","M","T","R","M","E","M","M","R","B",null,"M","?","?","$","M","E","$","E","T","R","M","?","E","M","R","B",null,"M","?","?","$","M","E","M","R","T","E","?","M","$","M","R","B"],"character_chosen":"THE_SILENT","items_purchased":["Footwork","Blur","Backflip","Bandage Up","Master of Strategy","Well Laid Plans","Strange Spoon","Oddly Smooth Stone","Acrobatics"],"campfire_rested":5,"item_purchase_floors":[7,21,24,24,38,38,38,47,47],"current_hp_per_floor":[70,70,70,70,70,70,70,68,68,68,46,26,18,20,41,35,61,50,50,70,70,57,53,53,7,7,28,29,29,30,36,57,42,68,74,74,74,74,75,82,72,82,82,51,56,44,44,48,72,82],"gold":57,"neow_bonus":"ONE_RARE_RELIC","is_prod":false,"is_daily":false,"chose_seed":false,"campfire_upgraded":2,"win_rate":0,"timestamp":1534646773,"path_taken":["M","M","?","?","M","R","?","M","T","R","M","E","M","M","R","BOSS","M","?","?","$","M","E","$","E","T","R","?","?","E","M","R","BOSS","M","?","?","$","M","E","M","R","T","E","?","M","$","M","R","BOSS"],"build_version":"2018-08-16","purchased_purges":3,"victory":true,"max_hp_per_floor":[70,70,70,70,70,70,70,70,70,70,70,70,70,70,70,70,70,70,70,70,70,70,70,70,70,70,70,70,70,70,70,70,70,75,75,75,75,75,75,82,82,82,82,82,82,82,82,82,82,82],"card_choices":[{"not_picked":["Dagger Spray","Poisoned Stab"],"picked":"Dash","floor":1},{"not_picked":["Slice","Reflex"],"picked":"Blur","floor":2},{"not_picked":["Dodge and Roll","Caltrops"],"picked":"Noxious Fumes","floor":5},{"not_picked":["Endless Agony","Prepared"],"picked":"Acrobatics","floor":8},{"not_picked":["Finisher","Backflip"],"picked":"PiercingWail","floor":11},{"not_picked":["Finisher","Choke"],"picked":"Backstab","floor":12},{"not_picked":["Night Terror","Blade Dance","PiercingWail"],"picked":"SKIP","floor":13},{"not_picked":["Acrobatics","Dagger Throw","Finisher"],"picked":"SKIP","floor":14},{"not_picked":["After Image","Adrenaline"],"picked":"Bullet Time","floor":16},{"not_picked":["Outmaneuver","Cloak And Dagger+1"],"picked":"Bane","floor":18},{"not_picked":["Skewer","Heel Hook"],"picked":"Catalyst","floor":22},{"not_picked":["Noxious Fumes","Bullet Time"],"picked":"Backstab","floor":23},{"not_picked":["Masterful Stab+1","Bane"],"picked":"Leg Sweep","floor":25},{"not_picked":["PiercingWail","Terror+1","Quick Slash"],"picked":"Backflip","floor":28},{"not_picked":["Dodge and Roll","Venomology","Blur+1"],"picked":"Adrenaline","floor":30},{"not_picked":["Choke","Bouncing Flask","Infinite Blades","Blade Dance"],"picked":"SKIP","floor":31},{"not_picked":["Adrenaline","Bullet Time","Phantasmal Killer"],"picked":"Envenom","floor":33},{"not_picked":["Acrobatics","Dodge and Roll","PiercingWail"],"picked":"Setup+1","floor":34},{"not_picked":["Dodge and Roll+1","Underhanded Strike","Bouncing Flask"],"picked":"PiercingWail+1","floor":35},{"not_picked":["Masterful Stab","Bane","Dagger Spray+1"],"picked":"Flying Knee","floor":39},{"not_picked":["Bane+1","Tactician","Sucker Punch"],"picked":"Deadly Poison+1","floor":40},{"not_picked":["Flying Knee+1","Calculated Gamble+1","Bane"],"picked":"Distraction+1","floor":41},{"not_picked":["PiercingWail+1","Reflex","Quick Slash+1","Blade Dance"],"picked":"SKIP","floor":44},{"not_picked":["Tactician","Unload","Catalyst"],"picked":"Outmaneuver+1","floor":45},{"not_picked":["Dodge and Roll","Eviscerate","Poisoned Stab","Finisher+1"],"picked":"SKIP","floor":46},{"not_picked":["Slice","Deadly Poison","PiercingWail"],"picked":"Noxious Fumes+1","floor":48}],"player_experience":268375,"relics_obtained":[{"floor":9,"key":"Whetstone"},{"floor":12,"key":"Blood Vial"},{"floor":23,"key":"Tiny Chest"},{"floor":25,"key":"Paper Crane"},{"floor":26,"key":"Question Card"},{"floor":30,"key":"Ancient Tea Set"},{"floor":40,"key":"Strawberry"},{"floor":43,"key":"Juzu Bracelet"},{"floor":44,"key":"Orichalcum"},{"floor":45,"key":"Thread and Needle"}],"event_choices":[{"event_name":"Liars Game","player_choice":"agreed","floor":3,"damage_taken":0},{"event_name":"The Woman in Blue","player_choice":"Bought 1 Potion","floor":4,"damage_taken":0},{"event_name":"Duplicator","player_choice":"One dupe","floor":19,"damage_taken":0},{"event_name":"Wheel of Change","player_choice":"Full Heal","floor":20,"damage_taken":0},{"event_name":"Back to Basics","player_choice":"Simplicity","floor":29,"damage_taken":0},{"event_name":"Golden Shrine","player_choice":"Desecrate","floor":36,"damage_taken":0},{"event_name":"Match and Keep!","player_choice":"3 cards matched","floor":37,"damage_taken":0},{"event_name":"Mysterious Sphere","player_choice":"Fight","floor":45,"damage_taken":0}],"is_beta":false,"boss_relics":[{"not_picked":["Astrolabe","Coffee Dripper"],"picked":"Fusion Hammer"},{"not_picked":["Calling Bell","Black Star"],"picked":"Tiny House"}],"items_purged_floors":[7,21,38],"is_endless":false,"potions_floor_spawned":[2,5,8,12,22,25,28,40,44,45],"ascension_level":5}