{"gold_per_floor":[112,128,141,141,153,165,90,90,113,113,113,113,129,149,149,149],"floor_reached":16,"playtime":417,"items_purged":["Strike_B"],"score":94,"play_id":"eee25a48-8051-4ea7-a182-f09690e1b1bf","local_time":"20180626172038","is_ascension_mode":false,"campfire_choices":[{"data":"Chill","floor":8,"key":"SMITH"},{"data":"Self Repair","floor":10,"key":"SMITH"},{"data":"Zap","floor":12,"key":"SMITH"},{"data":"Defend_B","floor":15,"key":"SMITH"}],"neow_cost":"NONE","seed_source_timestamp":371873455186404,"circlet_count":0,"master_deck":["Strike_B","Strike_B","Strike_B","Defend_B+1","Defend_B","Defend_B","Defend_B","Zap+1","Dualcast","Sweeping Beam","Conserve Battery+1","Injury","Self Repair+1","Chill+1"],"relics":["Cracked Core","NeowsBlessing","Bag of Preparation","Blood Vial"],"potions_floor_usage":[16,16],"damage_taken":[{"damage":0,"enemies":"Cultist","floor":1,"turns":1},{"damage":0,"enemies":"Small Slimes","floor":2,"turns":1},{"damage":0,"enemies":"Jaw Worm","floor":3,"turns":1},{"damage":17,"enemies":"Gremlin Gang","floor":5,"turns":3},{"damage":12,"enemies":"Looter","floor":6,"turns":4},{"damage":0,"enemies":"2 Fungi Beasts","floor":13,"turns":3},{"damage":5,"enemies":"Blue Slaver","floor":14,"turns":4},{"damage":79,"enemies":"Hexaghost","floor":16,"turns":11}],"seed_played":"-6611495943365098863","potions_obtained":[{"floor":2,"key":"LiquidBronze"},{"floor":5,"key":"FearPotion"},{"floor":6,"key":"GamblersBrew"}],"is_trial":false,"path_per_floor":["M","M","M","?","M","M","$","R","T","R","T","R","M","M","R"],"character_chosen":"DEFECT","items_purchased":[],"campfire_rested":0,"item_purchase_floors":[],"current_hp_per_floor":[75,75,75,75,58,53,53,53,53,53,53,53,65,72,72,0],"gold":149,"neow_bonus":"THREE_ENEMY_KILL","is_prod":false,"is_daily":false,"chose_seed":false,"campfire_upgraded":4,"win_rate":0,"timestamp":1530044438,"path_taken":["M","?","?","?","M","M","?","R","T","R","?","R","M","?","R","BOSS"],"build_version":"2018-06-21v2","purchased_purges":1,"victory":false,"max_hp_per_floor":[75,75,75,75,75,75,75,75,75,75,75,75,75,75,75,75],"card_choices":[{"not_picked":["Beam Cell","Hologram"],"picked":"Sweeping Beam","floor":1},{"not_picked":["Rebound","Rip and Tear"],"picked":"Conserve Battery","floor":2},{"not_picked":["Lockon","Sweeping Beam","Streamline"],"picked":"SKIP","floor":3},{"not_picked":["Hologram","Steam"],"picked":"Self Repair","floor":5},{"not_picked":["Storm","Barrage"],"picked":"Chill","floor":6},{"not_picked":["Biased Cognition","Doom and Gloom","Steam"],"picked":"SKIP","floor":13},{"not_picked":["Static Discharge","Recycle","Consume"],"picked":"SKIP","floor":14}],"player_experience":157992,"relics_obtained":[{"floor":9,"key":"Bag of Preparation"},{"floor":11,"key":"Blood Vial"}],"event_choices":[{"event_name":"Accursed Blacksmith","player_choice":"Forge","floor":4,"damage_taken":0}],"boss_relics":[],"items_purged_floors":[7],"is_endless":false,"potions_floor_spawned":[2,5,6],"killed_by":"Hexaghost","ascension_level":0}