{"gold_per_floor":[117,127,127,52,63,63,63,63,87,112,112,127,127,52,52,148,148,159,8,108,108,128,128,156,173,222,222],"floor_reached":27,"playtime":1168,"items_purged":["Strike_B"],"score":230,"play_id":"3f623eb8-ac03-4a72-8ef9-9715186a30b5","local_time":"20190323203518","is_ascension_mode":true,"campfire_choices":[{"data":"White Noise","floor":6.0,"key":"SMITH"},{"data":"Conserve Battery","floor":8.0,"key":"SMITH"},{"data":"Leap","floor":11.0,"key":"SMITH"},{"data":"Fission","floor":15.0,"key":"SMITH"},{"floor":23,"key":"REST"}],"neow_cost":"NONE","seed_source_timestamp":0,"circlet_count":0,"master_deck":["Strike_B","Strike_B","Defend_B","Defend_B","Defend_B","Defend_B","Zap+1","Dualcast","White Noise+1","Rebound","Capacitor","Conserve Battery+1","Leap+1","White Noise+1","Fission+1","Blizzard","Thunder Strike","Storm+1","Steam+1"],"special_seed":0,"relics":["Cracked Core","Sundial","Lantern","Odd Mushroom","Black Star","Omamori","Dead Branch","Pear","Bag of Marbles","DataDisk","Bag of Preparation"],"potions_floor_usage":[20,20,27],"damage_taken":[{"damage":6.0,"enemies":"Jaw Worm","floor":1.0,"turns":3.0},{"damage":0.0,"enemies":"Cultist","floor":2.0,"turns":3.0},{"damage":7.0,"enemies":"2 Louse","floor":5.0,"turns":3.0},{"damage":17.0,"enemies":"The Mushroom Lair","floor":10.0,"turns":5.0},{"damage":5.0,"enemies":"Looter","floor":12.0,"turns":3.0},{"damage":10.0,"enemies":"The Guardian","floor":16.0,"turns":14.0},{"damage":5,"enemies":"3 Byrds","floor":18,"turns":3},{"damage":27,"enemies":"Colosseum Slavers","floor":20,"turns":7},{"damage":24,"enemies":"Colosseum Nobs","floor":20,"turns":5},{"damage":10,"enemies":"Shell Parasite","floor":22,"turns":5},{"damage":36,"enemies":"Gremlin Leader","floor":24,"turns":4},{"damage":5,"enemies":"Shelled Parasite and Fungi","floor":25,"turns":4},{"damage":8,"enemies":"Slavers","floor":27,"turns":1}],"seed_played":"-1042790153513606794","potions_obtained":[{"floor":1.0,"key":"AttackPotion"},{"floor":5.0,"key":"GamblersBrew"},{"floor":10.0,"key":"GamblersBrew"},{"floor":25,"key":"SteroidPotion"}],"is_trial":false,"path_per_floor":["M","M","?","$","M","R","T","R","T","?","R","M","?","$","R","B",null,"M","$","?","?","M","R","E","M","T","E"],"character_chosen":"DEFECT","items_purchased":["Capacitor","Omamori"],"campfire_rested":1,"item_purchase_floors":[4,19],"current_hp_per_floor":[69,69,69,69,62,62,62,62,62,45,45,40,40,40,40,30,75,70,70,29,29,19,44,8,3,3,0],"gold":222,"neow_bonus":"UPGRADE_CARD","is_prod":false,"is_daily":false,"chose_seed":false,"campfire_upgraded":4,"win_rate":0,"timestamp":1553387718,"path_taken":["M","M","?","$","?","R","?","R","T","?","R","M","?","$","R","BOSS","M","$","?","?","M","R","E","M","T","E"],"build_version":"2019-01-23","purchased_purges":1,"victory":false,"max_hp_per_floor":[75,75,75,75,75,75,75,75,75,75,75,75,75,75,75,75,75,75,75,85,85,85,85,85,85,85,85],"card_choices":[{"not_picked":["Undo","Sweeping Beam"],"picked":"White Noise","floor":1.0},{"not_picked":["Stack","Sweeping Beam","Compile Driver"],"picked":"SKIP","floor":2.0},{"not_picked":["Melter","Steam"],"picked":"Conserve Battery","floor":5.0},{"not_picked":["Streamline","Hologram"],"picked":"Leap","floor":10.0},{"not_picked":["Rip and Tear","Beam Cell"],"picked":"White Noise","floor":12.0},{"not_picked":["Amplify","Meteor Strike"],"picked":"Thunder Strike","floor":16.0},{"not_picked":["Turbo","BootSequence","Sweeping Beam"],"picked":"SKIP","floor":18},{"not_picked":["Ball Lightning","Turbo+1"],"picked":"Storm+1","floor":20},{"not_picked":["Tempest","Meteor Strike","Cold Snap"],"picked":"SKIP","floor":22},{"not_picked":["Sweeping Beam","Turbo+1","Stack"],"picked":"SKIP","floor":24},{"not_picked":["Stack+1","Streamline"],"picked":"Steam+1","floor":25}],"player_experience":297419,"relics_obtained":[{"floor":7.0,"key":"Sundial"},{"floor":9.0,"key":"Lantern"},{"floor":10.0,"key":"Odd Mushroom"},{"floor":20,"key":"Dead Branch"},{"floor":20,"key":"Pear"},{"floor":24,"key":"Bag of Marbles"},{"floor":24,"key":"DataDisk"},{"floor":26,"key":"Bag of Preparation"}],"event_choices":[{"damage_healed":0.0,"max_hp_gain":0.0,"max_hp_loss":0.0,"gold_gain":0.0,"cards_transformed":["Strike_B"],"event_name":"Transmorgrifier","player_choice":"Transformed","floor":3.0,"gold_loss":0.0,"damage_taken":0.0,"cards_obtained":["Rebound"]},{"damage_healed":0.0,"max_hp_gain":0.0,"max_hp_loss":0.0,"gold_gain":0.0,"event_name":"Mushrooms","player_choice":"Fought Mushrooms","floor":10.0,"gold_loss":0.0,"damage_taken":0.0},{"damage_healed":0.0,"max_hp_gain":0.0,"max_hp_loss":0.0,"gold_gain":0.0,"event_name":"Match and Keep!","player_choice":"2 cards matched","floor":13.0,"gold_loss":0.0,"damage_taken":0.0,"cards_obtained":["Fission","Blizzard"]},{"damage_healed":0,"gold_gain":0,"player_choice":"Fight","damage_taken":0,"max_hp_gain":0,"max_hp_loss":0,"event_name":"Colosseum","floor":20,"gold_loss":0},{"damage_healed":0,"gold_gain":0,"player_choice":"Fought Nobs","damage_taken":0,"max_hp_gain":0,"max_hp_loss":0,"event_name":"Colosseum","floor":20,"gold_loss":0},{"damage_healed":0,"gold_gain":0,"player_choice":"Forge","damage_taken":0,"max_hp_gain":0,"max_hp_loss":0,"event_name":"Accursed Blacksmith","floor":21,"gold_loss":0,"cards_upgraded":["White Noise"]}],"is_beta":false,"boss_relics":[{"not_picked":["Philosopher\u0027s Stone","White Beast Statue"],"picked":"Black Star"}],"items_purged_floors":[14],"is_endless":false,"potions_floor_spawned":[1,5,10,20,25],"killed_by":"Slavers","ascension_level":1}