{"gold_per_floor":[115,134,154,154,154,154,154,154,181,191,201,201,276,0,0,0],"floor_reached":16,"playtime":508,"items_purged":["Strike_B"],"score":90,"play_id":"9fe37d82-23ae-44bb-8692-e4dcf4315e35","local_time":"20190216104433","is_ascension_mode":false,"campfire_choices":[{"data":"Zap","floor":6,"key":"SMITH"},{"data":"Redo","floor":8,"key":"SMITH"},{"data":"Glacier","floor":12,"key":"SMITH"},{"data":"Chill","floor":15,"key":"SMITH"}],"neow_cost":"NONE","seed_source_timestamp":233112398524800,"circlet_count":0,"master_deck":["Strike_B","Defend_B","Defend_B","Defend_B","Defend_B","Zap+1","Dualcast","Chill+1","Redo+1","Blizzard","Glacier+1","Conserve Battery"],"relics":["Cracked Core","PreservedInsect","Lantern"],"potions_floor_usage":[],"damage_taken":[{"damage":1,"enemies":"2 Louse","floor":1,"turns":2},{"damage":4,"enemies":"Jaw Worm","floor":2,"turns":4},{"damage":5,"enemies":"Small Slimes","floor":3,"turns":4},{"damage":0,"enemies":"Exordium Wildlife","floor":10,"turns":5},{"damage":9,"enemies":"3 Louse","floor":11,"turns":3},{"damage":53,"enemies":"Hexaghost","floor":16,"turns":16}],"seed_played":"2656059277803535581","potions_obtained":[{"floor":1,"key":"Ancient Potion"},{"floor":2,"key":"Poison Potion"},{"floor":11,"key":"SteroidPotion"}],"is_trial":false,"path_per_floor":["M","M","M","?","?","R","?","R","T","M","M","R","?","$","R","B"],"character_chosen":"DEFECT","items_purchased":["Conserve Battery","Lantern"],"campfire_rested":0,"item_purchase_floors":[14,14],"current_hp_per_floor":[74,70,65,65,65,65,70,70,70,70,61,61,50,50,50,0],"gold":0,"neow_bonus":"TRANSFORM_CARD","is_prod":false,"is_daily":false,"chose_seed":false,"campfire_upgraded":4,"win_rate":0,"timestamp":1550331873,"path_taken":["M","M","M","?","?","R","?","R","T","M","M","R","?","$","R","BOSS"],"build_version":"2019-01-23","purchased_purges":1,"victory":false,"max_hp_per_floor":[75,75,75,75,75,75,80,80,80,80,80,80,80,80,80,80],"card_choices":[{"not_picked":["Auto Shields","Static Discharge"],"picked":"Redo","floor":1},{"not_picked":["Lockon","Steam","Leap"],"picked":"SKIP","floor":2},{"not_picked":["Lockon","Recycle"],"picked":"Blizzard","floor":3},{"not_picked":["Rebound","Go for the Eyes","Gash"],"picked":"SKIP","floor":10},{"not_picked":["Conserve Battery","Storm"],"picked":"Glacier","floor":11}],"player_experience":269292,"relics_obtained":[{"floor":9,"key":"PreservedInsect"}],"event_choices":[{"cards_removed":["Strike_B"],"damage_healed":0,"gold_gain":0,"player_choice":"Forget","damage_taken":0,"max_hp_gain":0,"max_hp_loss":0,"event_name":"Living Wall","floor":4,"gold_loss":0},{"damage_healed":0,"gold_gain":0,"player_choice":"Ignored","damage_taken":0,"max_hp_gain":0,"max_hp_loss":0,"event_name":"Liars Game","floor":5,"gold_loss":0},{"damage_healed":0,"gold_gain":0,"player_choice":"Donut","damage_taken":0,"max_hp_gain":5,"max_hp_loss":0,"event_name":"Big Fish","floor":7,"gold_loss":0},{"damage_healed":0,"gold_gain":75,"player_choice":"Gather Gold","damage_taken":11,"max_hp_gain":0,"max_hp_loss":0,"event_name":"World of Goop","floor":13,"gold_loss":0}],"is_beta":false,"boss_relics":[],"items_purged_floors":[14],"is_endless":false,"potions_floor_spawned":[1,2,11],"killed_by":"Hexaghost","ascension_level":0}