{"gold_per_floor":[119,129,147,160,172,172,197,197,197,257,267,267,310,331,331,421,421,445,469,469,469,469,469,500,515,564,611,176,186,186,215,215,215],"floor_reached":33,"playtime":1271,"items_purged":[],"score":572,"play_id":"165f5f46-4c49-4e13-8c4c-725a50c2e85f","local_time":"20190321215647","is_ascension_mode":true,"campfire_choices":[{"data":"Perfected Strike","floor":6,"key":"SMITH"},{"floor":8,"key":"REST"},{"data":"Perfected Strike","floor":15,"key":"SMITH"},{"floor":23,"key":"REST"},{"floor":30,"key":"REST"},{"floor":32,"key":"RECALL"}],"neow_cost":"NONE","seed_source_timestamp":77063140903339,"circlet_count":0,"master_deck":["AscendersBane","Strike_R","Strike_R","Strike_R","Strike_R","Strike_R","Defend_R","Defend_R","Defend_R","Defend_R","Bash","Combust","Shrug It Off","Perfected Strike+1","Shrug It Off","Perfected Strike+1","Bludgeon","Pommel Strike","Twin Strike","Seeing Red+1","Intimidate+1","Immolate","Rage+1","Rage+1","Perfected Strike"],"relics":["Burning Blood","Ancient Tea Set","Bottled Lightning","Toxic Egg 2","Tiny Chest","Bloody Idol","Ice Cream","Fusion Hammer","Gremlin Horn","Mango","MawBank","Charon\u0027s Ashes","FossilizedHelix","Lantern","Pen Nib"],"potions_floor_usage":[3,13,14,24,25,31,33,33],"damage_taken":[{"damage":1,"enemies":"Cultist","floor":1,"turns":4},{"damage":8,"enemies":"Jaw Worm","floor":2,"turns":3},{"damage":0,"enemies":"Small Slimes","floor":3,"turns":3},{"damage":23,"enemies":"Exordium Thugs","floor":4,"turns":6},{"damage":9,"enemies":"3 Louse","floor":5,"turns":3},{"damage":34,"enemies":"3 Sentries","floor":7,"turns":9},{"damage":16,"enemies":"Gremlin Nob","floor":10,"turns":3},{"damage":14,"enemies":"Gremlin Gang","floor":11,"turns":5},{"damage":12,"enemies":"Lagavulin","floor":13,"turns":4},{"damage":1,"enemies":"Looter","floor":14,"turns":3},{"damage":21,"enemies":"Hexaghost","floor":16,"turns":8},{"damage":0,"enemies":"Chosen","floor":18,"turns":4},{"damage":8,"enemies":"Shell Parasite","floor":19,"turns":4},{"damage":15,"enemies":"Book of Stabbing","floor":24,"turns":4},{"damage":30,"enemies":"Centurion and Healer","floor":25,"turns":4},{"damage":34,"enemies":"Slavers","floor":27,"turns":5},{"damage":5,"enemies":"Cultist and Chosen","floor":29,"turns":3},{"damage":6,"enemies":"Book of Stabbing","floor":31,"turns":4},{"damage":86,"enemies":"Automaton","floor":33,"turns":8}],"seed_played":"2609634380166625643","potions_obtained":[{"floor":1,"key":"Explosive Potion"},{"floor":5,"key":"GamblersBrew"},{"floor":10,"key":"FearPotion"},{"floor":14,"key":"Explosive Potion"},{"floor":16,"key":"SkillPotion"},{"floor":27,"key":"LiquidBronze"},{"floor":29,"key":"Dexterity Potion"},{"floor":31,"key":"Block Potion"}],"is_trial":false,"path_per_floor":["M","M","M","M","M","R","E","R","T","E","M","?","E","M","R","B",null,"M","M","?","T","?","R","E","M","T","E","$","M","R","E","R","B"],"character_chosen":"IRONCLAD","items_purchased":["FossilizedHelix","Lantern"],"campfire_rested":3,"item_purchase_floors":[28,28],"current_hp_per_floor":[73,71,75,58,55,55,27,49,49,39,31,31,25,30,30,15,55,61,59,59,59,59,68,78,59,64,46,51,57,81,82,82,0],"gold":215,"neow_bonus":"RANDOM_COMMON_RELIC","is_prod":false,"is_daily":false,"chose_seed":false,"campfire_upgraded":2,"win_rate":0,"timestamp":1553219807,"path_taken":["M","M","M","?","M","R","E","R","T","E","M","?","E","M","R","BOSS","M","M","?","?","?","R","E","M","T","E","$","M","R","E","R","BOSS"],"build_version":"2019-01-23","purchased_purges":0,"victory":false,"max_hp_per_floor":[75,75,75,75,75,75,75,75,75,75,75,68,68,68,68,68,68,68,68,68,68,68,68,82,82,82,82,82,82,82,82,82,82],"card_choices":[{"not_picked":["Second Wind","Cleave"],"picked":"Combust","floor":1},{"not_picked":["Twin Strike","Searing Blow"],"picked":"Shrug It Off","floor":2},{"not_picked":["Iron Wave","Cleave"],"picked":"Perfected Strike","floor":3},{"not_picked":["Anger","Cleave"],"picked":"Shrug It Off","floor":4},{"not_picked":["True Grit","Rampage"],"picked":"Perfected Strike","floor":5},{"not_picked":["True Grit","Flex"],"picked":"Bludgeon","floor":7},{"not_picked":["Wild Strike","Heavy Blade"],"picked":"Pommel Strike","floor":10},{"not_picked":["Dual Wield+1","Headbutt"],"picked":"Twin Strike","floor":11},{"not_picked":["Spot Weakness+1","Iron Wave"],"picked":"Seeing Red+1","floor":13},{"not_picked":["Wild Strike","Shrug It Off+1"],"picked":"Intimidate+1","floor":14},{"not_picked":["Offering+1","Exhume+1"],"picked":"Immolate","floor":16},{"not_picked":["Heavy Blade","Cleave","Hemokinesis"],"picked":"SKIP","floor":18},{"not_picked":["Armaments+1","Flex+1"],"picked":"Rage+1","floor":19},{"not_picked":["Fire Breathing","Sword Boomerang","Whirlwind"],"picked":"SKIP","floor":24},{"not_picked":["Bloodletting+1","Disarm+1"],"picked":"Rage+1","floor":25},{"not_picked":["Anger","Infernal Blade+1","Body Slam"],"picked":"SKIP","floor":27},{"not_picked":["Brutality","Intimidate+1","Havoc+1"],"picked":"SKIP","floor":29},{"not_picked":["Flex+1","Sword Boomerang"],"picked":"Perfected Strike","floor":31}],"player_experience":321521,"relics_obtained":[{"floor":7,"key":"Bottled Lightning"},{"floor":9,"key":"Toxic Egg 2"},{"floor":10,"key":"Tiny Chest"},{"floor":13,"key":"Ice Cream"},{"floor":21,"key":"Gremlin Horn"},{"floor":24,"key":"Mango"},{"floor":26,"key":"MawBank"},{"floor":27,"key":"Charon\u0027s Ashes"},{"floor":31,"key":"Pen Nib"}],"event_choices":[{"damage_healed":0,"gold_gain":0,"player_choice":"Lose Max HP","damage_taken":0,"relics_obtained":["Golden Idol"],"max_hp_gain":0,"max_hp_loss":7,"event_name":"Golden Idol","floor":12,"gold_loss":0},{"damage_healed":0,"gold_gain":0,"player_choice":"Gave Idol","damage_taken":0,"relics_obtained":["Bloody Idol"],"max_hp_gain":0,"max_hp_loss":0,"event_name":"Forgotten Altar","floor":20,"relics_lost":["Golden Idol"],"gold_loss":0},{"damage_healed":0,"gold_gain":0,"player_choice":"Got Potions","damage_taken":0,"max_hp_gain":0,"max_hp_loss":0,"event_name":"Lab","floor":22,"gold_loss":0}],"is_beta":false,"boss_relics":[{"not_picked":["Empty Cage","Busted Crown"],"picked":"Fusion Hammer"}],"items_purged_floors":[],"is_endless":false,"potions_floor_spawned":[1,5,10,14,16,27,29,31],"killed_by":"Automaton","ascension_level":15}