{"gold_per_floor":[113,263,263,280,93,93,121,133,133,144,154,165,183,198,198,198],"floor_reached":16,"playtime":874,"items_purged":["Strike_R"],"score":262,"play_id":"ad0514f6-e009-4bc8-9df6-4a79fa214ffa","local_time":"20190324222259","is_ascension_mode":true,"campfire_choices":[{"data":"Rampage","floor":6,"key":"SMITH"},{"data":"Barricade","floor":15,"key":"SMITH"}],"neow_cost":"NONE","seed_source_timestamp":7735237200988,"circlet_count":0,"master_deck":["AscendersBane","Strike_R","Strike_R","Strike_R","Strike_R","Defend_R","Defend_R","Defend_R","Defend_R","Bash","Rampage+1","True Grit","Clothesline","Barricade+1","Body Slam","Intimidate","Pummel","Intimidate"],"relics":["Burning Blood","NeowsBlessing","Dead Branch"],"potions_floor_usage":[10,12,14,14],"damage_taken":[{"damage":0,"enemies":"Jaw Worm","floor":1,"turns":1},{"damage":0,"enemies":"2 Louse","floor":4,"turns":1},{"damage":0,"enemies":"Gremlin Nob","floor":7,"turns":1},{"damage":1,"enemies":"Cultist","floor":8,"turns":4},{"damage":3,"enemies":"2 Fungi Beasts","floor":10,"turns":2},{"damage":15,"enemies":"Exordium Wildlife","floor":11,"turns":5},{"damage":7,"enemies":"Lots of Slimes","floor":12,"turns":6},{"damage":5,"enemies":"2 Fungi Beasts","floor":13,"turns":3},{"damage":5,"enemies":"Gremlin Gang","floor":14,"turns":3},{"damage":68,"enemies":"Slime Boss","floor":16,"turns":9}],"seed_played":"5977726619175229588","potions_obtained":[{"floor":1,"key":"SneckoOil"},{"floor":7,"key":"PowerPotion"},{"floor":12,"key":"Explosive Potion"},{"floor":13,"key":"Swift Potion"}],"is_trial":false,"path_per_floor":["M","?","?","M","$","R","E","M","T","M","M","M","M","M","R","B"],"character_chosen":"IRONCLAD","items_purchased":["Clothesline","AttackPotion"],"campfire_rested":0,"item_purchase_floors":[5,5],"current_hp_per_floor":[74,74,74,75,75,75,75,75,75,75,66,65,66,67,67,0],"gold":198,"neow_bonus":"THREE_ENEMY_KILL","is_prod":false,"is_daily":false,"chose_seed":false,"campfire_upgraded":2,"win_rate":0,"timestamp":1553458979,"path_taken":["M","?","?","M","$","R","E","M","T","M","M","M","?","M","R","BOSS"],"build_version":"2019-01-23","purchased_purges":1,"victory":false,"max_hp_per_floor":[75,75,75,75,75,75,75,75,75,75,75,75,75,75,75,75],"card_choices":[{"not_picked":["Heavy Blade","Clothesline"],"picked":"Rampage","floor":1},{"not_picked":["Shrug It Off","Warcry"],"picked":"True Grit","floor":4},{"not_picked":["Clothesline","Sword Boomerang"],"picked":"Barricade","floor":7},{"not_picked":["True Grit","Clothesline"],"picked":"Body Slam","floor":8},{"not_picked":["Body Slam","Flex"],"picked":"Intimidate","floor":10},{"not_picked":["Clash","Burning Pact"],"picked":"Pummel","floor":11},{"not_picked":["Pommel Strike","True Grit","Flex"],"picked":"SKIP","floor":12},{"not_picked":["Perfected Strike","Rupture","Twin Strike"],"picked":"SKIP","floor":13},{"not_picked":["Thunderclap","Twin Strike"],"picked":"Intimidate","floor":14}],"player_experience":1598628,"relics_obtained":[{"floor":7,"key":"Dead Branch"}],"event_choices":[{"damage_healed":0,"gold_gain":150,"player_choice":"AGREE","damage_taken":0,"max_hp_gain":0,"max_hp_loss":0,"event_name":"Liars Game","floor":2,"gold_loss":0,"cards_obtained":["Doubt"]},{"cards_removed":["Doubt"],"damage_healed":0,"gold_gain":0,"player_choice":"Removed Curses","damage_taken":0,"max_hp_gain":0,"max_hp_loss":0,"event_name":"Fountain of Cleansing","floor":3,"gold_loss":0}],"is_beta":false,"boss_relics":[],"items_purged_floors":[5],"is_endless":false,"potions_floor_spawned":[1,7,12,13],"killed_by":"Slime Boss","ascension_level":20}