{"gold_per_floor":[19,32,32,107,107,107,107,119,119,154,154,172,189,66,66,66],"floor_reached":16,"playtime":456,"items_purged":["Strike_B"],"score":145,"play_id":"879707f4-7c23-4dd3-9cea-21bb49e6c9b6","local_time":"20180926123347","is_ascension_mode":true,"campfire_choices":[{"data":"Redo","floor":6,"key":"SMITH"},{"floor":11,"key":"REST"},{"data":"Defragment","floor":15,"key":"SMITH"}],"neow_cost":"NO_GOLD","seed_source_timestamp":133773687973828,"circlet_count":0,"master_deck":["Strike_B","Strike_B","Defend_B","Defend_B","Defend_B","Defend_B","Zap","Dualcast","Biased Cognition+1","Hello World","Redo+1","Streamline","Steam","Sweeping Beam","Defragment+1","Conserve Battery"],"relics":["Cracked Core","PreservedInsect","Dead Branch"],"potions_floor_usage":[10,16],"damage_taken":[{"damage":2,"enemies":"2 Louse","floor":1,"turns":2},{"damage":11,"enemies":"Small Slimes","floor":2,"turns":4},{"damage":1,"enemies":"Cultist","floor":8,"turns":3},{"damage":24,"enemies":"Lagavulin","floor":10,"turns":4},{"damage":10,"enemies":"Blue Slaver","floor":12,"turns":4},{"damage":0,"enemies":"Large Slime","floor":13,"turns":4},{"damage":35,"enemies":"Slime Boss","floor":16,"turns":7}],"seed_played":"-2332982875732619965","potions_obtained":[{"floor":1,"key":"SkillPotion"},{"floor":12,"key":"Swift Potion"},{"floor":13,"key":"FocusPotion"}],"is_trial":false,"path_per_floor":["M","M","?","?","?","R","?","M","T","E","R","M","M","$","R"],"character_chosen":"DEFECT","items_purchased":["Conserve Battery"],"campfire_rested":1,"item_purchase_floors":[14],"current_hp_per_floor":[66,55,55,44,44,44,44,43,43,19,41,31,31,31,31,0],"gold":66,"neow_bonus":"THREE_RARE_CARDS","is_prod":false,"is_daily":false,"chose_seed":false,"campfire_upgraded":2,"win_rate":0,"timestamp":1537961627,"path_taken":["M","M","?","?","?","R","?","M","T","E","R","M","?","?","R","BOSS"],"build_version":"2018-09-20","purchased_purges":1,"victory":false,"max_hp_per_floor":[75,75,75,75,75,75,75,75,75,75,75,75,75,75,75,75],"card_choices":[{"not_picked":["Buffer","Fission"],"picked":"Biased Cognition","floor":0},{"not_picked":["Melter","Gash"],"picked":"Hello World","floor":1},{"not_picked":["Consume","Stack"],"picked":"Redo","floor":2},{"not_picked":["Cold Snap","Hologram"],"picked":"Steam","floor":8},{"not_picked":["Heatsinks","Streamline"],"picked":"Sweeping Beam","floor":10},{"not_picked":["Beam Cell","Gash"],"picked":"Defragment","floor":12},{"not_picked":["Rebound","Reinforced Body","Compile Driver"],"picked":"SKIP","floor":13}],"player_experience":421533,"relics_obtained":[{"floor":9,"key":"PreservedInsect"},{"floor":10,"key":"Dead Branch"}],"event_choices":[{"event_name":"Living Wall","player_choice":"Grow","floor":3,"damage_taken":0},{"event_name":"World of Goop","player_choice":"Gather Gold","floor":4,"damage_taken":0},{"event_name":"Purifier","player_choice":"One Purge","floor":5,"damage_taken":0},{"event_name":"Match and Keep!","player_choice":"1 cards matched","floor":7,"damage_taken":0}],"is_beta":false,"boss_relics":[],"items_purged_floors":[14],"is_endless":false,"potions_floor_spawned":[1,12,13],"killed_by":"Slime Boss","ascension_level":9}