{"gold_per_floor":[116,116,130,147,167,167,197,197,197,224,104,124,124,149,149,246,246,260,260,170,182,59,59,89,89,112,112,130,80,97,111,111,111],"floor_reached":33,"playtime":2382,"items_purged":["Strike_G"],"score":300,"play_id":"c681d18f-58df-4020-bae9-058bbe4aa4d6","local_time":"20190324232532","is_ascension_mode":false,"campfire_choices":[{"data":"Neutralize","floor":6,"key":"SMITH"},{"data":"Finisher","floor":8,"key":"SMITH"},{"floor":15,"key":"REST"},{"data":"Envenom","floor":23,"key":"SMITH"},{"data":"Dodge and Roll","floor":25,"key":"SMITH"},{"data":"Venomology","floor":27,"key":"SMITH"},{"data":"Calculated Gamble","floor":32,"key":"SMITH"}],"neow_cost":"NONE","seed_source_timestamp":702044722782600,"circlet_count":0,"master_deck":["Defend_G","Defend_G","Defend_G","Defend_G","Defend_G+1","Strike_G","Strike_G","Survivor","Neutralize+1","Venomology+1","Quick Slash","Finisher+1","Cloak And Dagger+1","PiercingWail","Well Laid Plans","Flying Knee","Cloak And Dagger","Backflip","Envenom+1","Outmaneuver+1","All Out Attack","Dodge and Roll+1","Shame","Endless Agony","Leg Sweep","Calculated Gamble+1"],"relics":["Ring of the Snake","Pantograph","The Courier","Paper Crane","Bag of Marbles","Cursed Key","War Paint","Ninja Scroll","Ancient Tea Set"],"potions_floor_usage":[4,7,7,7,7,10,16,16,16,18,21,21,24,24,24,28,28,30,33,33],"damage_taken":[{"damage":6,"enemies":"Jaw Worm","floor":1,"turns":6},{"damage":0,"enemies":"Small Slimes","floor":3,"turns":3},{"damage":0,"enemies":"Cultist","floor":4,"turns":3},{"damage":7,"enemies":"3 Louse","floor":5,"turns":5},{"damage":16,"enemies":"Gremlin Nob","floor":7,"turns":3},{"damage":18,"enemies":"3 Sentries","floor":10,"turns":10},{"damage":0,"enemies":"Red Slaver","floor":12,"turns":4},{"damage":25,"enemies":"Slime Boss","floor":16,"turns":12},{"damage":0,"enemies":"Shell Parasite","floor":18,"turns":5},{"damage":0,"enemies":"2 Thieves","floor":21,"turns":4},{"damage":26,"enemies":"Slavers","floor":24,"turns":6},{"damage":2,"enemies":"Snecko","floor":28,"turns":8},{"damage":0,"enemies":"Centurion and Healer","floor":30,"turns":6},{"damage":0,"enemies":"Cultist and Chosen","floor":31,"turns":7},{"damage":97,"enemies":"Collector","floor":33,"turns":8}],"seed_played":"-4447615719264175295","potions_obtained":[{"floor":3,"key":"Swift Potion"},{"floor":5,"key":"Energy Potion"},{"floor":10,"key":"GhostInAJar"},{"floor":16,"key":"SneckoOil"},{"floor":18,"key":"AttackPotion"},{"floor":21,"key":"Dexterity Potion"},{"floor":24,"key":"Fruit Juice"}],"is_trial":false,"path_per_floor":["M","?","M","M","M","R","E","R","T","E","$","M","?","T","R","B",null,"M","?","?","M","$","R","E","R","T","R","M","?","M","M","R","B"],"character_chosen":"THE_SILENT","items_purchased":["AttackPotion","Cloak And Dagger","War Paint"],"campfire_rested":1,"item_purchase_floors":[11,11,22],"current_hp_per_floor":[64,69,69,69,62,62,46,46,46,28,28,28,21,21,43,43,75,75,61,61,61,61,61,35,35,35,35,53,53,53,53,53,0],"gold":111,"neow_bonus":"ONE_RANDOM_RARE_CARD","is_prod":false,"is_daily":false,"chose_seed":false,"campfire_upgraded":6,"win_rate":0.0,"timestamp":1553484332,"path_taken":["M","?","M","M","M","R","E","R","T","E","$","M","?","?","R","BOSS","M","?","?","M","$","R","E","R","T","R","?","?","?","M","R","BOSS"],"build_version":"2019-01-23","purchased_purges":1,"victory":false,"max_hp_per_floor":[70,75,75,75,75,75,75,75,75,75,75,75,75,75,75,75,75,75,80,80,80,80,80,80,80,80,80,85,85,85,85,85,85],"card_choices":[{"not_picked":["Sucker Punch","Acrobatics"],"picked":"Quick Slash","floor":1},{"not_picked":["Catalyst","Sucker Punch"],"picked":"Finisher","floor":3},{"not_picked":["Bane","Masterful Stab"],"picked":"Cloak And Dagger","floor":4},{"not_picked":["Sucker Punch","Predator"],"picked":"PiercingWail","floor":5},{"not_picked":["Bouncing Flask","Footwork"],"picked":"Well Laid Plans","floor":7},{"not_picked":["Predator","Heel Hook"],"picked":"Flying Knee","floor":10},{"not_picked":["Quick Slash","Flying Knee"],"picked":"Backflip","floor":12},{"not_picked":["Phantasmal Killer","Glass Knife"],"picked":"Envenom","floor":16},{"not_picked":["Blade Dance","Calculated Gamble+1"],"picked":"Outmaneuver","floor":18},{"not_picked":["Bane","Quick Slash"],"picked":"All Out Attack","floor":21},{"not_picked":["Dagger Throw","Blade Dance"],"picked":"Dodge and Roll","floor":24},{"not_picked":["Dodge and Roll","Prepared+1"],"picked":"Endless Agony","floor":28},{"not_picked":["Acrobatics","Backflip"],"picked":"Leg Sweep","floor":30},{"not_picked":["Sucker Punch","Acrobatics"],"picked":"Calculated Gamble","floor":31}],"player_experience":57406,"relics_obtained":[{"floor":7,"key":"Pantograph"},{"floor":9,"key":"The Courier"},{"floor":10,"key":"Paper Crane"},{"floor":14,"key":"Bag of Marbles"},{"floor":24,"key":"Ninja Scroll"},{"floor":26,"key":"Ancient Tea Set"}],"event_choices":[{"damage_healed":0,"gold_gain":0,"player_choice":"Donut","damage_taken":0,"max_hp_gain":5,"max_hp_loss":0,"event_name":"Big Fish","floor":2,"gold_loss":0},{"cards_removed":["Strike_G"],"damage_healed":0,"gold_gain":0,"player_choice":"Card Removal","damage_taken":7,"max_hp_gain":0,"max_hp_loss":0,"event_name":"Golden Wing","floor":13,"gold_loss":0},{"damage_healed":0,"gold_gain":0,"player_choice":"Shed Blood","damage_taken":19,"max_hp_gain":5,"max_hp_loss":0,"event_name":"Forgotten Altar","floor":19,"gold_loss":0},{"cards_removed":["Strike_G"],"damage_healed":0,"gold_gain":0,"player_choice":"Upgrade and Remove","damage_taken":0,"max_hp_gain":0,"max_hp_loss":0,"event_name":"Designer","floor":20,"gold_loss":90,"cards_upgraded":["Outmaneuver"]},{"damage_healed":0,"gold_gain":0,"player_choice":"Bet on Owner","damage_taken":0,"max_hp_gain":0,"max_hp_loss":0,"event_name":"The Joust","floor":29,"gold_loss":50}],"is_beta":false,"boss_relics":[{"not_picked":["Busted Crown","Pandora\u0027s Box"],"picked":"Cursed Key"}],"items_purged_floors":[11],"is_endless":false,"potions_floor_spawned":[3,5,10,16,18,21,24],"killed_by":"Collector","ascension_level":0}