{"path_per_floor":["M","?","$","M","$","M","R","M","T","?","?","R","E","M","R","B",null,"M","?","?","M","?","R","M","M","T","M","$","R","M","M","R"],"character_chosen":"IRONCLAD","items_purchased":["Panacea","Blind","Headbutt"],"gold_per_floor":[112,112,12,26,26,39,39,52,79,79,79,79,113,124,124,222,222,235,150,150,165,165,165,185,200,200,211,59,59,69,86,86],"floor_reached":33,"campfire_rested":2,"playtime":4018,"current_hp_per_floor":[80,80,80,74,74,75,75,56,56,40,33,57,43,65,65,29,80,61,61,61,51,51,51,57,61,61,34,34,58,53,54,54],"items_purged":[],"gold":86,"play_id":"8ebcc710-1bbf-4c1c-9d6c-f14593759e4c","is_prod":false,"is_daily":false,"is_ascension_mode":false,"campfire_upgraded":4,"path_taken":["M","?","$","M","?","M","R","?","T","?","?","R","E","M","R","BOSS","M","?","?","M","?","R","M","?","T","M","$","R","?","M","R","BOSS"],"build_version":"2018-01-25-PROD3","purchased_purges":1,"victory":false,"master_deck":["Strike_R+1","Strike_R+1","Strike_R+1","Strike_R+1","Strike_R+1","Defend_R+1","Defend_R+1","Defend_R+1","Defend_R+1","Bash+1","Warcry+1","Panacea","Bloodletting+1","Burning Pact","Perfected Strike","Reaper","Bloodletting","Offering+1","Cleave","Offering+1","Burning Pact","Intimidate","Blind","Headbutt","Demon Form","Twin Strike"],"max_hp_per_floor":[80,80,80,80,80,80,80,80,80,80,80,80,80,80,80,80,80,80,80,80,80,80,80,80,80,80,80,80,80,80,80,80],"relics":["Burning Blood","Lantern","Orichalcum","Meat on the Bone","Philosopher\u0027s Stone","Oddly Smooth Stone","Calipers"],"card_choices":[{"not_picked":["Cleave","Uppercut"],"picked":"Warcry"},{"not_picked":["Flex","Clash"],"picked":"Bloodletting"},{"not_picked":["Rage","Thunderclap"],"picked":"Burning Pact"},{"not_picked":["Armaments","Corruption"],"picked":"Perfected Strike"},{"not_picked":["Searing Blow","Rupture"],"picked":"Reaper"},{"not_picked":["Sever Soul","Armaments"],"picked":"Bloodletting"},{"not_picked":["Dark Embrace","Fiend Fire"],"picked":"Offering"},{"not_picked":["Blood for Blood","Second Wind"],"picked":"Cleave"},{"not_picked":["Shockwave","Shrug It Off"],"picked":"Burning Pact"},{"not_picked":["Fire Breathing","Combust"],"picked":"Intimidate"},{"not_picked":["Warcry","Perfected Strike"],"picked":"Demon Form"},{"not_picked":["Thunderclap","True Grit"],"picked":"Twin Strike"}],"player_experience":0,"potions_floor_usage":[16,16,18,25,33,33],"damage_taken":[{"damage":1,"enemies":"Cultist","floor":1,"turns":4},{"damage":12,"enemies":"Jaw Worm","floor":4,"turns":4},{"damage":5,"enemies":"2 Louse","floor":6,"turns":4},{"damage":25,"enemies":"Exordium Thugs","floor":8,"turns":7},{"damage":20,"enemies":"Gremlin Nob","floor":13,"turns":4},{"damage":4,"enemies":"Lots of Slimes","floor":14,"turns":4},{"damage":69,"enemies":"The Guardian","floor":16,"turns":13},{"damage":25,"enemies":"Spheric Guardian","floor":18,"turns":5},{"damage":20,"enemies":"Chosen","floor":21,"turns":6},{"damage":14,"enemies":"3 Cultists","floor":24,"turns":5},{"damage":8,"enemies":"Snecko","floor":25,"turns":3},{"damage":49,"enemies":"Slaver and Parasite","floor":27,"turns":5},{"damage":23,"enemies":"Snake Plant","floor":30,"turns":6},{"damage":17,"enemies":"Snecko","floor":31,"turns":4},{"damage":63,"enemies":"Champ","floor":33,"turns":9}],"event_choices":[{"event_name":"Big Fish","player_choice":"Box","floor":2,"damage_taken":0},{"event_name":"Shining Light","player_choice":"Entered Light","floor":10,"damage_taken":0},{"event_name":"Golden Wing","player_choice":"Card Removal","floor":11,"damage_taken":0},{"event_name":"Addict","player_choice":"Obtained Relic","floor":19,"damage_taken":0},{"event_name":"Duplicator","player_choice":"One dupe","floor":20,"damage_taken":0},{"event_name":"Back to Basics","player_choice":"Simplicity","floor":22,"damage_taken":0}],"boss_relics":[{"not_picked":["Tiny House","Lizard Tail"],"picked":"Philosopher\u0027s Stone"}],"potions_floor_spawned":[4,6,13,18,25,30],"seed_played":"-5451785746416462965","killed_by":"Champ","ascension_level":0,"is_trial":false}