{"gold_per_floor":[360,360,375,153,228,228,255,255,255,282,282,282,282,292,292,395,395,411,411],"floor_reached":19,"playtime":821,"items_purged":["Shame"],"score":234,"play_id":"a6d513d8-6404-4e19-8de7-c4e5db1b2c14","local_time":"20180913223037","is_ascension_mode":true,"campfire_choices":[{"data":"Neutralize","floor":6,"key":"SMITH"},{"data":"Footwork","floor":8,"key":"SMITH"},{"floor":11,"key":"REST"},{"data":"Dodge and Roll","floor":15,"key":"SMITH"}],"neow_cost":"CURSE","seed_source_timestamp":114299738914505,"circlet_count":0,"master_deck":["Defend_G","Defend_G","Defend_G","Defend_G","Defend_G","Strike_G","Strike_G","Strike_G","Strike_G","Survivor","Neutralize+1","Deadly Poison","Neutralize","Envenom+1","Catalyst","Footwork+1","Escape Plan","Flechettes","Dodge and Roll+1","Quick Slash","Corpse Explosion","Outmaneuver+1"],"relics":["Ring of the Snake","Blood Vial","Snake Skull","Pear","Black Star"],"potions_floor_usage":[19,19],"damage_taken":[{"damage":0,"enemies":"Cultist","floor":1,"turns":5},{"damage":0,"enemies":"2 Louse","floor":3,"turns":2},{"damage":17,"enemies":"Lagavulin","floor":7,"turns":7},{"damage":28,"enemies":"3 Sentries","floor":10,"turns":10},{"damage":2,"enemies":"Jaw Worm","floor":14,"turns":3},{"damage":18,"enemies":"Hexaghost","floor":16,"turns":9},{"damage":22,"enemies":"Spheric Guardian","floor":18,"turns":6},{"damage":17,"enemies":"Colosseum Slavers","floor":19,"turns":3},{"damage":38,"enemies":"Colosseum Nobs","floor":19,"turns":3}],"seed_played":"5925763755902212328","potions_obtained":[{"floor":3,"key":"Energy Potion"},{"floor":7,"key":"Energy Potion"},{"floor":14,"key":"Energy Potion"}],"is_trial":false,"path_per_floor":["M","?","M","$","?","R","E","R","T","E","R","?","?","M","R","B",null,"M"],"character_chosen":"THE_SILENT","items_purchased":["Footwork","Escape Plan"],"campfire_rested":1,"item_purchase_floors":[4,4],"current_hp_per_floor":[63,63,63,63,52,52,35,35,35,19,43,43,36,36,36,20,65,45,0],"gold":411,"neow_bonus":"TWO_FIFTY_GOLD","is_prod":false,"is_daily":false,"chose_seed":false,"campfire_upgraded":3,"win_rate":0,"timestamp":1536874237,"path_taken":["M","?","M","$","?","R","E","R","T","E","R","?","?","M","R","BOSS","M","?"],"build_version":"2018-09-06","purchased_purges":1,"victory":false,"max_hp_per_floor":[70,70,70,70,70,70,70,70,70,80,80,80,80,80,80,80,80,80,80],"card_choices":[{"not_picked":["Bane","Quick Slash"],"picked":"Deadly Poison","floor":1},{"not_picked":["Flying Knee","Deadly Poison"],"picked":"Catalyst","floor":3},{"not_picked":["Choke","Catalyst"],"picked":"Flechettes","floor":7},{"not_picked":["Caltrops","Sucker Punch"],"picked":"Dodge and Roll","floor":10},{"not_picked":["Sucker Punch","Finisher"],"picked":"Quick Slash","floor":14},{"not_picked":["Doppelganger","Venomology"],"picked":"Corpse Explosion","floor":16},{"not_picked":["Quick Slash","Dagger Throw"],"picked":"Outmaneuver+1","floor":18}],"player_experience":367463,"relics_obtained":[{"floor":7,"key":"Blood Vial"},{"floor":9,"key":"Snake Skull"},{"floor":10,"key":"Pear"}],"event_choices":[{"event_name":"Match and Keep!","player_choice":"2 cards matched","floor":2,"damage_taken":0},{"event_name":"World of Goop","player_choice":"Gather Gold","floor":5,"damage_taken":0},{"event_name":"Accursed Blacksmith","player_choice":"Forge","floor":12,"damage_taken":0},{"event_name":"Golden Wing","player_choice":"Card Removal","floor":13,"damage_taken":0},{"event_name":"Colosseum","player_choice":"Fight","floor":19,"damage_taken":0},{"event_name":"Colosseum","player_choice":"Fought Nobs","floor":19,"damage_taken":0}],"is_beta":false,"boss_relics":[{"not_picked":["WristBlade","HoveringKite"],"picked":"Black Star"}],"items_purged_floors":[4],"is_endless":false,"potions_floor_spawned":[3,7,14,19],"killed_by":"Colosseum Nobs","ascension_level":7}