{"gold_per_floor":[110,110,129,148,35,61,61,61,87,87,38,72,85,110,110,205,205,216,216,135,135,152,152,152,162,162,162,162,181,210,227,227,227],"floor_reached":33,"playtime":1380,"items_purged":["Strike_R"],"score":464,"play_id":"1dd0868d-5fcc-41b1-b5d9-32f970d86979","local_time":"20190314211917","is_ascension_mode":true,"campfire_choices":[{"data":"Body Slam","floor":7,"key":"SMITH"},{"data":"Barricade","floor":10,"key":"SMITH"},{"floor":15,"key":"REST"},{"floor":23,"key":"REST"},{"data":"Entrench","floor":24,"key":"SMITH"},{"floor":28,"key":"REST"},{"floor":32,"key":"REST"}],"neow_cost":"NONE","seed_source_timestamp":78594202858191,"circlet_count":0,"master_deck":["AscendersBane","Defend_R","Defend_R","Defend_R","Defend_R","Bash+1","Clothesline+1","Body Slam+1","Feel No Pain","Barricade+1","Disarm","Rage","Immolate","Bite","Bite","Bite","Bite","Bite","Entrench+1","Iron Wave+1","Uppercut","Necronomicurse","Flame Barrier","Uppercut","Dropkick+1"],"relics":["Burning Blood","Potion Belt","Whetstone","WingedGreaves","Shuriken","Velvet Choker","StoneCalendar","Necronomicon","Singing Bowl"],"potions_floor_usage":[13,14,21,30,30,33,33],"damage_taken":[{"damage":13,"enemies":"Jaw Worm","floor":1,"turns":5},{"damage":2,"enemies":"Cultist","floor":3,"turns":4},{"damage":0,"enemies":"2 Louse","floor":4,"turns":2},{"damage":46,"enemies":"3 Sentries","floor":6,"turns":13},{"damage":23,"enemies":"Gremlin Nob","floor":12,"turns":5},{"damage":15,"enemies":"Large Slime","floor":13,"turns":8},{"damage":25,"enemies":"Lagavulin","floor":14,"turns":9},{"damage":27,"enemies":"Hexaghost","floor":16,"turns":12},{"damage":40,"enemies":"Spheric Guardian","floor":18,"turns":7},{"damage":34,"enemies":"Colosseum Slavers","floor":21,"turns":4},{"damage":9,"enemies":"Chosen","floor":22,"turns":7},{"damage":16,"enemies":"Snake Plant","floor":25,"turns":7},{"damage":29,"enemies":"Centurion and Healer","floor":29,"turns":4},{"damage":22,"enemies":"Book of Stabbing","floor":30,"turns":4},{"damage":28,"enemies":"Shelled Parasite and Fungi","floor":31,"turns":4},{"damage":62,"enemies":"Collector","floor":33,"turns":7}],"seed_played":"-7351676438779227623","potions_obtained":[{"floor":2,"key":"FearPotion"},{"floor":2,"key":"Fire Potion"},{"floor":6,"key":"LiquidBronze"},{"floor":14,"key":"Explosive Potion"},{"floor":22,"key":"Ancient Potion"},{"floor":29,"key":"Ancient Potion"},{"floor":30,"key":"Energy Potion"},{"floor":31,"key":"AttackPotion"}],"is_trial":false,"path_per_floor":["M","?","M","M","$","E","R","?","T","R","$","E","M","E","R","B",null,"M","?","$","?","M","R","R","M","T","?","R","M","E","M","R","B"],"character_chosen":"IRONCLAD","items_purchased":["Feel No Pain","Block Potion","Entrench"],"campfire_rested":4,"item_purchase_floors":[5,11,20],"current_hp_per_floor":[73,73,77,83,83,43,43,72,72,72,72,55,46,27,53,32,74,40,40,40,22,29,47,47,53,53,37,55,38,28,10,28,0],"gold":227,"neow_bonus":"TEN_PERCENT_HP_BONUS","is_prod":false,"is_daily":false,"chose_seed":false,"campfire_upgraded":3,"win_rate":0,"timestamp":1552612757,"path_taken":["M","?","?","M","?","E","R","?","T","R","$","E","M","E","R","BOSS","M","?","$","?","M","R","R","M","T","?","R","M","E","M","R","BOSS"],"build_version":"2019-01-23","purchased_purges":1,"victory":false,"max_hp_per_floor":[88,88,88,88,88,88,88,88,88,88,88,88,88,88,88,88,88,88,61,61,61,61,61,61,61,61,61,61,61,61,61,61,61],"card_choices":[{"not_picked":["Headbutt","Havoc"],"picked":"Clothesline","floor":1},{"not_picked":["Rupture","Bloodletting","Cleave"],"picked":"SKIP","floor":3},{"not_picked":["Heavy Blade","Clash"],"picked":"Body Slam","floor":4},{"not_picked":["Feel No Pain","Twin Strike"],"picked":"Barricade","floor":6},{"not_picked":["Shockwave","Sever Soul"],"picked":"Disarm","floor":12},{"not_picked":["Infernal Blade","Clash","Body Slam"],"picked":"SKIP","floor":13},{"not_picked":["Second Wind","Dual Wield"],"picked":"Rage","floor":14},{"not_picked":["Exhume","Barricade"],"picked":"Immolate","floor":16},{"not_picked":["Carnage","Combust","Perfected Strike"],"picked":"SKIP","floor":18},{"not_picked":["Flex","Twin Strike"],"picked":"Iron Wave+1","floor":22},{"not_picked":["Twin Strike","Disarm"],"picked":"Uppercut","floor":25},{"not_picked":["Carnage+1","Blood for Blood+1"],"picked":"Flame Barrier","floor":29},{"not_picked":["Disarm","Armaments"],"picked":"Uppercut","floor":30},{"not_picked":["Fire Breathing","Thunderclap"],"picked":"Dropkick+1","floor":31}],"player_experience":297708,"relics_obtained":[{"floor":6,"key":"Potion Belt"},{"floor":9,"key":"Whetstone"},{"floor":12,"key":"WingedGreaves"},{"floor":14,"key":"Shuriken"},{"floor":26,"key":"StoneCalendar"},{"floor":27,"key":"Necronomicon"},{"floor":30,"key":"Singing Bowl"}],"event_choices":[{"damage_healed":0,"gold_gain":0,"player_choice":"Got Potions","damage_taken":0,"max_hp_gain":0,"max_hp_loss":0,"event_name":"Lab","floor":2,"gold_loss":0},{"damage_healed":29,"gold_gain":0,"player_choice":"Banana","damage_taken":0,"max_hp_gain":0,"max_hp_loss":0,"event_name":"Big Fish","floor":8,"gold_loss":0},{"damage_healed":0,"gold_gain":0,"player_choice":"Became a vampire","damage_taken":0,"max_hp_gain":0,"max_hp_loss":27,"event_name":"Vampires","floor":19,"gold_loss":0,"cards_obtained":["Bite","Bite","Bite","Bite","Bite"]},{"damage_healed":0,"gold_gain":0,"player_choice":"Fight","damage_taken":0,"max_hp_gain":0,"max_hp_loss":0,"event_name":"Colosseum","floor":21,"gold_loss":0},{"damage_healed":0,"gold_gain":0,"player_choice":"Fled From Nobs","damage_taken":0,"max_hp_gain":0,"max_hp_loss":0,"event_name":"Colosseum","floor":21,"gold_loss":0},{"damage_healed":0,"gold_gain":0,"player_choice":"Obtained Book","damage_taken":16,"max_hp_gain":0,"max_hp_loss":0,"event_name":"Cursed Tome","floor":27,"gold_loss":0}],"is_beta":false,"boss_relics":[{"not_picked":["Runic Cube","Orrery"],"picked":"Velvet Choker"}],"items_purged_floors":[5],"is_endless":false,"potions_floor_spawned":[3,6,14,22,29,30,31],"killed_by":"Collector","ascension_level":11}