{"gold_per_floor":[365,365,378,33,53,53,88,88,88,102,113,131,150,150,150,252,252,269,284,294,172,188,188,88,106,106,106,106,106,126,138,138,138],"floor_reached":33,"playtime":1686,"items_purged":["Defend_B","Defend_B"],"score":253,"play_id":"deca1374-1815-44c5-bd89-887e3c789d75","local_time":"20180625175345","is_ascension_mode":false,"campfire_choices":[{"data":"Apotheosis","floor":6,"key":"SMITH"},{"floor":15,"key":"REST"},{"floor":23,"key":"REST"},{"data":"Seek","floor":27,"key":"SMITH"},{"data":"Redo","floor":32,"key":"SMITH"}],"neow_cost":"TEN_PERCENT_HP_LOSS","seed_source_timestamp":286190928695077,"circlet_count":0,"master_deck":["Defend_B+1","Defend_B","Zap","Dualcast","Chill","Go for the Eyes+1","Apotheosis+1","Reboot","Seek+1","Leap","Conserve Battery","Barrage+1","Stack","Sunder+1","Thunder Strike+1","Ball Lightning+1","Conserve Battery","Redo+1","Reinforced Body","Hello World","Ball Lightning+1"],"relics":["Cracked Core","Ice Cream","Matryoshka","Dodecahedron","Molten Egg 2","Empty Cage","Omamori","Whetstone"],"potions_floor_usage":[16,16,20,20,33,33],"damage_taken":[{"damage":0,"enemies":"Small Slimes","floor":1,"turns":3},{"damage":1,"enemies":"Cultist","floor":3,"turns":3},{"damage":6,"enemies":"Jaw Worm","floor":5,"turns":2},{"damage":24,"enemies":"Gremlin Nob","floor":7,"turns":4},{"damage":0,"enemies":"3 Louse","floor":10,"turns":3},{"damage":0,"enemies":"2 Fungi Beasts","floor":11,"turns":2},{"damage":5,"enemies":"Blue Slaver","floor":12,"turns":3},{"damage":0,"enemies":"Large Slime","floor":13,"turns":5},{"damage":3,"enemies":"Slime Boss","floor":16,"turns":12},{"damage":0,"enemies":"Shell Parasite","floor":18,"turns":5},{"damage":8,"enemies":"Chosen","floor":19,"turns":5},{"damage":20,"enemies":"Slaver and Parasite","floor":20,"turns":5},{"damage":5,"enemies":"Centurion and Healer","floor":22,"turns":7},{"damage":7,"enemies":"Snake Plant","floor":25,"turns":4},{"damage":0,"enemies":"Chosen and Byrds","floor":30,"turns":7},{"damage":5,"enemies":"Sentry and Sphere","floor":31,"turns":4},{"damage":51,"enemies":"Automaton","floor":33,"turns":6}],"seed_played":"1135050729799109516","potions_obtained":[{"floor":1,"key":"PowerPotion"},{"floor":3,"key":"SmokeBomb"},{"floor":5,"key":"EssenceOfSteel"},{"floor":16,"key":"Poison Potion"},{"floor":19,"key":"LiquidBronze"},{"floor":30,"key":"FocusPotion"},{"floor":31,"key":"SpeedPotion"}],"is_trial":false,"path_per_floor":["M","?","M","$","M","R","E","?","T","M","M","M","M","?","R","B",null,"M","M","M","$","M","R","$","M","T","R","?","?","M","M","R"],"character_chosen":"DEFECT","items_purchased":["Apotheosis","Reboot","Redo"],"campfire_rested":2,"item_purchase_floors":[4,4,21],"current_hp_per_floor":[68,54,53,53,47,47,23,23,23,23,23,18,18,11,31,28,68,68,60,40,40,35,55,55,48,48,48,48,48,48,43,43,0],"gold":138,"neow_bonus":"TWO_FIFTY_GOLD","is_prod":false,"is_daily":false,"chose_seed":false,"campfire_upgraded":3,"win_rate":0,"timestamp":1529960025,"path_taken":["M","?","M","$","M","R","E","?","T","M","?","M","M","?","R","BOSS","M","M","M","$","M","R","$","M","T","R","?","?","M","M","R","BOSS"],"build_version":"2018-06-21v2","purchased_purges":2,"victory":false,"max_hp_per_floor":[68,68,68,68,68,68,68,68,68,68,68,68,68,68,68,68,68,68,68,68,68,68,68,68,68,68,68,68,68,68,68,68,68],"card_choices":[{"not_picked":["Darkness","Chaos"],"picked":"Chill","floor":1},{"not_picked":["Rebound","Steam"],"picked":"Go for the Eyes","floor":3},{"not_picked":["Rebound","Streamline"],"picked":"Seek","floor":5},{"not_picked":["Chaos","Gash"],"picked":"Leap","floor":7},{"not_picked":["Coolheaded","Sweeping Beam+1"],"picked":"Conserve Battery","floor":10},{"not_picked":["Auto Shields","Lockon+1"],"picked":"Barrage+1","floor":11},{"not_picked":["Beam Cell+1","Heatsinks"],"picked":"Stack","floor":12},{"not_picked":["Glacier","Beam Cell+1"],"picked":"Sunder+1","floor":13},{"not_picked":["Buffer","Machine Learning"],"picked":"Thunder Strike+1","floor":16},{"not_picked":["Storm","Steam Power","Streamline+1"],"picked":"SKIP","floor":18},{"not_picked":["Go for the Eyes+1","Coolheaded"],"picked":"Ball Lightning+1","floor":19},{"not_picked":["Barrage+1","Force Field+1"],"picked":"Conserve Battery","floor":20},{"not_picked":["Undo","Beam Cell+1"],"picked":"Reinforced Body","floor":22},{"not_picked":["Static Discharge","Fusion+1"],"picked":"Hello World","floor":25},{"not_picked":["Redo","Glacier"],"picked":"Ball Lightning+1","floor":30},{"not_picked":["Beam Cell+1","Stack","Streamline+1"],"picked":"SKIP","floor":31}],"player_experience":149346,"relics_obtained":[{"floor":7,"key":"Ice Cream"},{"floor":9,"key":"Dodecahedron"},{"floor":9,"key":"Molten Egg 2"},{"floor":26,"key":"Omamori"},{"floor":26,"key":"Whetstone"}],"event_choices":[{"event_name":"Shining Light","player_choice":"Entered Light","floor":2,"damage_taken":0},{"event_name":"Wheel of Change","player_choice":"Relic","floor":8,"damage_taken":0},{"event_name":"Golden Wing","player_choice":"Card Removal","floor":14,"damage_taken":0},{"event_name":"Vampires","player_choice":"Ignored","floor":28,"damage_taken":0},{"event_name":"Back to Basics","player_choice":"Elegance","floor":29,"damage_taken":0}],"boss_relics":[{"not_picked":["Cursed Key","White Beast Statue"],"picked":"Empty Cage"}],"items_purged_floors":[21,24],"is_endless":false,"potions_floor_spawned":[1,3,5,16,19,30,31],"killed_by":"Automaton","ascension_level":0}