{"gold_per_floor":[111,111,123,142,152,167,192,203,203,278,278,290,72,85,85,186,186,197,197,211,100,114,114,147,147,171,182,216,216,240,240,240,343,343,361,361,361,381,8,8,38,51,51,63,63,80,80,90,90,90],"floor_reached":51,"playtime":4469,"items_purged":["Decay"],"score":796,"play_id":"710cd3d2-12df-4a39-af7c-7d1302bc27a3","local_time":"20190329145100","is_ascension_mode":false,"campfire_choices":[{"floor":11,"key":"REST"},{"data":"Armaments","floor":15,"key":"SMITH"},{"data":"Inflame","floor":23,"key":"SMITH"},{"data":"Heavy Blade","floor":25,"key":"SMITH"},{"data":"Pommel Strike","floor":29,"key":"SMITH"},{"data":"Armaments","floor":32,"key":"SMITH"},{"data":"Demon Form","floor":40,"key":"SMITH"},{"data":"Whirlwind","floor":45,"key":"SMITH"},{"data":"Shockwave","floor":49,"key":"SMITH"}],"neow_cost":"NONE","seed_source_timestamp":12344250109877,"circlet_count":0,"master_deck":["Strike_R","Strike_R","Strike_R","Strike_R","Strike_R","Defend_R","Defend_R","Defend_R","Defend_R","Bash","Trip","Spot Weakness","Perfected Strike","Armaments+1","Flame Barrier","Battle Trance","Cleave","Perfected Strike","Metallicize","Armaments+1","Double Tap","Shrug It Off","Inflame+1","Shockwave+1","Battle Trance","Heavy Blade+1","Pommel Strike+1","Demon Form+1","Perfected Strike","Flame Barrier","Whirlwind+1","Perfected Strike","Evolve+1","Twin Strike+1","Flame Barrier","True Grit+1"],"relics":["Burning Blood","Champion Belt","Torii","Bag of Marbles","Snecko Eye","Thread and Needle","Meat on the Bone","Anchor","Busted Crown","Ancient Tea Set","Prayer Wheel","Self Forming Clay"],"potions_floor_usage":[7,14,16,28,33,33],"damage_taken":[{"damage":0,"enemies":"2 Louse","floor":1,"turns":2},{"damage":6,"enemies":"Cultist","floor":3,"turns":3},{"damage":11,"enemies":"Jaw Worm","floor":4,"turns":2},{"damage":11,"enemies":"Exordium Wildlife","floor":5,"turns":5},{"damage":26,"enemies":"Gremlin Gang","floor":6,"turns":6},{"damage":18,"enemies":"Gremlin Nob","floor":7,"turns":4},{"damage":16,"enemies":"Exordium Thugs","floor":8,"turns":4},{"damage":7,"enemies":"Blue Slaver","floor":12,"turns":4},{"damage":11,"enemies":"Large Slime","floor":14,"turns":5},{"damage":0,"enemies":"Slime Boss","floor":16,"turns":8},{"damage":7,"enemies":"2 Thieves","floor":18,"turns":3},{"damage":17,"enemies":"Spheric Guardian","floor":20,"turns":4},{"damage":0,"enemies":"Snecko","floor":22,"turns":4},{"damage":6,"enemies":"Gremlin Leader","floor":24,"turns":6},{"damage":7,"enemies":"Cultist and Chosen","floor":27,"turns":7},{"damage":2,"enemies":"Slavers","floor":28,"turns":5},{"damage":61,"enemies":"Champ","floor":33,"turns":11},{"damage":0,"enemies":"3 Darklings","floor":35,"turns":3},{"damage":0,"enemies":"Orb Walker","floor":38,"turns":2},{"damage":27,"enemies":"Reptomancer","floor":41,"turns":6},{"damage":0,"enemies":"Sphere and 2 Shapes","floor":42,"turns":4},{"damage":14,"enemies":"4 Shapes","floor":44,"turns":1},{"damage":20,"enemies":"Maw","floor":46,"turns":7},{"damage":7,"enemies":"Jaw Worm Horde","floor":48,"turns":3},{"damage":10,"enemies":"Donu and Deca","floor":50,"turns":5}],"seed_played":"609272226548165652","potions_obtained":[{"floor":3,"key":"FearPotion"},{"floor":7,"key":"LiquidBronze"},{"floor":8,"key":"FearPotion"},{"floor":12,"key":"BloodPotion"},{"floor":14,"key":"Energy Potion"},{"floor":24,"key":"Fire Potion"},{"floor":28,"key":"LiquidBronze"},{"floor":33,"key":"AttackPotion"},{"floor":38,"key":"LiquidBronze"},{"floor":41,"key":"SpeedPotion"}],"is_trial":false,"path_per_floor":["M","?","M","M","M","M","E","M","T","?","R","M","$","M","R","B",null,"M","?","M","$","M","R","E","R","T","M","E","R","T","?","R","B",null,"M","?","?","M","$","R","E","M","T","M","R","M","$","M","R","B",null],"character_chosen":"IRONCLAD","items_purchased":["Bag of Marbles","Metallicize","Inflame","Shockwave","Flame Barrier","Whirlwind","Ancient Tea Set"],"campfire_rested":1,"item_purchase_floors":[13,13,21,21,39,39,39],"current_hp_per_floor":[80,80,80,75,70,50,38,28,28,17,41,40,40,43,43,49,80,79,80,69,69,75,75,75,75,75,74,78,78,78,63,63,20,85,85,85,85,85,85,85,64,70,70,62,62,60,60,59,59,55],"gold":90,"neow_bonus":"RANDOM_COLORLESS","is_prod":false,"is_daily":false,"chose_seed":false,"campfire_upgraded":8,"win_rate":0,"timestamp":1553867460,"path_taken":["M","?","?","M","M","M","E","M","T","?","R","M","$","M","R","BOSS","M","?","M","$","M","R","E","R","T","?","E","R","?","?","R","BOSS","M","?","?","M","$","R","E","M","T","M","R","?","$","M","R","BOSS"],"build_version":"2019-01-23","purchased_purges":1,"victory":true,"max_hp_per_floor":[80,80,80,80,80,80,80,80,80,80,80,80,80,80,80,80,80,80,80,80,80,80,80,80,80,80,80,80,80,80,85,85,85,85,85,85,85,85,85,85,85,85,85,85,85,85,85,85,85,85],"card_choices":[{"not_picked":["Thunderclap","Armaments"],"picked":"Spot Weakness","floor":1},{"not_picked":["Ghostly Armor","Carnage"],"picked":"Perfected Strike","floor":3},{"not_picked":["Feel No Pain","Rupture"],"picked":"Armaments","floor":4},{"not_picked":["True Grit","Seeing Red"],"picked":"Flame Barrier","floor":5},{"not_picked":["Rampage","True Grit"],"picked":"Battle Trance","floor":6},{"not_picked":["True Grit","Body Slam"],"picked":"Second Wind","floor":7},{"not_picked":["Heavy Blade","Spot Weakness"],"picked":"Cleave","floor":8},{"not_picked":["Rupture","Sword Boomerang"],"picked":"Perfected Strike","floor":12},{"not_picked":["Disarm","Juggernaut"],"picked":"Armaments","floor":14},{"not_picked":["Brutality","Berserk"],"picked":"Double Tap","floor":16},{"not_picked":["Reckless Charge+1","Thunderclap"],"picked":"Shockwave","floor":18},{"not_picked":["Clothesline","Heavy Blade"],"picked":"Shrug It Off","floor":20},{"not_picked":["Heavy Blade","Carnage"],"picked":"Battle Trance","floor":22},{"not_picked":["Searing Blow+1","Anger"],"picked":"Heavy Blade","floor":24},{"not_picked":["Clash","Iron Wave","Sever Soul"],"picked":"SKIP","floor":27},{"not_picked":["Clash","Ghostly Armor"],"picked":"Pommel Strike","floor":28},{"not_picked":["Limit Break","Exhume"],"picked":"Demon Form","floor":33},{"not_picked":[],"picked":"Perfected Strike","floor":35},{"not_picked":["Havoc"],"picked":"SKIP","floor":38},{"not_picked":["Hemokinesis+1"],"picked":"SKIP","floor":41},{"not_picked":[],"picked":"Perfected Strike","floor":42},{"not_picked":["Clash+1"],"picked":"SKIP","floor":42},{"not_picked":[],"picked":"Evolve+1","floor":44},{"not_picked":["Second Wind+1"],"picked":"SKIP","floor":44},{"not_picked":[],"picked":"Twin Strike+1","floor":46},{"not_picked":[],"picked":"Flame Barrier","floor":46},{"not_picked":[],"picked":"True Grit+1","floor":48},{"not_picked":["Ghostly Armor"],"picked":"SKIP","floor":48}],"player_experience":116179,"relics_obtained":[{"floor":7,"key":"Champion Belt"},{"floor":9,"key":"Torii"},{"floor":24,"key":"Thread and Needle"},{"floor":28,"key":"Meat on the Bone"},{"floor":30,"key":"Anchor"},{"floor":41,"key":"Prayer Wheel"},{"floor":43,"key":"Self Forming Clay"}],"event_choices":[{"damage_healed":0,"gold_gain":0,"player_choice":"Full Heal","damage_taken":0,"max_hp_gain":0,"max_hp_loss":0,"event_name":"Wheel of Change","floor":2,"gold_loss":0},{"damage_healed":0,"gold_gain":75,"player_choice":"Gather Gold","damage_taken":11,"max_hp_gain":0,"max_hp_loss":0,"event_name":"World of Goop","floor":10,"gold_loss":0},{"cards_removed":["Second Wind"],"damage_healed":1,"gold_gain":0,"player_choice":"Offered Uncommon","damage_taken":0,"max_hp_gain":0,"max_hp_loss":0,"event_name":"Bonfire Elementals","floor":19,"gold_loss":0},{"damage_healed":0,"gold_gain":0,"player_choice":"Shed Blood","damage_taken":20,"max_hp_gain":5,"max_hp_loss":0,"event_name":"Forgotten Altar","floor":31,"gold_loss":0},{"cards_removed":["Shockwave"],"damage_healed":0,"gold_gain":0,"player_choice":"Removed Skill","damage_taken":0,"max_hp_gain":0,"max_hp_loss":0,"event_name":"Falling","floor":36,"gold_loss":0},{"damage_healed":0,"gold_gain":0,"player_choice":"Cursed","damage_taken":0,"max_hp_gain":0,"max_hp_loss":0,"event_name":"Wheel of Change","floor":37,"gold_loss":0,"cards_obtained":["Decay"]}],"is_beta":false,"boss_relics":[{"not_picked":["Astrolabe","White Beast Statue"],"picked":"Snecko Eye"},{"not_picked":["Runic Pyramid","Black Star"],"picked":"Busted Crown"}],"items_purged_floors":[39],"is_endless":false,"potions_floor_spawned":[3,7,8,12,14,24,28,33,38,41,44],"ascension_level":0}