{"gold_per_floor":[109,109,126,401,401,161,161,173,197,197,212,223,233,233,233,332,382,399,102,89,89,109,109,109],"floor_reached":24,"playtime":1511,"items_purged":["Regret","Strike_B"],"score":226,"play_id":"4981f069-5f90-402b-977b-6d8b81374646","local_time":"20180816215528","is_ascension_mode":true,"campfire_choices":[{"data":"Defragment","floor":7,"key":"SMITH"},{"data":"White Noise","floor":10,"key":"SMITH"},{"floor":15,"key":"REST"},{"floor":23,"key":"REST"}],"neow_cost":"TEN_PERCENT_HP_LOSS","seed_source_timestamp":105265070440773,"circlet_count":0,"master_deck":["Strike_B","Strike_B+1","Defend_B","Defend_B","Defend_B","Defend_B","Zap","Dualcast","Capacitor","Defragment+1","Finesse","White Noise+1","Seek","Chaos","Redo","Machine Learning","Leap","Compile Driver+1","White Noise"],"relics":["Cracked Core","Ice Cream","Bronze Scales","Tiny House","OrangePellets"],"potions_floor_usage":[16,16,24,24],"damage_taken":[{"damage":0,"enemies":"Small Slimes","floor":1,"turns":3},{"damage":1,"enemies":"Cultist","floor":3,"turns":3},{"damage":3,"enemies":"2 Louse","floor":8,"turns":3},{"damage":9,"enemies":"Blue Slaver","floor":11,"turns":4},{"damage":22,"enemies":"Exordium Thugs","floor":12,"turns":5},{"damage":18,"enemies":"Exordium Wildlife","floor":13,"turns":4},{"damage":24,"enemies":"The Guardian","floor":16,"turns":9},{"damage":7,"enemies":"Chosen","floor":18,"turns":4},{"damage":37,"enemies":"2 Thieves","floor":20,"turns":4},{"damage":29,"enemies":"Centurion and Healer","floor":22,"turns":9},{"damage":34,"enemies":"Gremlin Leader","floor":24,"turns":4}],"seed_played":"-3057870753295006793","potions_obtained":[{"floor":11,"key":"GamblersBrew"},{"floor":12,"key":"AttackPotion"},{"floor":16,"key":"Strength Potion"},{"floor":17,"key":"SneckoOil"},{"floor":18,"key":"Poison Potion"},{"floor":20,"key":"GamblersBrew"}],"is_trial":false,"path_per_floor":["M","?","M","?","?","$","R","M","T","R","M","M","M","?","R","B",null,"M","$","M","$","M","R"],"character_chosen":"DEFECT","items_purchased":["Defragment","Finesse","OrangePellets"],"campfire_rested":2,"item_purchase_floors":[6,6,19],"current_hp_per_floor":[68,61,60,60,65,65,65,62,62,62,53,31,13,13,34,10,78,71,71,34,34,5,28,0],"gold":109,"neow_bonus":"ONE_RARE_RELIC","is_prod":false,"is_daily":false,"chose_seed":false,"campfire_upgraded":2,"win_rate":0,"timestamp":1534452928,"path_taken":["M","?","M","?","?","?","R","M","T","R","M","?","M","?","R","BOSS","M","$","?","?","M","R","E"],"build_version":"2018-08-09","purchased_purges":2,"victory":false,"max_hp_per_floor":[68,68,68,68,73,73,73,73,73,73,73,73,73,73,73,73,78,78,78,78,78,78,78,78],"card_choices":[{"not_picked":["Hologram","Go for the Eyes"],"picked":"Capacitor","floor":1},{"not_picked":["Force Field","Cold Snap","Turbo"],"picked":"SKIP","floor":3},{"not_picked":["Aggregate","Rebound"],"picked":"White Noise","floor":8},{"not_picked":["Cold Snap","Rip and Tear"],"picked":"Seek","floor":11},{"not_picked":["Barrage","Coolheaded"],"picked":"Chaos","floor":12},{"not_picked":["Streamline","Stack"],"picked":"Redo","floor":13},{"not_picked":["Hyperbeam","Multi-Cast"],"picked":"Machine Learning","floor":16},{"not_picked":["Chill","Doom and Gloom"],"picked":"Leap","floor":17},{"not_picked":["Beam Cell","Barrage"],"picked":"Compile Driver+1","floor":18},{"not_picked":["Doom and Gloom+1","Ball Lightning","Go for the Eyes"],"picked":"SKIP","floor":20},{"not_picked":["Gash","Sunder"],"picked":"White Noise","floor":22}],"player_experience":262485,"relics_obtained":[{"floor":9,"key":"Bronze Scales"}],"event_choices":[{"event_name":"Golden Wing","player_choice":"Card Removal","floor":2,"damage_taken":0},{"event_name":"Golden Shrine","player_choice":"Desecrate","floor":4,"damage_taken":0},{"event_name":"Big Fish","player_choice":"Donut","floor":5,"damage_taken":0},{"event_name":"Dead Adventurer","player_choice":"Searched \u00270\u0027 times","floor":14,"damage_taken":0}],"is_beta":false,"boss_relics":[{"not_picked":["Orrery","Black Star"],"picked":"Tiny House"}],"items_purged_floors":[6,19],"is_endless":false,"potions_floor_spawned":[11,12,16,18,20],"killed_by":"Gremlin Leader","ascension_level":4}