{"gold_per_floor":[118,68,143,154,174,186,111,386,386,402,402,5,5,21,21,124,124,143,143,163,88,88,88,54,64,88,268,268,281,300,316,316,413,413,426,441,454,454,415,448,448,448,494,505,505],"floor_reached":45,"playtime":3199,"items_purged":["Strike_B","Regret"],"score":487,"play_id":"98bc5feb-6485-421b-a839-d2f01ed8ac39","local_time":"20190326205425","is_ascension_mode":false,"campfire_choices":[{"data":"Static Discharge","floor":11.0,"key":"SMITH"},{"data":"Zap","floor":13.0,"key":"SMITH"},{"floor":15.0,"key":"REST"},{"data":"Steam","floor":23.0,"key":"SMITH"},{"floor":28.0,"key":"REST"},{"floor":32,"key":"REST"},{"floor":41,"key":"REST"}],"neow_cost":"NONE","seed_source_timestamp":0,"circlet_count":0,"master_deck":["Strike_B","Defend_B","Defend_B","Defend_B","Defend_B","Zap+1","Dualcast","Darkness","Melter","Sunder","Static Discharge+1","Steam+1","Thunder Strike","FTL","Auto Shields","Decay","Defragment","BootSequence+1","Conserve Battery+1","Cold Snap+1","Chill+1","Echo Form","Defragment+1","Ball Lightning","Glacier","Loop","Sweeping Beam+1","Defragment+1","Recycle"],"special_seed":0,"relics":["Cracked Core","Bag of Marbles","Girya","Thread and Needle","Calling Bell","Strawberry","Du-Vu Doll","Mummified Hand","Happy Flower","Philosopher\u0027s Stone","Gambling Chip","Pantograph","Orichalcum"],"potions_floor_usage":[33,33],"damage_taken":[{"damage":3.0,"enemies":"Jaw Worm","floor":1.0,"turns":4.0},{"damage":10.0,"enemies":"Small Slimes","floor":4.0,"turns":3.0},{"damage":1.0,"enemies":"Cultist","floor":5.0,"turns":3.0},{"damage":0.0,"enemies":"3 Louse","floor":6.0,"turns":4.0},{"damage":17.0,"enemies":"Lots of Slimes","floor":10.0,"turns":3.0},{"damage":0.0,"enemies":"2 Fungi Beasts","floor":14.0,"turns":2.0},{"damage":18.0,"enemies":"Slime Boss","floor":16.0,"turns":8.0},{"damage":17.0,"enemies":"Spheric Guardian","floor":18.0,"turns":3.0},{"damage":17.0,"enemies":"2 Thieves","floor":20.0,"turns":3.0},{"damage":8.0,"enemies":"Snake Plant","floor":25.0,"turns":3.0},{"damage":10.0,"enemies":"Sentry and Sphere","floor":29.0,"turns":3.0},{"damage":16.0,"enemies":"Centurion and Healer","floor":30.0,"turns":8.0},{"damage":10,"enemies":"Snecko","floor":31,"turns":6},{"damage":32,"enemies":"Champ","floor":33,"turns":10},{"damage":0,"enemies":"Orb Walker","floor":35,"turns":6},{"damage":8,"enemies":"3 Darklings","floor":36,"turns":7},{"damage":0,"enemies":"Transient","floor":37,"turns":5},{"damage":50,"enemies":"Reptomancer","floor":40,"turns":4},{"damage":25,"enemies":"Writhing Mass","floor":44,"turns":6},{"damage":24,"enemies":"3 Darklings","floor":45,"turns":2}],"seed_played":"2584136209702669001","potions_obtained":[{"floor":1.0,"key":"Regen Potion"},{"floor":10.0,"key":"SkillPotion"},{"floor":16.0,"key":"Explosive Potion"},{"floor":20.0,"key":"Weak Potion"},{"floor":25.0,"key":"Ancient Potion"},{"floor":40,"key":"Dexterity Potion"}],"is_trial":false,"path_per_floor":["M","?","?","M","M","M","$","?","T","M","R","$","R","M","R","B",null,"M","?","M","?","?","R","$","M","T","?","R","M","M","M","R","B",null,"M","M","M","?","$","E","R","?","T","M","M"],"character_chosen":"DEFECT","items_purchased":["Thread and Needle","Defragment","Loop"],"campfire_rested":4,"item_purchase_floors":[12,24,39],"current_hp_per_floor":[72,72,61,51,50,50,50,50,50,33,33,33,33,33,55,37,82,65,65,48,48,48,48,48,40,40,19,42,32,16,6,29,12,79,79,71,71,71,71,21,44,44,44,19,0],"gold":505,"neow_bonus":"RANDOM_COMMON_RELIC","is_prod":false,"is_daily":false,"chose_seed":false,"campfire_upgraded":3,"win_rate":0,"timestamp":1553630065,"path_taken":["M","?","?","M","M","M","?","?","T","?","R","$","R","M","R","BOSS","M","?","?","?","?","R","?","M","T","?","R","M","?","M","R","BOSS","M","M","M","?","?","E","R","?","T","M","M"],"build_version":"2019-01-23","purchased_purges":2,"victory":false,"max_hp_per_floor":[75,75,75,75,75,75,75,75,75,75,75,75,75,75,75,75,82,82,79,79,79,79,79,79,79,79,79,79,79,79,79,79,79,79,79,79,79,79,79,79,79,79,79,79,79],"card_choices":[{"not_picked":["Reprogram","Stack"],"picked":"Darkness","floor":1.0},{"not_picked":["Barrage","Sweeping Beam"],"picked":"Melter","floor":4.0},{"not_picked":["Redo","Consume"],"picked":"Sunder","floor":5.0},{"not_picked":["Sweeping Beam","Stack","Streamline"],"picked":"SKIP","floor":6.0},{"not_picked":["Streamline","Compile Driver"],"picked":"Static Discharge","floor":10.0},{"not_picked":["Ball Lightning","Sunder"],"picked":"Steam","floor":14.0},{"not_picked":["All For One","Rainbow"],"picked":"Thunder Strike","floor":16.0},{"not_picked":["Recycle","Gash"],"picked":"FTL","floor":18.0},{"not_picked":["Go for the Eyes+1","Undo"],"picked":"Auto Shields","floor":20.0},{"not_picked":["Storm","Darkness"],"picked":"BootSequence+1","floor":25.0},{"not_picked":["Turbo","Gash"],"picked":"Conserve Battery+1","floor":29.0},{"not_picked":["Ball Lightning","All For One"],"picked":"Cold Snap+1","floor":30},{"not_picked":["Redo+1","Barrage"],"picked":"Chill+1","floor":31},{"not_picked":["Multi-Cast","Reboot"],"picked":"Echo Form","floor":33},{"not_picked":["Redo","Beam Cell+1"],"picked":"Defragment+1","floor":35},{"not_picked":["Rebound","Reprogram+1"],"picked":"Ball Lightning","floor":36},{"not_picked":["Sunder+1","Leap"],"picked":"Glacier","floor":37},{"not_picked":["Rebound+1","Scrape+1"],"picked":"Sweeping Beam+1","floor":40},{"not_picked":["Coolheaded","Cold Snap+1"],"picked":"Recycle","floor":44}],"player_experience":69160,"relics_obtained":[{"floor":9.0,"key":"Girya"},{"floor":17.0,"key":"Strawberry"},{"floor":17.0,"key":"Du-Vu Doll"},{"floor":17.0,"key":"Mummified Hand"},{"floor":26.0,"key":"Happy Flower"},{"floor":38,"key":"Gambling Chip"},{"floor":40,"key":"Pantograph"},{"floor":43,"key":"Orichalcum"}],"event_choices":[{"cards_removed":["Strike_B"],"damage_healed":0.0,"max_hp_gain":0.0,"max_hp_loss":0.0,"gold_gain":0.0,"event_name":"The Cleric","player_choice":"Card Removal","floor":2.0,"gold_loss":50.0,"damage_taken":0.0},{"damage_healed":0.0,"max_hp_gain":0.0,"max_hp_loss":0.0,"gold_gain":75.0,"event_name":"World of Goop","player_choice":"Gather Gold","floor":3.0,"gold_loss":0.0,"damage_taken":11.0},{"damage_healed":0.0,"max_hp_gain":0.0,"max_hp_loss":0.0,"gold_gain":275.0,"event_name":"Golden Shrine","player_choice":"Desecrate","floor":8.0,"gold_loss":0.0,"damage_taken":0.0,"cards_obtained":["Regret"]},{"cards_removed":["Parasite","Pain","Normality"],"damage_healed":0.0,"max_hp_gain":0.0,"max_hp_loss":0.0,"gold_gain":0.0,"event_name":"Fountain of Cleansing","player_choice":"Removed Curses","floor":19.0,"gold_loss":0.0,"damage_taken":0.0},{"cards_removed":["Strike_B"],"damage_healed":0.0,"max_hp_gain":0.0,"max_hp_loss":0.0,"gold_gain":0.0,"event_name":"Beggar","player_choice":"Gave Gold","floor":21.0,"gold_loss":75.0,"damage_taken":0.0},{"damage_healed":0.0,"max_hp_gain":0.0,"max_hp_loss":0.0,"gold_gain":0.0,"event_name":"Forgotten Altar","player_choice":"Smashed Altar","floor":22.0,"gold_loss":0.0,"damage_taken":0.0,"cards_obtained":["Decay"]},{"damage_healed":0.0,"max_hp_gain":0.0,"max_hp_loss":0.0,"gold_gain":180.0,"event_name":"Knowing Skull","player_choice":"GOLD GOLD ","floor":27.0,"potions_obtained":[],"gold_loss":0.0,"damage_taken":21.0,"cards_obtained":[]},{"damage_healed":0,"gold_gain":0,"player_choice":"Relic","damage_taken":0,"max_hp_gain":0,"max_hp_loss":0,"event_name":"Wheel of Change","floor":38,"gold_loss":0},{"damage_healed":0,"gold_gain":0,"player_choice":"Copied","damage_taken":0,"max_hp_gain":0,"max_hp_loss":0,"event_name":"Duplicator","floor":42,"gold_loss":0,"cards_obtained":["Defragment"]}],"is_beta":false,"boss_relics":[{"not_picked":["Astrolabe","Ectoplasm"],"picked":"Calling Bell"},{"not_picked":["FrozenCore","Coffee Dripper"],"picked":"Philosopher\u0027s Stone"}],"items_purged_floors":[7,12],"is_endless":false,"potions_floor_spawned":[1,10,16,20,25,29,31,40],"killed_by":"3 Darklings","ascension_level":0}