{"gold_per_floor":[111,111,130,147,422,422,449,449,473,169,182,85,85,103,103,204,204,223,122,47,47,67,67,101,101],"floor_reached":25,"playtime":1058,"items_purged":["Regret"],"score":318,"play_id":"4c5f9df7-5dc9-4b07-9e67-d91e0c36bb9d","local_time":"20180926020051","is_ascension_mode":true,"campfire_choices":[{"data":"Fission","floor":6,"key":"SMITH"},{"data":"Defragment","floor":8,"key":"SMITH"},{"data":"White Noise","floor":13,"key":"SMITH"},{"data":"White Noise","floor":15,"key":"SMITH"},{"data":"Buffer","floor":23,"key":"SMITH"}],"neow_cost":"NONE","seed_source_timestamp":95193583868497,"circlet_count":0,"master_deck":["Strike_B","Strike_B","Strike_B","Defend_B+1","Defend_B+1","Defend_B","Defend_B","Zap","Dualcast","White Noise+1","Cold Snap","Ball Lightning","Fission+1","Auto Shields","White Noise+1","Defragment+1","Gash","Seek","Capacitor","Finesse","Buffer+1","Conserve Battery","Panacea"],"relics":["Orrery","War Paint","Ancient Tea Set","Cursed Key","Omamori","Singing Bowl"],"potions_floor_usage":[7,24,24],"damage_taken":[{"damage":0,"enemies":"Cultist","floor":1,"turns":4},{"damage":0,"enemies":"2 Louse","floor":3,"turns":3},{"damage":0,"enemies":"Small Slimes","floor":4,"turns":3},{"damage":4,"enemies":"Lagavulin","floor":7,"turns":8},{"damage":1,"enemies":"Red Slaver","floor":11,"turns":5},{"damage":0,"enemies":"Exordium Wildlife","floor":14,"turns":3},{"damage":15,"enemies":"The Guardian","floor":16,"turns":10},{"damage":12,"enemies":"Shell Parasite","floor":18,"turns":5},{"damage":14,"enemies":"Chosen","floor":22,"turns":5},{"damage":29,"enemies":"Slavers","floor":24,"turns":8},{"damage":37,"enemies":"3 Cultists","floor":25,"turns":4}],"seed_played":"8413298012941266526","potions_obtained":[{"floor":1,"key":"EssenceOfSteel"},{"floor":2,"key":"Weak Potion"},{"floor":2,"key":"SpeedPotion"},{"floor":14,"key":"LiquidBronze"},{"floor":18,"key":"SkillPotion"}],"is_trial":false,"path_per_floor":["M","?","M","M","?","R","E","R","T","$","M","$","R","M","R","B",null,"M","$","?","?","M","R","E"],"character_chosen":"DEFECT","items_purchased":["Seek","Capacitor","Finesse","Panacea"],"campfire_rested":0,"item_purchase_floors":[10,10,12,19],"current_hp_per_floor":[75,75,75,75,75,75,71,71,71,71,70,70,70,70,70,55,70,65,65,65,65,51,51,24,0],"gold":101,"neow_bonus":"BOSS_RELIC","is_prod":false,"is_daily":false,"chose_seed":false,"campfire_upgraded":5,"win_rate":0,"timestamp":1537923651,"path_taken":["M","?","M","M","?","R","E","R","T","?","?","$","R","M","R","BOSS","M","$","?","?","M","R","E","?"],"build_version":"2018-09-20","purchased_purges":1,"victory":false,"max_hp_per_floor":[75,75,75,75,75,75,75,75,75,75,75,75,75,75,75,75,75,75,75,75,75,75,75,77,77],"card_choices":[{"not_picked":["Ball Lightning","Reinforced Body"],"picked":"White Noise","floor":0},{"not_picked":["Lockon","Hologram"],"picked":"Cold Snap","floor":0},{"not_picked":["Rip and Tear","Rebound"],"picked":"Ball Lightning","floor":0},{"not_picked":["Coolheaded","Go for the Eyes"],"picked":"Fission","floor":0},{"not_picked":["Rebound","Beam Cell"],"picked":"Auto Shields","floor":0},{"not_picked":["Steam","Barrage"],"picked":"White Noise","floor":1},{"not_picked":["Rebound","Turbo"],"picked":"Defragment","floor":3},{"not_picked":["Beam Cell","Defragment"],"picked":"Gash","floor":4},{"not_picked":["Rebound","Compile Driver","Ball Lightning"],"picked":"SKIP","floor":7},{"not_picked":["Turbo","Reinforced Body","Coolheaded"],"picked":"SKIP","floor":11},{"not_picked":["Barrage","Capacitor","Turbo"],"picked":"SKIP","floor":14},{"not_picked":["Hyperbeam","Multi-Cast"],"picked":"Buffer","floor":16},{"not_picked":["Stack","Melter"],"picked":"Conserve Battery","floor":18},{"not_picked":["Lockon","Doom and Gloom","Darkness"],"picked":"SKIP","floor":22},{"not_picked":["Doom and Gloom","Reinforced Body","Darkness"],"picked":"Singing Bowl","floor":24}],"player_experience":420475,"relics_obtained":[{"floor":7,"key":"War Paint"},{"floor":9,"key":"Ancient Tea Set"},{"floor":24,"key":"Singing Bowl"}],"event_choices":[{"event_name":"The Lab","player_choice":"Got Potions","floor":2,"damage_taken":0},{"event_name":"Golden Shrine","player_choice":"Desecrate","floor":5,"damage_taken":0},{"event_name":"Beggar","player_choice":"Gave Gold","floor":20,"damage_taken":0},{"event_name":"The Mausoleum","player_choice":"Yes","floor":21,"damage_taken":0}],"is_beta":false,"boss_relics":[{"not_picked":["Ectoplasm","Busted Crown"],"picked":"Cursed Key"}],"items_purged_floors":[10],"is_endless":false,"potions_floor_spawned":[1,14,18],"killed_by":"3 Cultists","ascension_level":9}