{"gold_per_floor":[112,39,39,54,54,54,71,71,140,140,140,152,11,29,29,129,129,142,162,179,179,193,193],"floor_reached":23,"playtime":2155,"items_purged":[],"score":220,"play_id":"6fa1dd55-e0eb-487e-8df6-a6f38dea7ec8","local_time":"20180829001353","is_ascension_mode":true,"campfire_choices":[{"data":"Chaos","floor":6,"key":"SMITH"},{"data":"Redo","floor":8,"key":"SMITH"},{"data":"Self Repair","floor":10,"key":"SMITH"},{"data":"Discovery","floor":15,"key":"SMITH"}],"neow_cost":"","seed_source_timestamp":617101343421119,"circlet_count":0,"master_deck":["Strike_B","Strike_B","Defend_B","Defend_B","Defend_B","Defend_B","Zap","Dualcast","Coolheaded","Self Repair+1","Redo+1","Chaos+1","Consume","Conserve Battery","Discovery+1","Go for the Eyes","Machine Learning","Conserve Battery"],"relics":["Cracked Core","Cables","Nuclear Battery"],"potions_floor_usage":[16,19,20,22,23,23],"damage_taken":[{"damage":5,"enemies":"2 Louse","floor":1,"turns":3},{"damage":1,"enemies":"Cultist","floor":4,"turns":4},{"damage":7,"enemies":"Jaw Worm","floor":7,"turns":3},{"damage":26,"enemies":"Lots of Slimes","floor":12,"turns":4},{"damage":10,"enemies":"2 Fungi Beasts","floor":14,"turns":5},{"damage":58,"enemies":"Slime Boss","floor":16,"turns":14},{"damage":11,"enemies":"Shell Parasite","floor":18,"turns":5},{"damage":3,"enemies":"Chosen","floor":19,"turns":6},{"damage":16,"enemies":"Snecko","floor":20,"turns":5},{"damage":37,"enemies":"Sentry and Sphere","floor":22,"turns":12},{"damage":43,"enemies":"Slavers","floor":23,"turns":3}],"seed_played":"5120931828951430376","potions_obtained":[{"floor":7,"key":"Swift Potion"},{"floor":14,"key":"LiquidBronze"},{"floor":16,"key":"AttackPotion"},{"floor":18,"key":"Block Potion"},{"floor":19,"key":"EssenceOfSteel"},{"floor":20,"key":"Block Potion"},{"floor":22,"key":"FearPotion"}],"is_trial":false,"path_per_floor":["M","$","?","M","?","R","M","R","T","R","$","M","$","M","R","B",null,"M","M","M","?","M"],"character_chosen":"DEFECT","items_purchased":["Self Repair","Discovery","Go for the Eyes"],"campfire_rested":0,"item_purchase_floors":[2,13,13],"current_hp_per_floor":[70,70,70,75,75,75,75,75,75,75,75,59,59,59,59,11,75,74,75,69,69,42,0],"gold":193,"neow_bonus":"","is_prod":false,"is_daily":false,"chose_seed":false,"campfire_upgraded":4,"win_rate":0,"timestamp":1535498033,"path_taken":["M","$","?","?","?","R","M","R","T","R","?","M","$","?","R","BOSS","M","M","?","?","M","E"],"build_version":"2018-08-23v2","purchased_purges":0,"victory":false,"max_hp_per_floor":[75,75,75,75,75,75,75,75,75,75,75,75,75,75,75,75,75,75,75,75,75,75,75],"card_choices":[{"not_picked":["Barrage","Static Discharge"],"picked":"Coolheaded","floor":1},{"not_picked":["Stack","Melter"],"picked":"Redo","floor":4},{"not_picked":["Tempest","Steam Power"],"picked":"Consume","floor":7},{"not_picked":["Glacier","Force Field"],"picked":"Conserve Battery","floor":12},{"not_picked":["Ball Lightning","Scrape","Rebound"],"picked":"SKIP","floor":14},{"not_picked":["Reboot","Seek"],"picked":"Machine Learning","floor":16},{"not_picked":["Barrage","Rebound","Stack"],"picked":"SKIP","floor":18},{"not_picked":["Hello World","Tempest","Reprogram+1"],"picked":"SKIP","floor":19},{"not_picked":["Static Discharge","Aggregate","Recycle+1"],"picked":"SKIP","floor":20},{"not_picked":["Stack","Streamline","Barrage+1"],"picked":"SKIP","floor":22}],"player_experience":272827,"relics_obtained":[{"floor":9,"key":"Cables"}],"event_choices":[{"event_name":"Bonfire Elementals","player_choice":"BASIC","floor":3,"damage_taken":0},{"event_name":"Transmorgrifier","player_choice":"Transform","floor":5,"damage_taken":0},{"event_name":"The Library","player_choice":"Read","floor":21,"damage_taken":0}],"is_beta":false,"boss_relics":[{"not_picked":["Ectoplasm","Black Star"],"picked":"Nuclear Battery"}],"items_purged_floors":[],"is_endless":false,"potions_floor_spawned":[7,14,16,18,19,20,22],"killed_by":"Slavers","ascension_level":4}