{"gold_per_floor":[15,27,27,27,39,73,73,90,137,149,161,173,36,211,211,330,330,344,344,358,358,283,283,297,297],"floor_reached":25,"playtime":1041,"items_purged":["Doubt"],"score":239,"play_id":"3e839c84-7155-45e2-875a-e771ab396ba7","local_time":"20180901000229","is_ascension_mode":true,"campfire_choices":[{"floor":7,"key":"REST"},{"floor":15,"key":"REST"},{"floor":23,"key":"REST"}],"neow_cost":"NO_GOLD","seed_source_timestamp":876741390461529,"circlet_count":0,"master_deck":["Strike_B","Defend_B","Defend_B","Defend_B","Defend_B","Zap","Dualcast","Loop","Reboot","Redo","Defragment","Conserve Battery","Amplify","Conserve Battery","RitualDagger","Fusion+1"],"relics":["Cracked Core","Darkstone Periapt","Bronze Scales","MawBank","Symbiotic Virus","Golden Idol","Oddly Smooth Stone","Inserter"],"potions_floor_usage":[16,25],"damage_taken":[{"damage":8,"enemies":"Small Slimes","floor":1,"turns":4},{"damage":1,"enemies":"Cultist","floor":2,"turns":3},{"damage":1,"enemies":"2 Louse","floor":5,"turns":2},{"damage":43,"enemies":"Lagavulin","floor":6,"turns":8},{"damage":21,"enemies":"Large Slime","floor":8,"turns":5},{"damage":22,"enemies":"Hexaghost","floor":16,"turns":9},{"damage":12,"enemies":"Spheric Guardian","floor":18,"turns":3},{"damage":36,"enemies":"2 Thieves","floor":20,"turns":4},{"damage":11,"enemies":"Centurion and Healer","floor":24,"turns":6},{"damage":36,"enemies":"Book of Stabbing","floor":25,"turns":4}],"seed_played":"-4995519413267365155","potions_obtained":[{"floor":1,"key":"Energy Potion"},{"floor":5,"key":"FocusPotion"},{"floor":6,"key":"Block Potion"},{"floor":21,"key":"SpeedPotion"}],"is_trial":false,"path_per_floor":["M","M","?","?","M","E","R","M","T","$","T","?","$","?","R","B",null,"M","?","M","?","$","R","M"],"character_chosen":"DEFECT","items_purchased":["Oddly Smooth Stone"],"campfire_rested":3,"item_purchase_floors":[13],"current_hp_per_floor":[67,66,66,48,47,4,26,5,5,5,5,5,5,11,33,11,75,63,57,21,21,21,43,32,0],"gold":297,"neow_bonus":"REMOVE_TWO","is_prod":false,"is_daily":false,"chose_seed":false,"campfire_upgraded":0,"win_rate":0,"timestamp":1535756549,"path_taken":["M","M","?","?","?","E","R","M","T","$","?","?","$","?","R","BOSS","M","?","M","?","$","R","M","E"],"build_version":"2018-08-30","purchased_purges":1,"victory":false,"max_hp_per_floor":[75,75,75,75,75,75,75,75,75,75,75,69,69,75,75,75,75,75,75,75,75,75,75,75,75],"card_choices":[{"not_picked":["Steam","Rebound","Rip and Tear"],"picked":"SKIP","floor":1},{"not_picked":["Beam Cell","Cold Snap"],"picked":"Loop","floor":2},{"not_picked":["Doom and Gloom","Reprogram"],"picked":"Redo","floor":5},{"not_picked":["Lockon","Glacier"],"picked":"Defragment","floor":6},{"not_picked":["Chaos","Sweeping Beam"],"picked":"Conserve Battery","floor":8},{"not_picked":["Multi-Cast","Electrodynamics"],"picked":"Amplify","floor":16},{"not_picked":["Cold Snap","Reinforced Body+1"],"picked":"Conserve Battery","floor":18},{"not_picked":["Rebound","Skim","Beam Cell"],"picked":"SKIP","floor":20},{"not_picked":["Conserve Battery","Sweeping Beam+1"],"picked":"Fusion+1","floor":24}],"player_experience":290055,"relics_obtained":[{"floor":6,"key":"Bronze Scales"},{"floor":9,"key":"MawBank"},{"floor":11,"key":"Symbiotic Virus"}],"event_choices":[{"event_name":"Transmorgrifier","player_choice":"Transform","floor":3,"damage_taken":0},{"event_name":"Scrap Ooze","player_choice":"success","floor":4,"damage_taken":18},{"event_name":"Golden Idol","player_choice":"Lose Max HP","floor":12,"damage_taken":0},{"event_name":"Liars Game","player_choice":"agreed","floor":14,"damage_taken":0},{"event_name":"Nest","player_choice":"Joined the Cult","floor":19,"damage_taken":0},{"event_name":"The Lab","player_choice":"Got Potions","floor":21,"damage_taken":0}],"is_beta":false,"boss_relics":[{"not_picked":["Runic Dome","Coffee Dripper"],"picked":"Inserter"}],"items_purged_floors":[22],"is_endless":false,"potions_floor_spawned":[1,5,6],"killed_by":"Book of Stabbing","ascension_level":4}