{"gold_per_floor":[111,111,286,299,374,374,20,20,20,20,43,43,43,58,58,183,183,208,18,18,18,39,39,74,74,74,74,97,97,97,97,97,220,220,240,240,573,583,583,583,259,291,291,302,317,107,107,107,107,107],"floor_reached":51,"playtime":2716,"items_purged":["Doubt","Parasite","Parasite"],"score":1066,"play_id":"983f6de1-9afd-4762-a62f-e58fa53e9dc7","local_time":"20181012173354","is_ascension_mode":true,"campfire_choices":[{"data":"Dualcast","floor":6,"key":"SMITH"},{"data":"Apotheosis","floor":10,"key":"SMITH"},{"data":"Defragment","floor":15,"key":"SMITH"},{"data":"Defragment","floor":23,"key":"SMITH"},{"data":"Rainbow","floor":25,"key":"SMITH"},{"data":"Jack Of All Trades","floor":27,"key":"SMITH"},{"data":"Chaos","floor":29,"key":"SMITH"},{"data":"Rainbow","floor":32,"key":"SMITH"},{"data":"Thinking Ahead","floor":40,"key":"SMITH"},{"data":"Fusion","floor":49,"key":"SMITH"}],"neow_cost":"CURSE","seed_source_timestamp":183317077378407,"circlet_count":0,"master_deck":["Strike_B","Strike_B","Defend_B","Defend_B","Defend_B","Dualcast+1","AscendersBane","Conserve Battery","Turbo","Apotheosis+1","Defragment+1","Coolheaded","Skim","Rainbow+1","Defragment+1","Jack Of All Trades+1","Meteor Strike","Ghostly","Ghostly","Ghostly","Ghostly","Ghostly","Cold Snap+1","Turbo","Chaos+1","Rainbow+1","Hyperbeam","Multi-Cast","Blizzard+1","Thinking Ahead+1","Double Energy+1","Panache","Conserve Battery","Loop","BootSequence+1","Fusion+1","Compile Driver","Madness","Madness"],"relics":["Cracked Core","Ice Cream","Bird Faced Urn","Runic Pyramid","Strawberry","Bag of Marbles","Cursed Key","Du-Vu Doll","Calipers","Cables","Mummified Hand"],"potions_floor_usage":[16,50,50],"damage_taken":[{"damage":9,"enemies":"Small Slimes","floor":1,"turns":3},{"damage":6,"enemies":"2 Louse","floor":4,"turns":3},{"damage":0,"enemies":"Cultist","floor":11,"turns":3},{"damage":1,"enemies":"Blue Slaver","floor":14,"turns":4},{"damage":11,"enemies":"The Guardian","floor":16,"turns":12},{"damage":10,"enemies":"3 Byrds","floor":18,"turns":4},{"damage":0,"enemies":"Chosen","floor":22,"turns":6},{"damage":19,"enemies":"Gremlin Leader","floor":24,"turns":8},{"damage":0,"enemies":"Centurion and Healer","floor":28,"turns":7},{"damage":17,"enemies":"Collector","floor":33,"turns":14},{"damage":14,"enemies":"3 Darklings","floor":35,"turns":5},{"damage":0,"enemies":"Orb Walker","floor":38,"turns":4},{"damage":0,"enemies":"Mind Bloom Boss Battle","floor":39,"turns":5},{"damage":3,"enemies":"Nemesis","floor":42,"turns":7},{"damage":1,"enemies":"3 Darklings","floor":44,"turns":6},{"damage":3,"enemies":"4 Shapes","floor":45,"turns":4},{"damage":11,"enemies":"Donu and Deca","floor":50,"turns":4}],"seed_played":"6511145051779484502","potions_obtained":[{"floor":4,"key":"SpeedPotion"},{"floor":14,"key":"SkillPotion"},{"floor":22,"key":"Strength Potion"},{"floor":28,"key":"LiquidBronze"},{"floor":33,"key":"FocusPotion"}],"is_trial":false,"path_per_floor":["M","?","?","M","?","R","$","?","T","R","M","$","$","M","R","B",null,"M","$","?","?","M","R","E","R","T","R","M","R","?","?","R","B",null,"M","?","?","M","?","R","$","E","T","M","M","$","?","?","R","B"],"character_chosen":"DEFECT","items_purchased":["Apotheosis","Defragment","Jack Of All Trades","Panache","Conserve Battery","Loop","Fusion","Compile Driver"],"campfire_rested":0,"item_purchase_floors":[7,7,19,41,41,41,46,46],"current_hp_per_floor":[59,59,59,53,42,42,42,42,42,42,44,44,44,45,45,36,61,53,53,53,33,33,33,22,22,22,22,26,26,26,26,26,15,34,24,24,24,26,30,30,30,35,35,40,39,37,37,32,32,27],"gold":107,"neow_bonus":"ONE_RARE_RELIC","is_prod":false,"is_daily":false,"chose_seed":false,"campfire_upgraded":10,"win_rate":0,"timestamp":1539362034,"path_taken":["M","?","?","M","?","R","$","?","T","R","?","?","$","M","R","BOSS","M","$","?","?","M","R","E","R","T","R","M","R","?","?","R","BOSS","M","?","?","M","?","R","?","E","T","M","?","$","?","?","R","BOSS"],"build_version":"2018-10-11","purchased_purges":3,"victory":true,"max_hp_per_floor":[75,69,69,69,69,69,69,69,69,69,69,69,69,69,69,69,69,69,66,66,33,33,33,40,40,40,40,40,40,40,40,40,40,40,40,40,40,40,40,40,40,40,40,40,40,37,37,37,37,37],"card_choices":[{"not_picked":["Leap","Storm"],"picked":"Conserve Battery","floor":1},{"not_picked":["Compile Driver","Melter"],"picked":"Turbo","floor":4},{"not_picked":["Steam Power","Steam"],"picked":"Coolheaded","floor":11},{"not_picked":["Go for the Eyes","Streamline"],"picked":"Skim","floor":14},{"not_picked":["Biased Cognition","Electrodynamics"],"picked":"Rainbow","floor":16},{"not_picked":["Beam Cell","Reprogram"],"picked":"Defragment","floor":18},{"not_picked":["Redo+1","Steam"],"picked":"Cold Snap+1","floor":22},{"not_picked":["Auto Shields","Stack"],"picked":"Turbo","floor":24},{"not_picked":["Lockon+1","Gash"],"picked":"Chaos","floor":28},{"not_picked":["Fission","Rainbow"],"picked":"Multi-Cast","floor":33},{"not_picked":["Barrage+1","Leap"],"picked":"Blizzard+1","floor":35},{"not_picked":["Forethought","Discovery"],"picked":"Thinking Ahead","floor":36},{"not_picked":["Streamline+1","Cold Snap+1","Consume"],"picked":"SKIP","floor":38},{"not_picked":["Loop","Stack"],"picked":"Double Energy+1","floor":39},{"not_picked":["Ball Lightning","Beam Cell+1","Gash+1"],"picked":"SKIP","floor":42},{"not_picked":["Beam Cell+1","Turbo+1"],"picked":"BootSequence+1","floor":44},{"not_picked":["Genetic Algorithm","Aggregate+1","Streamline+1"],"picked":"SKIP","floor":45}],"player_experience":458212,"relics_obtained":[{"floor":9,"key":"Bird Faced Urn"},{"floor":24,"key":"Strawberry"},{"floor":26,"key":"Bag of Marbles"},{"floor":39,"key":"Du-Vu Doll"},{"floor":42,"key":"Calipers"},{"floor":43,"key":"Cables"}],"event_choices":[{"event_name":"Golden Idol","player_choice":"Lose Max HP","floor":2,"damage_taken":0},{"event_name":"Liars Game","player_choice":"agreed","floor":3,"damage_taken":0},{"event_name":"World of Goop","player_choice":"Gather Gold","floor":5,"damage_taken":0},{"event_name":"Dead Adventurer","player_choice":"Searched \u00272\u0027 times","floor":8,"damage_taken":0},{"event_name":"Transmorgrifier","player_choice":"Transform","floor":20,"damage_taken":0},{"event_name":"Ghosts","player_choice":"Became a Ghost","floor":21,"damage_taken":0},{"event_name":"Bonfire Elementals","player_choice":"BASIC","floor":30,"damage_taken":0},{"event_name":"Drug Dealer","player_choice":"Became Test Subject","floor":31,"damage_taken":0},{"event_name":"SensoryStone","player_choice":"Memory 1","floor":36,"damage_taken":0},{"event_name":"The Moai Head","player_choice":"Gave Idol","floor":37,"damage_taken":0},{"event_name":"MindBloom","player_choice":"Fight","floor":39,"damage_taken":0},{"event_name":"WeMeetAgain","player_choice":"Potion","floor":47,"damage_taken":0},{"event_name":"Winding Halls","player_choice":"Embrace Madness","floor":48,"damage_taken":0}],"is_beta":false,"boss_relics":[{"not_picked":["FrozenCore","Snecko Eye"],"picked":"Runic Pyramid"},{"not_picked":["Eternal Feather","Fusion Hammer"],"picked":"Cursed Key"}],"items_purged_floors":[7,19,46],"is_endless":false,"potions_floor_spawned":[4,14,22,28,33,35,42,45],"ascension_level":10}