{"path_per_floor":["M","M","?","?","M","R","M","M","T","R","M","T","M","E","R","B",null,"M"],"character_chosen":"IRONCLAD","items_purchased":[],"gold_per_floor":[116,133,133,83,98,98,115,126,150,150,165,165,183,211,211,311,311,330],"floor_reached":19,"campfire_rested":1,"playtime":2226,"current_hp_per_floor":[80,80,80,80,80,80,80,72,72,72,77,77,80,58,80,30,80,29],"items_purged":[],"gold":330,"play_id":"8a7cbad5-d0cb-4fa5-96cd-d6f3ae087c5e","is_prod":false,"is_daily":false,"is_ascension_mode":false,"campfire_upgraded":2,"path_taken":["M","M","?","?","M","R","M","M","T","R","M","?","?","E","R","BOSS","M","M"],"build_version":"2018-02-01-PROD3","purchased_purges":0,"victory":false,"master_deck":["Strike_R+1","Strike_R","Strike_R","Strike_R","Strike_R","Defend_R","Defend_R","Defend_R","Defend_R","Bash","Clash","Flex+1","Disarm+1","Seeing Red+1","Dropkick","Infernal Blade","Sword Boomerang","Feed","Juggernaut","Writhe","Decay","Parasite","Armaments+1"],"max_hp_per_floor":[80,80,80,80,80,80,80,80,80,80,80,80,80,80,80,80,80,80],"relics":["Burning Blood","Unceasing Top","War Paint","Matryoshka","Mummified Hand","Calling Bell","Sundial","Dream Catcher","Ancient Tea Set"],"card_choices":[{"not_picked":["Metallicize","Searing Blow"],"picked":"Clash"},{"not_picked":["Dual Wield","Cleave"],"picked":"Flex"},{"not_picked":["Warcry","True Grit"],"picked":"Disarm"},{"not_picked":["Dual Wield","Uppercut"],"picked":"Seeing Red"},{"not_picked":["Armaments","Metallicize"],"picked":"Dropkick"},{"not_picked":["Sword Boomerang","Blood for Blood"],"picked":"Infernal Blade"},{"not_picked":["Blood for Blood","Thunderclap"],"picked":"Sword Boomerang"},{"not_picked":["Armaments","Sever Soul"],"picked":"Feed"},{"not_picked":["Demon Form","Dark Embrace"],"picked":"Juggernaut"},{"not_picked":["Sword Boomerang","Rampage"],"picked":"Armaments"}],"player_experience":0,"potions_floor_usage":[],"damage_taken":[{"damage":5,"enemies":"Cultist","floor":1,"turns":4},{"damage":1,"enemies":"Jaw Worm","floor":2,"turns":3},{"damage":5,"enemies":"2 Louse","floor":5,"turns":2},{"damage":5,"enemies":"2 Fungi Beasts","floor":7,"turns":4},{"damage":14,"enemies":"Large Slime","floor":8,"turns":5},{"damage":1,"enemies":"Exordium Wildlife","floor":11,"turns":3},{"damage":0,"enemies":"Looter","floor":13,"turns":2},{"damage":28,"enemies":"Lagavulin","floor":14,"turns":4},{"damage":56,"enemies":"The Guardian","floor":16,"turns":8},{"damage":57,"enemies":"3 Byrds","floor":18,"turns":8},{"damage":29,"enemies":"Chosen","floor":19,"turns":6}],"event_choices":[{"event_name":"Big Fish","player_choice":"Box","floor":3,"damage_taken":0},{"event_name":"The Cleric","player_choice":"Card Removal","floor":4,"damage_taken":0}],"boss_relics":[{"not_picked":["Snecko Eye","Black Blood"],"picked":"Calling Bell"}],"potions_floor_spawned":[1,7,13,14,16],"seed_played":"-295259695768540584","killed_by":"Chosen","ascension_level":0,"is_trial":false}