{"gold_per_floor":[15,30,55,5,20,20,48,48,129,8,83,98,98,109,109,182,182,194,194,10,10,22,22,22,34,86,96,96,96,96,26,26,103,103,117,17,17],"floor_reached":37,"playtime":1549,"items_purged":["Strike_R","Decay"],"score":646,"play_id":"07e27b24-401c-448e-8cf8-bd9e17d59dba","local_time":"20190317175505","is_ascension_mode":true,"campfire_choices":[{"data":"Flex","floor":6,"key":"SMITH"},{"data":"Inflame","floor":13,"key":"SMITH"},{"data":"Bash","floor":15,"key":"SMITH"},{"data":"Feed","floor":23,"key":"SMITH"},{"data":"Metallicize","floor":29,"key":"SMITH"},{"data":"Inflame","floor":32,"key":"SMITH"}],"neow_cost":"NO_GOLD","seed_source_timestamp":324898152055400,"circlet_count":0,"master_deck":["AscendersBane","Defend_R","Defend_R","Defend_R","Defend_R","Bash+1","Iron Wave","Flex+1","Shrug It Off","Inflame+1","Thunderclap","Dropkick","Ghostly Armor","Feed+1","Ghostly Armor","Battle Trance","Blind","Cleave","Bite","Bite","Bite","Bite","Bite","Metallicize+1","Writhe","Inflame+1","Barricade"],"relics":["Burning Blood","Art of War","Dodecahedron","Velvet Choker","Bag of Marbles","Red Skull","Cursed Key"],"potions_floor_usage":[7,14,16,25,33,37],"damage_taken":[{"damage":6,"enemies":"Cultist","floor":1,"turns":5},{"damage":23,"enemies":"Jaw Worm","floor":2,"turns":4},{"damage":9,"enemies":"2 Louse","floor":5,"turns":3},{"damage":48,"enemies":"Lagavulin","floor":7,"turns":9},{"damage":10,"enemies":"Looter","floor":12,"turns":5},{"damage":0,"enemies":"Blue Slaver","floor":14,"turns":4},{"damage":27,"enemies":"Hexaghost","floor":16,"turns":11},{"damage":49,"enemies":"Chosen","floor":18,"turns":9},{"damage":19,"enemies":"Shell Parasite","floor":22,"turns":5},{"damage":23,"enemies":"Cultist and Chosen","floor":25,"turns":7},{"damage":22,"enemies":"Centurion and Healer","floor":27,"turns":7},{"damage":77,"enemies":"Automaton","floor":33,"turns":12},{"damage":14,"enemies":"Orb Walker","floor":35,"turns":5},{"damage":73,"enemies":"2 Orb Walkers","floor":37,"turns":4}],"seed_played":"-282790814047969936","potions_obtained":[{"floor":2,"key":"Fire Potion"},{"floor":5,"key":"BloodPotion"},{"floor":7,"key":"AttackPotion"},{"floor":22,"key":"Poison Potion"},{"floor":25,"key":"GamblersBrew"},{"floor":33,"key":"LiquidBronze"}],"is_trial":false,"path_per_floor":["M","M","T","?","M","R","E","?","T","$","?","M","R","M","R","B",null,"M","?","$","?","M","R","?","M","T","M","?","R","?","$","R","B",null,"M","$","?"],"character_chosen":"IRONCLAD","items_purchased":["Thunderclap","Battle Trance","Blind","Cleave","Inflame"],"campfire_rested":0,"item_purchase_floors":[10,20,20,20,31],"current_hp_per_floor":[72,61,61,61,66,66,27,20,20,20,9,15,15,32,32,21,62,25,25,25,25,27,27,27,26,26,34,34,34,69,69,69,26,58,60,60,0],"gold":17,"neow_bonus":"THREE_RARE_CARDS","is_prod":false,"is_daily":false,"chose_seed":false,"campfire_upgraded":6,"win_rate":0,"timestamp":1552845305,"path_taken":["M","?","?","?","M","R","E","?","T","$","?","M","R","?","R","BOSS","M","?","$","?","M","R","?","M","T","M","?","R","?","$","R","BOSS","M","$","?"],"build_version":"2019-01-23","purchased_purges":2,"victory":false,"max_hp_per_floor":[75,75,75,75,75,75,75,75,75,75,75,75,75,75,75,75,75,75,75,75,52,55,55,55,59,59,59,59,59,69,69,69,69,69,69,69,69],"card_choices":[{"not_picked":["Immolate","Fiend Fire"],"picked":"Reaper","floor":0},{"not_picked":["Sword Boomerang","Battle Trance"],"picked":"Iron Wave","floor":1},{"not_picked":["Intimidate","Reaper"],"picked":"Flex","floor":2},{"not_picked":["Clothesline","Wild Strike"],"picked":"Shrug It Off","floor":5},{"not_picked":["Flame Barrier","True Grit"],"picked":"Inflame","floor":7},{"not_picked":["Clothesline","Iron Wave"],"picked":"Dropkick","floor":12},{"not_picked":["Power Through","Disarm"],"picked":"Ghostly Armor","floor":14},{"not_picked":["Offering","Demon Form"],"picked":"Feed","floor":16},{"not_picked":["Wild Strike","Anger"],"picked":"Ghostly Armor","floor":18},{"not_picked":["Clash+1","Heavy Blade","Body Slam"],"picked":"SKIP","floor":22},{"not_picked":["Bloodletting+1","Shrug It Off"],"picked":"Metallicize","floor":25},{"not_picked":["True Grit","Perfected Strike","Wild Strike+1"],"picked":"SKIP","floor":27},{"not_picked":["Exhume","Immolate"],"picked":"Barricade","floor":33},{"not_picked":["Corruption","Perfected Strike+1","Warcry+1"],"picked":"SKIP","floor":35}],"player_experience":613182,"relics_obtained":[{"floor":7,"key":"Art of War"},{"floor":9,"key":"Dodecahedron"},{"floor":26,"key":"Bag of Marbles"}],"event_choices":[{"cards_removed":["Strike_R"],"damage_healed":0,"gold_gain":0,"player_choice":"Card Removal","damage_taken":0,"max_hp_gain":0,"max_hp_loss":0,"event_name":"The Cleric","floor":4,"gold_loss":50},{"cards_removed":["Strike_R"],"damage_healed":0,"gold_gain":0,"player_choice":"Card Removal","damage_taken":7,"max_hp_gain":0,"max_hp_loss":0,"event_name":"Golden Wing","floor":8,"gold_loss":0},{"damage_healed":0,"gold_gain":75,"player_choice":"Gather Gold","damage_taken":11,"max_hp_gain":0,"max_hp_loss":0,"event_name":"World of Goop","floor":11,"gold_loss":0},{"damage_healed":0,"gold_gain":0,"player_choice":"Ignored","damage_taken":0,"max_hp_gain":0,"max_hp_loss":0,"event_name":"Cursed Tome","floor":19,"gold_loss":0},{"damage_healed":0,"gold_gain":0,"player_choice":"Became a vampire","damage_taken":0,"max_hp_gain":0,"max_hp_loss":23,"event_name":"Vampires","floor":21,"gold_loss":0,"cards_obtained":["Bite","Bite","Bite","Bite","Bite"]},{"damage_healed":0,"gold_gain":0,"player_choice":"Smashed Altar","damage_taken":0,"max_hp_gain":0,"max_hp_loss":0,"event_name":"Forgotten Altar","floor":24,"gold_loss":0,"cards_obtained":["Decay"]},{"damage_healed":0,"gold_gain":0,"player_choice":"Opened","damage_taken":0,"relics_obtained":["Red Skull"],"max_hp_gain":0,"max_hp_loss":0,"event_name":"The Mausoleum","floor":28,"gold_loss":0,"cards_obtained":["Writhe"]},{"cards_removed":["Reaper"],"damage_healed":25,"gold_gain":0,"player_choice":"Offered Rare","damage_taken":0,"max_hp_gain":10,"max_hp_loss":0,"event_name":"Bonfire Elementals","floor":30,"gold_loss":0},{"damage_healed":0,"gold_gain":0,"player_choice":"Fight","damage_taken":0,"max_hp_gain":0,"max_hp_loss":0,"event_name":"Mysterious Sphere","floor":37,"gold_loss":0}],"is_beta":false,"boss_relics":[{"not_picked":["Fusion Hammer","Sozu"],"picked":"Velvet Choker"},{"not_picked":["Orrery","Coffee Dripper"],"picked":"Cursed Key"}],"items_purged_floors":[10,36],"is_endless":false,"potions_floor_spawned":[2,5,7,12,22,25,33],"killed_by":"2 Orb Walkers","ascension_level":14}