{"gold_per_floor":[116,136,311,311,335,372,459,471],"floor_reached":8,"playtime":274,"items_purged":[],"score":64,"play_id":"541fce5a-26c2-4370-875b-f65b8e9958a0","local_time":"20190330132251","is_ascension_mode":true,"campfire_choices":[],"neow_cost":"NONE","seed_source_timestamp":12930893880300,"circlet_count":0,"master_deck":["Strike_B","Strike_B","Strike_B","Strike_B","Defend_B","Defend_B","Defend_B","Defend_B","Zap","Dualcast","Go for the Eyes","Streamline","Doubt","Regret","Gash","Auto Shields"],"relics":["Cracked Core","NeowsBlessing","MawBank","Regal Pillow"],"potions_floor_usage":[6],"damage_taken":[{"damage":0,"enemies":"Cultist","floor":1,"turns":1},{"damage":0,"enemies":"Small Slimes","floor":2,"turns":1},{"damage":0,"enemies":"2 Louse","floor":5,"turns":1},{"damage":48,"enemies":"Lagavulin","floor":6,"turns":8},{"damage":29,"enemies":"Gremlin Nob","floor":8,"turns":3}],"seed_played":"-1888097740662225761","potions_obtained":[{"floor":5,"key":"EssenceOfSteel"},{"floor":6,"key":"Energy Potion"}],"is_trial":false,"path_per_floor":["M","M","?","?","M","E","?","E"],"character_chosen":"DEFECT","items_purchased":[],"campfire_rested":0,"item_purchase_floors":[],"current_hp_per_floor":[75,75,75,75,75,27,16,0],"gold":471,"neow_bonus":"THREE_ENEMY_KILL","is_prod":false,"is_daily":false,"chose_seed":false,"campfire_upgraded":0,"win_rate":0,"timestamp":1553962971,"path_taken":["M","M","?","?","M","E","?","E"],"build_version":"2019-01-23","purchased_purges":0,"victory":false,"max_hp_per_floor":[75,75,75,75,75,75,75,75],"card_choices":[{"not_picked":["Turbo","Glacier"],"picked":"Go for the Eyes","floor":1},{"not_picked":["Cold Snap","Barrage"],"picked":"Streamline","floor":2},{"not_picked":["Consume","Cold Snap"],"picked":"Gash","floor":5},{"not_picked":["Fusion","Doom and Gloom"],"picked":"Auto Shields","floor":6}],"player_experience":324273,"relics_obtained":[{"floor":6,"key":"Regal Pillow"}],"event_choices":[{"damage_healed":0,"gold_gain":175,"player_choice":"AGREE","damage_taken":0,"max_hp_gain":0,"max_hp_loss":0,"event_name":"Liars Game","floor":3,"gold_loss":0,"cards_obtained":["Doubt"]},{"damage_healed":0,"gold_gain":0,"player_choice":"Box","damage_taken":0,"relics_obtained":["MawBank"],"max_hp_gain":0,"max_hp_loss":0,"event_name":"Big Fish","floor":4,"gold_loss":0,"cards_obtained":["Regret"]},{"damage_healed":0,"gold_gain":75,"player_choice":"Gather Gold","damage_taken":11,"max_hp_gain":0,"max_hp_loss":0,"event_name":"World of Goop","floor":7,"gold_loss":0}],"is_beta":false,"boss_relics":[],"items_purged_floors":[],"is_endless":false,"potions_floor_spawned":[5,6],"killed_by":"Gremlin Nob","ascension_level":3}