{"gold_per_floor":[18,34,109,109,126,126,140,151,177,204,169,195,207,207,207,207],"floor_reached":16,"playtime":701,"items_purged":[],"score":196,"play_id":"86342857-9375-46e2-b252-e23dce99a97b","local_time":"20190321195611","is_ascension_mode":true,"campfire_choices":[{"data":"Flex","floor":6,"key":"SMITH"},{"data":"Uppercut","floor":15,"key":"SMITH"}],"neow_cost":"NO_GOLD","seed_source_timestamp":15365476809015,"circlet_count":0,"master_deck":["AscendersBane","Strike_R","Strike_R","Strike_R","Strike_R","Strike_R","Defend_R","Defend_R","Defend_R","Defend_R","Bash","Flex+1","Thunderclap","Whirlwind+1","Flame Barrier+1","Pommel Strike","Heavy Blade","Uppercut+1"],"relics":["Burning Blood","Peace Pipe","Meat on the Bone","Bag of Marbles","Self Forming Clay","Ornamental Fan"],"potions_floor_usage":[8,12,12,16],"damage_taken":[{"damage":9,"enemies":"Jaw Worm","floor":1,"turns":4},{"damage":6,"enemies":"Cultist","floor":2,"turns":4},{"damage":4,"enemies":"2 Louse","floor":5,"turns":3},{"damage":11,"enemies":"Blue Slaver","floor":7,"turns":4},{"damage":12,"enemies":"Lots of Slimes","floor":8,"turns":2},{"damage":27,"enemies":"Lagavulin","floor":10,"turns":8},{"damage":24,"enemies":"3 Sentries","floor":12,"turns":6},{"damage":13,"enemies":"Exordium Wildlife","floor":13,"turns":5},{"damage":36,"enemies":"The Guardian","floor":16,"turns":9}],"seed_played":"-5791926327786668656","potions_obtained":[{"floor":2,"key":"GamblersBrew"},{"floor":5,"key":"EntropicBrew"},{"floor":12,"key":"SmokeBomb"}],"is_trial":false,"path_per_floor":["M","M","?","T","M","R","M","M","T","E","?","E","M","?","R","B"],"character_chosen":"IRONCLAD","items_purchased":[],"campfire_rested":0,"item_purchase_floors":[],"current_hp_per_floor":[65,65,54,54,56,56,51,45,45,36,54,50,55,32,32,0],"gold":207,"neow_bonus":"ONE_RARE_RELIC","is_prod":false,"is_daily":false,"chose_seed":false,"campfire_upgraded":2,"win_rate":0,"timestamp":1553194571,"path_taken":["M","M","?","?","M","R","M","?","T","E","?","E","M","?","R","BOSS"],"build_version":"2019-01-23","purchased_purges":0,"victory":false,"max_hp_per_floor":[75,75,75,75,75,75,75,75,75,75,75,75,75,75,75,75],"card_choices":[{"not_picked":["Heavy Blade","Cleave"],"picked":"Flex","floor":1},{"not_picked":["Flex","Evolve"],"picked":"Thunderclap","floor":2},{"not_picked":["Thunderclap","Havoc","Pummel"],"picked":"SKIP","floor":5},{"not_picked":["Headbutt","Searing Blow"],"picked":"Whirlwind","floor":7},{"not_picked":["Clothesline","Anger"],"picked":"Flame Barrier","floor":8},{"not_picked":["Berserk","Armaments"],"picked":"Pommel Strike","floor":10},{"not_picked":["Entrench","Pommel Strike"],"picked":"Heavy Blade","floor":12},{"not_picked":["Clash","Sword Boomerang"],"picked":"Uppercut","floor":13}],"player_experience":726420,"relics_obtained":[{"floor":4,"key":"Meat on the Bone"},{"floor":9,"key":"Bag of Marbles"},{"floor":10,"key":"Self Forming Clay"},{"floor":12,"key":"Ornamental Fan"}],"event_choices":[{"damage_healed":0,"gold_gain":75,"player_choice":"Gather Gold","damage_taken":11,"max_hp_gain":0,"max_hp_loss":0,"event_name":"World of Goop","floor":3,"gold_loss":0},{"damage_healed":18,"gold_gain":0,"player_choice":"Healed","damage_taken":0,"max_hp_gain":0,"max_hp_loss":0,"event_name":"The Cleric","floor":11,"gold_loss":35},{"damage_healed":0,"gold_gain":0,"player_choice":"Entered Light","damage_taken":23,"max_hp_gain":0,"max_hp_loss":0,"event_name":"Shining Light","floor":14,"gold_loss":0,"cards_upgraded":["Flame Barrier","Whirlwind"]}],"is_beta":false,"boss_relics":[],"items_purged_floors":[],"is_endless":false,"potions_floor_spawned":[2,5,12,13],"killed_by":"The Guardian","ascension_level":15}