{"gold_per_floor":[414,414,53,64,14,25,45,45,125,137,137,151,167,179,179,179],"floor_reached":16,"playtime":1103,"items_purged":["Strike_G"],"score":125,"play_id":"69eb2d62-da12-433a-ae94-4bbde87b9b3e","local_time":"20180905213520","is_ascension_mode":true,"campfire_choices":[{"data":"Neutralize","floor":8,"key":"SMITH"},{"data":"Well Laid Plans","floor":11,"key":"SMITH"},{"floor":15,"key":"REST"}],"neow_cost":"TEN_PERCENT_HP_LOSS","seed_source_timestamp":208792603604945,"circlet_count":0,"master_deck":["Defend_G","Defend_G","Defend_G","Defend_G","Defend_G","Strike_G","Strike_G","Strike_G","Survivor","Neutralize+1","Flying Knee","Well Laid Plans+1","PiercingWail","Backflip","Acrobatics","Outmaneuver","Dodge and Roll","Dagger Throw","PiercingWail"],"relics":["Ring of the Snake","Old Coin","Turnip","Bottled Tornado"],"potions_floor_usage":[12,16,16],"damage_taken":[{"damage":3,"enemies":"Jaw Worm","floor":1,"turns":5},{"damage":0,"enemies":"Small Slimes","floor":4,"turns":5},{"damage":7,"enemies":"Cultist","floor":6,"turns":5},{"damage":3,"enemies":"Red Slaver","floor":7,"turns":4},{"damage":3,"enemies":"3 Louse","floor":10,"turns":3},{"damage":0,"enemies":"Lots of Slimes","floor":12,"turns":5},{"damage":0,"enemies":"Looter","floor":13,"turns":4},{"damage":9,"enemies":"Large Slime","floor":14,"turns":7},{"damage":53,"enemies":"Hexaghost","floor":16,"turns":16}],"seed_played":"-4779733139150662059","potions_obtained":[{"floor":4,"key":"Dexterity Potion"},{"floor":7,"key":"SteroidPotion"},{"floor":10,"key":"GhostInAJar"},{"floor":14,"key":"LiquidBronze"}],"is_trial":false,"path_per_floor":["M","?","$","M","$","M","M","R","T","M","R","M","M","M","R"],"character_chosen":"THE_SILENT","items_purchased":["Turnip","PiercingWail"],"campfire_rested":1,"item_purchase_floors":[3,5],"current_hp_per_floor":[60,53,53,53,53,46,43,43,43,40,40,40,40,31,49,0],"gold":179,"neow_bonus":"ONE_RARE_RELIC","is_prod":false,"is_daily":false,"chose_seed":false,"campfire_upgraded":2,"win_rate":0,"timestamp":1536179720,"path_taken":["M","?","$","M","$","M","M","R","T","M","R","M","?","M","R","BOSS"],"build_version":"2018-08-30","purchased_purges":1,"victory":false,"max_hp_per_floor":[63,63,63,63,63,63,63,63,63,63,63,63,63,63,63,63],"card_choices":[{"not_picked":["Predator","Backflip"],"picked":"Flying Knee","floor":1},{"not_picked":["Dagger Spray","Underhanded Strike"],"picked":"Well Laid Plans","floor":4},{"not_picked":["Outmaneuver","Prepared"],"picked":"Backflip","floor":6},{"not_picked":["Prepared","Blade Dance"],"picked":"Acrobatics","floor":7},{"not_picked":["Riddle With Holes","Bane"],"picked":"Outmaneuver","floor":10},{"not_picked":["Deadly Poison","Underhanded Strike"],"picked":"Dodge and Roll","floor":12},{"not_picked":["Setup","Poisoned Stab"],"picked":"Dagger Throw","floor":13},{"not_picked":["Dodge and Roll","Deadly Poison"],"picked":"PiercingWail","floor":14}],"player_experience":325453,"relics_obtained":[{"floor":9,"key":"Bottled Tornado"}],"event_choices":[{"event_name":"Golden Wing","player_choice":"Card Removal","floor":2,"damage_taken":0}],"is_beta":false,"boss_relics":[],"items_purged_floors":[3],"is_endless":false,"potions_floor_spawned":[4,7,10,14],"killed_by":"Hexaghost","ascension_level":6}