{"gold_per_floor":[217,217,229,241,257,257,222,222,248,281,281,305,340,340,340,340],"floor_reached":16,"playtime":1025,"items_purged":[],"score":127,"play_id":"40852de5-e6d8-4ab9-b48c-d2c6c51afb11","local_time":"20181216215651","is_ascension_mode":true,"campfire_choices":[{"floor":6,"key":"RECALL"},{"floor":8,"key":"REST"},{"floor":15,"key":"REST"}],"neow_cost":"NONE","seed_source_timestamp":2725851637800,"circlet_count":0,"master_deck":["Strike_B","Strike_B","Strike_B","Strike_B","Defend_B","Defend_B","Defend_B","Defend_B","Zap","Dualcast","Sweeping Beam","Rainbow","Turbo","Gash","Static Discharge","Hello World","Conserve Battery","Compile Driver","Doom and Gloom","Regret"],"relics":["Cracked Core","Oddly Smooth Stone","Golden Idol","Happy Flower","Toxic Egg 2"],"potions_floor_usage":[5,13],"damage_taken":[{"damage":7,"enemies":"Small Slimes","floor":1,"turns":3},{"damage":0,"enemies":"Cultist","floor":3,"turns":2},{"damage":7,"enemies":"Jaw Worm","floor":4,"turns":2},{"damage":15,"enemies":"Large Slime","floor":5,"turns":5},{"damage":9,"enemies":"Lagavulin","floor":10,"turns":6},{"damage":11,"enemies":"Blue Slaver","floor":12,"turns":3},{"damage":31,"enemies":"Gremlin Nob","floor":13,"turns":4},{"damage":37,"enemies":"The Guardian","floor":16,"turns":6}],"seed_played":"2200253208996010310","potions_obtained":[{"floor":1,"key":"SkillPotion"},{"floor":12,"key":"Regen Potion"},{"floor":13,"key":"Ancient Potion"}],"is_trial":false,"path_per_floor":["M","?","M","M","M","R","?","R","T","E","?","M","E","?","R","B"],"character_chosen":"DEFECT","items_purchased":[],"campfire_rested":2,"item_purchase_floors":[],"current_hp_per_floor":[68,68,68,61,46,46,64,75,75,66,48,37,15,15,37,0],"gold":340,"neow_bonus":"HUNDRED_GOLD","is_prod":false,"is_daily":false,"chose_seed":false,"campfire_upgraded":0,"win_rate":0,"timestamp":1545004611,"path_taken":["M","?","M","?","M","R","?","R","T","E","?","M","E","?","R","BOSS"],"build_version":"2018-12-13","purchased_purges":0,"victory":false,"max_hp_per_floor":[75,75,75,75,75,75,75,75,75,75,75,75,75,75,75,75],"card_choices":[{"not_picked":["Blizzard","Steam Power"],"picked":"Sweeping Beam","floor":1},{"not_picked":["Go for the Eyes","Tempest"],"picked":"Gash","floor":3},{"not_picked":["Sweeping Beam","Lockon"],"picked":"Static Discharge","floor":4},{"not_picked":["Reprogram","Go for the Eyes"],"picked":"Hello World","floor":5},{"not_picked":["Meteor Strike","Sweeping Beam"],"picked":"Conserve Battery","floor":10},{"not_picked":["Hologram","Stack"],"picked":"Compile Driver","floor":12},{"not_picked":["Compile Driver","Redo"],"picked":"Doom and Gloom","floor":13}],"player_experience":258777,"relics_obtained":[{"floor":10,"key":"Oddly Smooth Stone"},{"floor":13,"key":"Happy Flower"}],"event_choices":[{"damage_healed":0,"gold_gain":0,"player_choice":"2 cards matched","damage_taken":0,"max_hp_gain":0,"max_hp_loss":0,"event_name":"Match and Keep!","floor":2,"gold_loss":0,"cards_obtained":["Rainbow","Turbo"]},{"damage_healed":18,"gold_gain":0,"player_choice":"Healed","damage_taken":0,"max_hp_gain":0,"max_hp_loss":0,"event_name":"The Cleric","floor":7,"gold_loss":35},{"damage_healed":0,"gold_gain":0,"player_choice":"Take Damage","damage_taken":18,"relics_obtained":["Golden Idol"],"max_hp_gain":0,"max_hp_loss":0,"event_name":"Golden Idol","floor":11,"gold_loss":0},{"damage_healed":0,"gold_gain":0,"player_choice":"Box","damage_taken":0,"relics_obtained":["Toxic Egg 2"],"max_hp_gain":0,"max_hp_loss":0,"event_name":"Big Fish","floor":14,"gold_loss":0,"cards_obtained":["Regret"]}],"is_beta":false,"boss_relics":[],"items_purged_floors":[],"is_endless":false,"potions_floor_spawned":[1,12,13],"killed_by":"The Guardian","ascension_level":3}