{"gold_per_floor":[150,150,325,325,387,485,573,687,687,687,20,134,248,275,275,584,584,649,5,64,64,64,165,43,134,134,278,353,405,470,574,586,923,935,1006,283,283,211,302,390,423,423,423,511,511,605,699,793,793,1108,1108,1163,14,14,14,95,95,95,95,95,186,245,330,402,483,483,808,808,854,854,6,91,23,108,193,281,369,5,103,214,302,354,354,676,676,712,819,865,90,184,275,386,386,493,581,682,19,19,19,19,338,338,387,423,508,7,118,203,291,402,483,483,564,3,101,101,101,429,429,488,547,547,547,18,132,213,275,376,431,538],"floor_reached":130,"playtime":3185,"items_purged":[],"score":5895,"play_id":"bec6de10-d4c7-4c2b-b5dd-62120fa49f45","local_time":"20181202232456","daily_mods":["Hoarder","Colorless Cards","Heirloom","Flight","DeadlyEvents","Cursed Run","Elite Swarm","Midas"],"is_ascension_mode":false,"campfire_choices":[{"floor":15,"key":"REST"},{"floor":32,"key":"REST"},{"data":"1","floor":49,"key":"LIFT"},{"data":"2","floor":57,"key":"LIFT"},{"data":"3","floor":58,"key":"LIFT"},{"floor":59,"key":"REST"},{"floor":66,"key":"REST"},{"floor":83,"key":"DIG"},{"floor":98,"key":"DIG"},{"floor":100,"key":"DIG"},{"floor":112,"key":"DIG"},{"floor":117,"key":"DIG"}],"neow_cost":"","seed_source_timestamp":132761921699400,"circlet_count":3,"master_deck":["Demon Form","Echo Form","Strike_R","Strike_R","Strike_R","Strike_R","Strike_R+1","Defend_R","Defend_R","Defend_R","Defend_R","Bash","Anger","Anger","Anger","Injury","Injury","Injury","Doubt","Doubt","Doubt","Whirlwind","Whirlwind","Whirlwind","Dark Embrace","Dark Embrace","Dark Embrace","Bludgeon","Bludgeon","Bludgeon","Juggernaut+1","Juggernaut+1","Injury","Injury","Injury","Pain","Pain","Pain","Fire Breathing+1","Fire Breathing+1","Fire Breathing+1","Panache+1","Panache+1","Panache+1","Reaper","Reaper","Reaper","Limit Break","Limit Break","Limit Break","Doubt","Doubt","Doubt","Clumsy","Clumsy","Clumsy","Immolate","Immolate","Immolate","Twin Strike","Twin Strike","Twin Strike","Mind Blast","Mind Blast","Mind Blast","Flex","Flex","Flex","Rage","Rage","Rage","Immolate","Immolate","Immolate","Metallicize+1","Metallicize+1","Metallicize+1","Pommel Strike+1","Pommel Strike","Pommel Strike","Impervious","Impervious+1","Impervious","Injury","Injury","Injury","Demon Form+1","Demon Form+1","Demon Form+1","Shame","Shame","Shame","Clothesline+1","Clothesline+1","Clothesline+1","Flame Barrier","Flame Barrier+1","Flame Barrier","Double Tap","Double Tap","Double Tap","Normality","Normality","Normality","Apotheosis","Apotheosis","Apotheosis","Cleave","Cleave","Cleave","Heavy Blade+1","Heavy Blade+1","Heavy Blade+1","Perfected Strike+1","Perfected Strike","Perfected Strike","Twin Strike","Twin Strike","Twin Strike","Infernal Blade+1","Infernal Blade+1","Infernal Blade+1","Wild Strike+1","Wild Strike+1","Wild Strike+1","Apotheosis","Apotheosis","Apotheosis","Secret Weapon","Secret Weapon","Secret Weapon","Demon Form+1","Demon Form+1","Demon Form+1","Cleave+1","Cleave+1","Cleave+1","Regret","Regret","Regret","Doubt","Doubt","Doubt","Chrysalis","Chrysalis","Chrysalis","Regret","Regret","Regret","Apotheosis","Apotheosis","Apotheosis","Apotheosis","Apotheosis","Apotheosis","Feed","Feed","Feed","Decay","Decay","Decay","Transmutation","Transmutation","Transmutation","Twin Strike","Twin Strike","Twin Strike","Transmutation+1","Transmutation+1","Transmutation+1","Anger","Anger","Anger","Clumsy","Clumsy","Clumsy","Double Tap+1","Double Tap+1","Double Tap+1","Wild Strike","Wild Strike","Wild Strike","Double Tap+1","Double Tap+1","Double Tap+1","Feed","Feed","Feed","Inflame+1","Inflame+1","Inflame+1","Injury","Injury","Injury","Feed","Feed","Feed","Wild Strike+1","Wild Strike+1","Wild Strike+1","Infernal Blade+1","Infernal Blade+1","Infernal Blade+1","Clothesline","Clothesline","Clothesline","Reaper","Reaper","Reaper","Apotheosis+1","Apotheosis+1","Apotheosis+1","Reaper","Reaper","Reaper","Transmutation+1","Transmutation+1","Transmutation+1","Double Tap+1","Double Tap+1","Double Tap+1","Impervious+1","Impervious+1","Impervious+1","Feed","Feed","Feed","Immolate","Immolate","Immolate","HandOfGreed","HandOfGreed","HandOfGreed","Anger+1","Anger+1","Anger+1","Decay","Decay","Decay","Double Tap+1","Double Tap+1","Double Tap+1","Regret","Regret","Regret","Decay","Decay","Decay","Regret","Regret","Regret","Jack Of All Trades+1","Jack Of All Trades+1","Jack Of All Trades+1","Infernal Blade+1","Infernal Blade+1","Infernal Blade+1","Apotheosis+1","Apotheosis+1","Apotheosis+1","Flex+1","Flex+1","Flex+1","Spot Weakness+1","Spot Weakness+1","Spot Weakness+1","Apotheosis+1","Apotheosis+1","Apotheosis+1","Dramatic Entrance","Dramatic Entrance","Dramatic Entrance","Creative AI+1","Creative AI+1","Creative AI+1","Impervious+1","Impervious+1","Impervious+1","Demon Form+1","Demon Form+1","Demon Form+1","Reaper","Reaper+1","Reaper","Panache+1","Panache+1","Panache+1","Fiend Fire","Fiend Fire","Fiend Fire","Jack Of All Trades+1","Jack Of All Trades+1","Jack Of All Trades+1","Secret Technique+1","Secret Technique+1","Secret Technique+1","HandOfGreed","HandOfGreed","HandOfGreed","Mind Blast","Mind Blast","Mind Blast","Transmutation+1","Transmutation+1","Transmutation+1","The Bomb+1","The Bomb+1","The Bomb+1","Enlightenment+1","Enlightenment+1","Enlightenment+1","Deep Breath+1","Deep Breath+1","Deep Breath+1","Violence+1","Violence+1","Violence+1","Discovery+1","Discovery+1","Discovery+1","PanicButton+1","PanicButton+1","PanicButton+1","Doubt","Doubt","Doubt","Fiend Fire","Fiend Fire","Fiend Fire","Twin Strike","Twin Strike","Twin Strike","Gash","Gash","Gash","Wild Strike","Wild Strike","Wild Strike","Flex+1","Flex+1","Flex+1","Reaper","Reaper","Reaper","Apotheosis+1","Apotheosis+1","Apotheosis+1","Twin Strike","Twin Strike","Twin Strike","Cleave","Cleave","Cleave","Body Slam","Body Slam","Body Slam","Demon Form+1","Demon Form+1","Demon Form+1","Fiend Fire","Fiend Fire","Fiend Fire","Seek+1","Seek+1","Seek+1","Barricade+1","Barricade+1","Barricade+1","Apotheosis+1","Apotheosis+1","Apotheosis+1","Fiend Fire+1","Fiend Fire+1","Fiend Fire+1","Seek+1","Seek+1","Seek+1","Armaments+1","Armaments+1","Armaments+1","Demon Form+1","Demon Form+1","Demon Form+1","Decay","Decay","Decay","Violence+1","Violence+1","Violence+1","Cleave+1","Cleave+1","Cleave+1","Hello World+1","Hello World+1","Hello World+1","Body Slam+1","Body Slam+1","Body Slam+1","Defragment+1","Defragment+1","Defragment+1","Mind Blast+1","Mind Blast+1","Mind Blast+1","Normality","Normality","Normality","Anger+1","Anger+1","Anger+1","Anger+1","Anger+1","Anger+1","Blood for Blood+1","Blood for Blood+1","Blood for Blood+1","Trip+1","Trip+1","Trip+1","Mayhem+1","Mayhem+1","Mayhem+1","Purity+1","Purity+1","Purity+1","Forethought+1","Forethought+1","Forethought+1","Magnetism+1","Magnetism+1","Magnetism+1","Blind+1","Blind+1","Blind+1","Blind+1","Blind+1","Blind+1","Enlightenment+1","Enlightenment+1","Enlightenment+1","Trip+1","Trip+1","Trip+1","The Bomb+1","The Bomb+1","The Bomb+1","Mayhem+1","Mayhem+1","Mayhem+1","Defragment+1","Defragment+1","Defragment+1","Mind Blast+1","Mind Blast+1","Mind Blast+1","A Thousand Cuts+1","A Thousand Cuts+1","A Thousand Cuts+1","Twin Strike+1","Twin Strike+1","Twin Strike+1","Deflect+1","Deflect+1","Deflect+1","Impervious+1","Impervious+1","Impervious+1"],"relics":["Cursed Key","Darkstone Periapt","Du-Vu Doll","Nunchaku","Golden Idol","Frozen Egg 2","Bag of Preparation","Anchor","Lantern","Ancient Tea Set","Mercury Hourglass","Question Card","Bottled Tornado","Pen Nib","Mark of Pain","Oddly Smooth Stone","Red Skull","Sling","Centennial Puzzle","Vajra","PreservedInsect","StoneCalendar","Tiny Chest","Bottled Lightning","MawBank","Orrery","Mummified Hand","Membership Card","Sundial","Kunai","Boot","Bag of Marbles","Singing Bowl","The Courier","Paper Frog","Orichalcum","Girya","War Paint","Pocketwatch","Sozu","Shuriken","Art of War","Happy Flower","Strawberry","Pear","Dream Catcher","Letter Opener","Ginger","Toxic Egg 2","Dodecahedron","Magic Flower","Bronze Scales","Bottled Flame","Gremlin Horn","Philosopher\u0027s Stone","Frozen Eye","Ornamental Fan","Matryoshka","Meat on the Bone","Pantograph","Self Forming Clay","Blue Candle","Turnip","FossilizedHelix","Mango","Shovel","Prayer Wheel","Astrolabe","Gambling Chip","PrismaticShard","Bird Faced Urn","Incense Burner","Dead Branch","Champion Belt","Lee\u0027s Waffle","Circlet","Fusion Hammer","ClockworkSouvenir","Blood Vial","Regal Pillow","Calipers","Whetstone","Molten Egg 2","Ice Cream","Thread and Needle","Torii","Unceasing Top","Toy Ornithopter","Eternal Feather","Toolbox"],"potions_floor_usage":[7,7],"damage_taken":[{"damage":2,"enemies":"2 Louse","floor":1,"turns":4},{"damage":0,"enemies":"Small Slimes","floor":5,"turns":2},{"damage":13,"enemies":"Lagavulin","floor":6,"turns":4},{"damage":0,"enemies":"Gremlin Nob","floor":7,"turns":2},{"damage":0,"enemies":"3 Sentries","floor":8,"turns":1},{"damage":18,"enemies":"Lagavulin","floor":12,"turns":3},{"damage":0,"enemies":"3 Sentries","floor":13,"turns":2},{"damage":36,"enemies":"The Guardian","floor":16,"turns":6},{"damage":0,"enemies":"Shell Parasite","floor":18,"turns":2},{"damage":0,"enemies":"Chosen","floor":20,"turns":1},{"damage":0,"enemies":"Gremlin Leader","floor":23,"turns":1},{"damage":0,"enemies":"Book of Stabbing","floor":25,"turns":1},{"damage":0,"enemies":"Gremlin Leader","floor":27,"turns":1},{"damage":0,"enemies":"Snake Plant","floor":29,"turns":1},{"damage":0,"enemies":"Cultist and Chosen","floor":30,"turns":1},{"damage":3,"enemies":"Slavers","floor":31,"turns":2},{"damage":0,"enemies":"Automaton","floor":33,"turns":1},{"damage":0,"enemies":"3 Shapes","floor":35,"turns":1},{"damage":0,"enemies":"Giant Head","floor":39,"turns":1},{"damage":0,"enemies":"Reptomancer","floor":40,"turns":1},{"damage":0,"enemies":"Orb Walker","floor":41,"turns":1},{"damage":0,"enemies":"Nemesis","floor":44,"turns":1},{"damage":0,"enemies":"Reptomancer","floor":46,"turns":1},{"damage":0,"enemies":"Nemesis","floor":47,"turns":1},{"damage":0,"enemies":"Reptomancer","floor":48,"turns":1},{"damage":0,"enemies":"Donu and Deca","floor":50,"turns":2},{"damage":0,"enemies":"2 Louse","floor":52,"turns":1},{"damage":0,"enemies":"Lagavulin","floor":56,"turns":1},{"damage":2,"enemies":"Gremlin Nob","floor":61,"turns":1},{"damage":0,"enemies":"Cultist","floor":62,"turns":1},{"damage":0,"enemies":"Lagavulin","floor":63,"turns":1},{"damage":0,"enemies":"3 Sentries","floor":65,"turns":1},{"damage":0,"enemies":"The Guardian","floor":67,"turns":1},{"damage":0,"enemies":"2 Thieves","floor":69,"turns":1},{"damage":0,"enemies":"Book of Stabbing","floor":72,"turns":1},{"damage":0,"enemies":"Slavers","floor":74,"turns":1},{"damage":0,"enemies":"Book of Stabbing","floor":75,"turns":1},{"damage":0,"enemies":"Slavers","floor":76,"turns":1},{"damage":0,"enemies":"Book of Stabbing","floor":77,"turns":1},{"damage":0,"enemies":"Slavers","floor":79,"turns":1},{"damage":0,"enemies":"Book of Stabbing","floor":80,"turns":1},{"damage":0,"enemies":"Gremlin Leader","floor":81,"turns":1},{"damage":2,"enemies":"3 Byrds","floor":82,"turns":1},{"damage":0,"enemies":"Collector","floor":84,"turns":1},{"damage":0,"enemies":"3 Darklings","floor":86,"turns":1},{"damage":0,"enemies":"Nemesis","floor":87,"turns":1},{"damage":0,"enemies":"3 Shapes","floor":88,"turns":1},{"damage":0,"enemies":"Reptomancer","floor":90,"turns":1},{"damage":0,"enemies":"Nemesis","floor":91,"turns":1},{"damage":0,"enemies":"Giant Head","floor":92,"turns":1},{"damage":0,"enemies":"Nemesis","floor":94,"turns":1},{"damage":0,"enemies":"Reptomancer","floor":95,"turns":1},{"damage":0,"enemies":"Giant Head","floor":96,"turns":1},{"damage":0,"enemies":"Time Eater","floor":101,"turns":1},{"damage":0,"enemies":"Cultist","floor":103,"turns":1},{"damage":0,"enemies":"Jaw Worm","floor":104,"turns":1},{"damage":0,"enemies":"Gremlin Nob","floor":105,"turns":1},{"damage":0,"enemies":"3 Sentries","floor":107,"turns":1},{"damage":0,"enemies":"Lagavulin","floor":108,"turns":1},{"damage":0,"enemies":"Gremlin Nob","floor":109,"turns":1},{"damage":0,"enemies":"3 Sentries","floor":110,"turns":1},{"damage":0,"enemies":"Gremlin Nob","floor":111,"turns":1},{"damage":0,"enemies":"Lagavulin","floor":113,"turns":1},{"damage":0,"enemies":"3 Sentries","floor":115,"turns":1},{"damage":0,"enemies":"The Guardian","floor":118,"turns":1},{"damage":0,"enemies":"Chosen","floor":120,"turns":1},{"damage":0,"enemies":"2 Thieves","floor":121,"turns":1},{"damage":0,"enemies":"Slavers","floor":125,"turns":1},{"damage":0,"enemies":"Book of Stabbing","floor":126,"turns":1},{"damage":0,"enemies":"Cultist and Chosen","floor":127,"turns":1},{"damage":0,"enemies":"Gremlin Leader","floor":128,"turns":1},{"damage":0,"enemies":"Centurion and Healer","floor":129,"turns":1},{"damage":0,"enemies":"Slavers","floor":130,"turns":1}],"seed_played":"-7690810176685642962","potions_obtained":[{"floor":5,"key":"Explosive Potion"},{"floor":6,"key":"Swift Potion"},{"floor":12,"key":"SpeedPotion"},{"floor":13,"key":"EntropicBrew"},{"floor":18,"key":"Ancient Potion"},{"floor":25,"key":"Swift Potion"}],"is_trial":true,"path_per_floor":["M","?","?","?","M","E","E","E","T","T","$","E","E","T","R","B",null,"M","$","M","?","?","E","$","E","T","E","T","M","M","E","R","B",null,"M","$","?","?","E","E","M","T","T","E","T","E","E","E","R","B",null,"M","$","?","$","E","R","R","R","T","E","M","E","?","E","R","B",null,"M","?","$","E","$","E","E","E","E","$","E","E","E","M","R","B",null,"M","E","M","$","E","E","E","?","E","E","E","$","R","?","R","B",null,"M","M","E","$","E","E","E","E","E","R","E","$","E","?","R","B",null,"M","M","?","?","$","E","E","M","E","M","E"],"character_chosen":"IRONCLAD","items_purchased":["Ancient Tea Set","Mercury Hourglass","Fire Breathing+1","Panache+1","Mind Blast","Oddly Smooth Stone","Red Skull","Sling","Flex","Metallicize+1","Pommel Strike","Apotheosis","Mummified Hand","Membership Card","Sundial","Shuriken","Art of War","Happy Flower","Strawberry","Pear","Dream Catcher","Letter Opener","Ginger","Toxic Egg 2","Dodecahedron","Magic Flower","Bronze Scales","Bottled Flame","Frozen Eye","Ornamental Fan","Matryoshka","Meat on the Bone","Pantograph","Self Forming Clay","Blue Candle","Turnip","Infernal Blade+1","Clothesline","Apotheosis+1","FossilizedHelix","Mango","Shovel","Apotheosis+1","Dramatic Entrance","Gambling Chip","PrismaticShard","Bird Faced Urn","Incense Burner","Dead Branch","Champion Belt","Lee\u0027s Waffle","Jack Of All Trades+1","Secret Technique+1","HandOfGreed","Mind Blast","Transmutation+1","The Bomb+1","Enlightenment+1","Deep Breath+1","Violence+1","Discovery+1","PanicButton+1","Apotheosis+1","ClockworkSouvenir","Blood Vial","Regal Pillow","Calipers","Whetstone","Twin Strike","Cleave","Body Slam","Ice Cream","Thread and Needle","Torii","Unceasing Top","Toy Ornithopter","Toolbox","Anger+1","Anger+1","Blood for Blood+1","Trip+1","Mayhem+1","Purity+1","Forethought+1","Magnetism+1","Blind+1","Blind+1","Enlightenment+1","Trip+1"],"campfire_rested":4,"item_purchase_floors":[11,11,11,11,19,19,19,19,19,24,24,36,36,36,36,53,53,53,53,53,53,53,53,53,53,53,53,53,71,71,71,71,71,71,71,71,71,71,73,78,78,78,89,89,89,89,89,89,89,89,97,97,97,97,97,97,97,97,97,97,97,97,106,106,106,106,106,106,106,106,106,114,114,114,114,114,124,124,124,124,124,124,124,124,124,124,124,124,124],"current_hp_per_floor":[78,84,90,90,90,77,77,77,83,89,89,71,104,110,110,113,116,116,116,116,116,122,122,122,122,128,128,134,134,134,134,134,140,140,140,140,140,140,140,140,140,146,152,152,158,158,158,158,158,164,164,164,181,145,145,145,145,145,181,187,185,185,185,185,191,191,197,197,197,197,197,197,197,197,197,197,197,211,211,211,211,209,209,217,235,235,235,235,235,235,235,235,235,235,235,235,242,242,242,242,248,248,248,248,248,248,248,248,248,248,248,248,248,248,248,248,248,254,254,254,254,254,260,260,260,260,260,260,260,260],"gold":538,"neow_bonus":"","is_prod":false,"is_daily":false,"chose_seed":false,"campfire_upgraded":0,"win_rate":0,"timestamp":1543800296,"path_taken":["M","?","?","?","?","E","E","?","T","?","?","E","?","?","R","BOSS","M","$","M","?","?","E","?","E","T","?","?","?","M","?","R","BOSS","M","$","?","?","?","E","?","?","T","?","?","E","E","E","R","BOSS","M","$","?","$","?","R","R","R","T","E","?","?","?","E","R","BOSS","M","?","$","?","?","E","?","E","E","?","E","?","?","?","R","BOSS","M","?","?","?","?","E","E","?","E","?","E","$","R","?","R","BOSS","M","?","?","$","?","E","E","E","E","R","E","$","E","?","R","BOSS","M","?","?","?","$","E","?","?","E","M","E"],"build_version":"2018-11-15","purchased_purges":0,"victory":false,"max_hp_per_floor":[80,86,92,92,92,92,92,92,98,104,104,104,104,110,110,116,116,116,116,116,116,122,122,122,122,128,128,134,134,134,134,134,140,140,140,140,140,140,140,140,140,146,152,152,158,158,158,158,158,164,164,164,181,181,181,181,181,181,181,187,187,187,187,187,191,191,197,197,197,197,197,197,197,197,197,197,197,211,211,211,211,211,211,217,235,235,235,235,235,235,235,235,235,235,235,235,242,242,242,242,248,248,248,248,248,248,248,248,248,248,248,248,248,248,248,248,248,254,254,254,254,254,260,260,260,260,260,260,260,260],"card_choices":[{"not_picked":["Spot Weakness","Rage"],"picked":"Anger","floor":1},{"not_picked":["Flex","Bandage Up"],"picked":"Whirlwind","floor":5},{"not_picked":["Master of Strategy","The Bomb"],"picked":"Dark Embrace","floor":6},{"not_picked":["Barricade","Berserk"],"picked":"Bludgeon","floor":7},{"not_picked":["Offering","Double Tap"],"picked":"Juggernaut+1","floor":8},{"not_picked":["Sadistic Nature+1","Violence"],"picked":"Reaper","floor":12},{"not_picked":["Mayhem+1","Secret Technique","Brutality+1"],"picked":"Limit Break","floor":13},{"not_picked":["Magnetism+1","Juggernaut+1","Violence"],"picked":"Immolate","floor":16},{"not_picked":["Sword Boomerang","Armaments","Thunderclap"],"picked":"Twin Strike","floor":18},{"not_picked":["Disarm","Iron Wave","Enlightenment+1"],"picked":"Rage","floor":20},{"not_picked":["Dark Embrace+1","HandOfGreed","Mayhem+1"],"picked":"Immolate","floor":23},{"not_picked":["Thinking Ahead","Magnetism+1","Fiend Fire"],"picked":"Impervious","floor":25},{"not_picked":["Sadistic Nature+1","Juggernaut+1","Brutality+1"],"picked":"Demon Form+1","floor":27},{"not_picked":["Armaments","True Grit+1","Impatience"],"picked":"Clothesline+1","floor":29},{"not_picked":["Shrug It Off","Clash","Deep Breath"],"picked":"Flame Barrier","floor":30},{"not_picked":["Offering","HandOfGreed","Thinking Ahead"],"picked":"Double Tap","floor":31},{"not_picked":["Secret Technique","Demon Form+1","Brutality+1"],"picked":"Apotheosis","floor":33},{"not_picked":["Flex+1","Thunderclap","Battle Trance"],"picked":"Cleave","floor":34},{"not_picked":["Corruption+1","Spot Weakness","Discovery"],"picked":"Heavy Blade+1","floor":34},{"not_picked":["Headbutt","Seeing Red","Pommel Strike"],"picked":"Perfected Strike","floor":34},{"not_picked":["Pommel Strike+1","Iron Wave","Blood for Blood"],"picked":"Twin Strike","floor":34},{"not_picked":["Flex","Shrug It Off","Uppercut"],"picked":"Infernal Blade+1","floor":34},{"not_picked":["Pommel Strike+1","Limit Break","Hemokinesis"],"picked":"Wild Strike+1","floor":35},{"not_picked":["The Bomb","Barricade+1","Thinking Ahead"],"picked":"Secret Weapon","floor":39},{"not_picked":["Brutality+1","Metamorphosis","Secret Weapon"],"picked":"Demon Form+1","floor":40},{"not_picked":["Infernal Blade","Rage+1","Wild Strike+1"],"picked":"Cleave+1","floor":41},{"not_picked":["Dark Embrace+1","Magnetism+1","Thinking Ahead"],"picked":"Chrysalis","floor":44},{"not_picked":["Master of Strategy","Limit Break","Secret Technique"],"picked":"Apotheosis","floor":46},{"not_picked":["Dark Embrace+1","Fiend Fire","Bludgeon"],"picked":"Apotheosis","floor":47},{"not_picked":["The Bomb","Demon Form+1","Double Tap"],"picked":"Feed","floor":48},{"not_picked":["Berserk+1","Secret Weapon","Offering"],"picked":"Transmutation","floor":50},{"not_picked":["Clash","Cleave","Evolve+1"],"picked":"Twin Strike","floor":52},{"not_picked":["Juggernaut+1","Sadistic Nature+1","Feed"],"picked":"Transmutation+1","floor":56},{"not_picked":["Havoc+1","Perfected Strike","Sword Boomerang"],"picked":"Anger","floor":59},{"not_picked":["Juggernaut+1","Immolate","Metamorphosis+1"],"picked":"Double Tap+1","floor":61},{"not_picked":["Clash","Sword Boomerang","Havoc+1"],"picked":"Wild Strike","floor":62},{"not_picked":["Feed","Chrysalis+1","Magnetism+1"],"picked":"Double Tap+1","floor":63},{"not_picked":["Double Tap+1","Juggernaut+1","Impervious+1"],"picked":"Feed","floor":65},{"not_picked":["Sword Boomerang","Wild Strike","Dramatic Entrance"],"picked":"Inflame+1","floor":66},{"not_picked":["Sadistic Nature+1","Barricade+1","Master of Strategy+1"],"picked":"Feed","floor":67},{"not_picked":["Headbutt+1","Shrug It Off+1","Perfected Strike"],"picked":"Wild Strike+1","floor":69},{"not_picked":["Secret Technique+1","Offering+1","Bludgeon"],"picked":"Reaper","floor":72},{"not_picked":["Secret Weapon+1","Magnetism+1","Chrysalis+1"],"picked":"Reaper","floor":74},{"not_picked":["Magnetism+1","Sadistic Nature+1","Chrysalis+1"],"picked":"Transmutation+1","floor":75},{"not_picked":["Dark Embrace+1","Master of Strategy+1","Berserk+1"],"picked":"Double Tap+1","floor":76},{"not_picked":["Bludgeon","Panache+1","Secret Technique+1"],"picked":"Impervious+1","floor":77},{"not_picked":["Fiend Fire","The Bomb+1","Chrysalis+1"],"picked":"Feed","floor":79},{"not_picked":["Dark Embrace+1","Double Tap+1","Metamorphosis+1"],"picked":"Immolate","floor":80},{"not_picked":["Dark Embrace+1","Barricade+1","The Bomb+1"],"picked":"HandOfGreed","floor":81},{"not_picked":["Discovery+1","Warcry+1","Uppercut"],"picked":"Anger+1","floor":82},{"not_picked":["Berserk+1","Chrysalis+1","Master of Strategy+1"],"picked":"Double Tap+1","floor":84},{"not_picked":["Perfected Strike+1","Body Slam+1","Iron Wave"],"picked":"Jack Of All Trades+1","floor":86},{"not_picked":["Heavy Blade","Reckless Charge","Offering+1"],"picked":"Infernal Blade+1","floor":86},{"not_picked":["Berserk+1","Juggernaut+1","Violence+1"],"picked":"Apotheosis+1","floor":87},{"not_picked":["Finesse+1","Havoc+1","Clash+1"],"picked":"Flex+1","floor":88},{"not_picked":["Disarm+1","Shrug It Off+1","Swift Strike+1"],"picked":"Spot Weakness+1","floor":88},{"not_picked":["Hyperbeam","Doppelganger+1","Adrenaline+1"],"picked":"Creative AI+1","floor":90},{"not_picked":["Meteor Strike","Venomology+1","Buffer+1"],"picked":"Impervious+1","floor":91},{"not_picked":["A Thousand Cuts+1","Corpse Explosion+1","Doppelganger+1"],"picked":"Demon Form+1","floor":92},{"not_picked":["The Bomb+1","A Thousand Cuts+1","Bullet Time+1"],"picked":"Reaper","floor":94},{"not_picked":["Venomology+1","Burst+1","Dark Embrace+1"],"picked":"Panache+1","floor":95},{"not_picked":["Rainbow+1","Rainbow+1","Electrodynamics+1"],"picked":"Fiend Fire","floor":96},{"not_picked":["Glass Knife","Multi-Cast+1","Rainbow+1"],"picked":"Fiend Fire","floor":101},{"not_picked":["Warcry+1","Outmaneuver+1","Coolheaded+1"],"picked":"Twin Strike","floor":103},{"not_picked":["Steam+1","Skewer","Aggregate+1"],"picked":"Gash","floor":103},{"not_picked":["Beam Cell","Trip+1","Flying Knee"],"picked":"Wild Strike","floor":104},{"not_picked":["Deadly Poison+1","Ghostly Armor+1","Cleave"],"picked":"Flex+1","floor":104},{"not_picked":["Grand Finale","Bullet Time+1","Venomology+1"],"picked":"Reaper","floor":105},{"not_picked":["Bludgeon","Unload","Fission+1"],"picked":"Demon Form+1","floor":107},{"not_picked":["Burst+1","Metamorphosis+1","Thinking Ahead+1"],"picked":"Fiend Fire","floor":108},{"not_picked":["Adrenaline+1","Corpse Explosion+1","Glass Knife"],"picked":"Seek+1","floor":109},{"not_picked":["Core Surge","Thunder Strike","Exhume+1"],"picked":"Barricade+1","floor":110},{"not_picked":["Violence+1","Multi-Cast+1","Demon Form+1"],"picked":"Apotheosis+1","floor":111},{"not_picked":["Night Terror+1","Multi-Cast+1","Machine Learning+1"],"picked":"Fiend Fire+1","floor":113},{"not_picked":["Dark Embrace+1","After Image+1","Secret Technique+1"],"picked":"Seek+1","floor":115},{"not_picked":["Thunder Strike+1","Panache+1","Storm of Steel+1"],"picked":"Violence+1","floor":118},{"not_picked":["Bane+1","Cold Snap+1","Auto Shields+1"],"picked":"Cleave+1","floor":120},{"not_picked":["Blizzard+1","Sucker Punch+1","Hello World+1"],"picked":"Hello World+1","floor":120},{"not_picked":["Slice+1","Second Wind+1","Redo+1"],"picked":"Body Slam+1","floor":121},{"not_picked":["Barrage+1","Expertise+1","Feel No Pain+1"],"picked":"Defragment+1","floor":121},{"not_picked":["Thunder Strike+1","Corpse Explosion+1","Multi-Cast+1"],"picked":"The Bomb+1","floor":125},{"not_picked":["Malaise+1","Malaise+1","Night Terror+1"],"picked":"Mayhem+1","floor":126},{"not_picked":["Outmaneuver+1","Acrobatics+1","Blade Dance+1"],"picked":"Defragment+1","floor":127},{"not_picked":["Acrobatics+1","Recycle+1","Bane+1"],"picked":"Mind Blast+1","floor":127},{"not_picked":["Violence+1","Offering+1","Offering+1"],"picked":"A Thousand Cuts+1","floor":128},{"not_picked":["Rebound+1","Conserve Battery+1","Compile Driver+1"],"picked":"Twin Strike+1","floor":129},{"not_picked":["Reflex+1","Infinite Blades+1","Rampage+1"],"picked":"Deflect+1","floor":129},{"not_picked":["Venomology+1","Reaper+1","Phantasmal Killer+1"],"picked":"Impervious+1","floor":130}],"player_experience":243237,"relics_obtained":[{"floor":7,"key":"Frozen Egg 2"},{"floor":8,"key":"Bag of Preparation"},{"floor":9,"key":"Anchor"},{"floor":10,"key":"Lantern"},{"floor":12,"key":"Question Card"},{"floor":13,"key":"Bottled Tornado"},{"floor":14,"key":"Pen Nib"},{"floor":23,"key":"Vajra"},{"floor":25,"key":"PreservedInsect"},{"floor":26,"key":"StoneCalendar"},{"floor":27,"key":"Tiny Chest"},{"floor":28,"key":"Bottled Lightning"},{"floor":31,"key":"MawBank"},{"floor":39,"key":"Boot"},{"floor":40,"key":"Bag of Marbles"},{"floor":42,"key":"Singing Bowl"},{"floor":43,"key":"The Courier"},{"floor":44,"key":"Paper Frog"},{"floor":45,"key":"Orichalcum"},{"floor":46,"key":"Girya"},{"floor":47,"key":"War Paint"},{"floor":48,"key":"Pocketwatch"},{"floor":60,"key":"Gremlin Horn"},{"floor":83,"key":"Prayer Wheel"},{"floor":98,"key":"Circlet"},{"floor":112,"key":"Molten Egg 2"},{"floor":117,"key":"Circlet"}],"event_choices":[{"damage_healed":0,"gold_gain":0,"player_choice":"Take Wound","damage_taken":0,"relics_obtained":["Golden Idol"],"max_hp_gain":0,"max_hp_loss":0,"event_name":"Golden Idol","floor":2,"gold_loss":0,"cards_obtained":["Injury"]},{"damage_healed":0,"gold_gain":175,"player_choice":"AGREE","damage_taken":0,"max_hp_gain":0,"max_hp_loss":0,"event_name":"Liars Game","floor":3,"gold_loss":0,"cards_obtained":["Doubt"]},{"cards_removed":["Wraith Form v2"],"damage_healed":0,"gold_gain":0,"player_choice":"Card Removal","damage_taken":0,"max_hp_gain":0,"max_hp_loss":0,"event_name":"Wheel of Change","floor":4,"gold_loss":0},{"damage_healed":0,"gold_gain":0,"player_choice":"Ignored","damage_taken":0,"max_hp_gain":0,"max_hp_loss":0,"event_name":"Ghosts","floor":21,"gold_loss":0},{"damage_healed":0,"gold_gain":0,"player_choice":"Opened","damage_taken":0,"relics_obtained":["Centennial Puzzle"],"max_hp_gain":0,"max_hp_loss":0,"event_name":"The Mausoleum","floor":22,"gold_loss":0,"cards_obtained":["Writhe"]},{"cards_removed":["Juggernaut"],"damage_healed":0,"gold_gain":0,"player_choice":"Removed Power","damage_taken":0,"max_hp_gain":0,"max_hp_loss":0,"event_name":"Falling","floor":37,"gold_loss":0},{"damage_healed":0,"gold_gain":0,"player_choice":"Paid Gold","damage_taken":0,"relics_obtained":["Kunai"],"max_hp_gain":0,"max_hp_loss":0,"event_name":"WeMeetAgain","floor":38,"gold_loss":72},{"damage_healed":0,"gold_gain":0,"player_choice":"Entered Light","damage_taken":36,"max_hp_gain":0,"max_hp_loss":0,"event_name":"Shining Light","floor":54,"gold_loss":0,"cards_upgraded":["Strike_R","Pommel Strike"]},{"damage_healed":0,"gold_gain":72,"player_choice":"Gained Gold","damage_taken":0,"max_hp_gain":0,"max_hp_loss":0,"event_name":"Golden Wing","floor":64,"gold_loss":0},{"damage_healed":0,"gold_gain":0,"player_choice":"Ignored","damage_taken":0,"max_hp_gain":0,"max_hp_loss":0,"event_name":"Vampires","floor":70,"gold_loss":0},{"damage_healed":0,"gold_gain":0,"player_choice":"Ignored","damage_taken":0,"max_hp_gain":0,"max_hp_loss":0,"event_name":"Purifier","floor":93,"gold_loss":0},{"damage_healed":0,"gold_gain":0,"player_choice":"Gave Potion","damage_taken":0,"relics_obtained":["Circlet"],"max_hp_gain":0,"max_hp_loss":0,"event_name":"WeMeetAgain","floor":99,"gold_loss":0},{"damage_healed":0,"gold_gain":0,"player_choice":"2 cards matched","damage_taken":0,"max_hp_gain":0,"max_hp_loss":0,"event_name":"Match and Keep!","floor":116,"gold_loss":0,"cards_obtained":["Armaments","Demon Form"]},{"damage_healed":0,"gold_gain":0,"player_choice":"Ignored","damage_taken":0,"max_hp_gain":0,"max_hp_loss":0,"event_name":"Beggar","floor":122,"gold_loss":0},{"damage_healed":0,"gold_gain":0,"player_choice":"2 cards matched","damage_taken":0,"max_hp_gain":0,"max_hp_loss":0,"event_name":"Match and Keep!","floor":123,"gold_loss":0,"cards_obtained":["Mind Blast","Normality"]}],"is_beta":false,"boss_relics":[{"not_picked":["Velvet Choker","Coffee Dripper"],"picked":"Mark of Pain"},{"not_picked":["Snecko Eye","Runic Cube"],"picked":"Orrery"},{"not_picked":["Eternal Feather","Pandora\u0027s Box"],"picked":"Sozu"},{"not_picked":["Black Star","Empty Cage"],"picked":"Philosopher\u0027s Stone"},{"not_picked":["Runic Dome","White Beast Statue"],"picked":"Astrolabe"},{"not_picked":["Eternal Feather","Velvet Choker"],"picked":"Fusion Hammer"},{"not_picked":["Tiny House","Pandora\u0027s Box"],"picked":"Eternal Feather"}],"items_purged_floors":[],"is_endless":true,"potions_floor_spawned":[5,6,12,13,18,25,27,33,35,44,47,48,56,63,69,72,76,77,80,88,92,94,96,101,103,104,105,110,115,125,126,127,129,130],"killed_by":"Slavers","ascension_level":0}