{"gold_per_floor":[114,130,142,155,171,203,233,233,233,233,266,266,266,266,266,363,363,303,278,91,91,91,91,91,91,91,91,91,91,41,41,41,41,41,41,41,41,41,41,41,41,41,41,41,41,41,41,41,41,41,41,41,18,18,18],"floor_reached":55,"playtime":4043,"items_purged":[],"score":937,"play_id":"f4a694e5-15f3-476d-a40f-57e432d884f4","local_time":"20190329201319","is_ascension_mode":true,"campfire_choices":[{"data":"Armaments","floor":8.0,"key":"SMITH"},{"data":"Flame Barrier","floor":10.0,"key":"SMITH"},{"data":"Metallicize","floor":12.0,"key":"SMITH"},{"data":"Bash","floor":15.0,"key":"SMITH"},{"data":"Barricade","floor":23.0,"key":"SMITH"},{"data":"Demon Form","floor":25.0,"key":"SMITH"},{"data":"Shrug It Off","floor":32.0,"key":"SMITH"},{"data":"Impervious","floor":40.0,"key":"SMITH"},{"floor":44,"key":"RECALL"},{"floor":49,"key":"REST"},{"data":"Uppercut","floor":52,"key":"SMITH"}],"neow_cost":"TEN_PERCENT_HP_LOSS","seed_source_timestamp":0,"circlet_count":0,"master_deck":["Strike_R","Strike_R","Strike_R","Strike_R","Strike_R","Defend_R","Defend_R","Defend_R","Defend_R","Bash+1","Armaments+1","Iron Wave","Flame Barrier+1","Metallicize+1","Demon Form+1","Feel No Pain","Shrug It Off+1","Uppercut+1","Barricade+1","Ghostly Armor+1","Pummel+1","Body Slam","Feed+1","Impervious+1","Demon Form+1","Iron Wave+1","Heavy Blade+1","True Grit+1","Iron Wave+1","Clothesline+1","Body Slam+1","Pommel Strike+1","Shrug It Off","Spot Weakness+1"],"special_seed":0,"relics":["Burning Blood","Pocketwatch","Question Card","Letter Opener","Dodecahedron","Ectoplasm","Happy Flower","Bag of Marbles","Strawberry","Omamori","Molten Egg 2","Busted Crown","Paper Frog","PreservedInsect","Mercury Hourglass"],"potions_floor_usage":[48,55],"damage_taken":[{"damage":4.0,"enemies":"Jaw Worm","floor":1.0,"turns":6.0},{"damage":3.0,"enemies":"2 Louse","floor":2.0,"turns":4.0},{"damage":3.0,"enemies":"Cultist","floor":3.0,"turns":4.0},{"damage":9.0,"enemies":"Red Slaver","floor":4.0,"turns":4.0},{"damage":2.0,"enemies":"3 Louse","floor":5.0,"turns":4.0},{"damage":0.0,"enemies":"Lagavulin","floor":6.0,"turns":10.0},{"damage":5.0,"enemies":"Gremlin Nob","floor":11.0,"turns":5.0},{"damage":0.0,"enemies":"The Guardian","floor":16.0,"turns":12.0},{"damage":0.0,"enemies":"2 Thieves","floor":18.0,"turns":4.0},{"damage":0.0,"enemies":"3 Byrds","floor":21.0,"turns":4.0},{"damage":15.0,"enemies":"Sentry and Sphere","floor":22.0,"turns":7.0},{"damage":34.0,"enemies":"Slavers","floor":24.0,"turns":8.0},{"damage":1.0,"enemies":"Gremlin Leader","floor":27.0,"turns":7.0},{"damage":1.0,"enemies":"Snecko","floor":28.0,"turns":5.0},{"damage":10.0,"enemies":"Centurion and Healer","floor":31.0,"turns":6.0},{"damage":19.0,"enemies":"Champ","floor":33.0,"turns":10.0},{"damage":17.0,"enemies":"3 Darklings","floor":35.0,"turns":7.0},{"damage":0.0,"enemies":"3 Shapes","floor":37.0,"turns":7.0},{"damage":19.0,"enemies":"3 Darklings","floor":38.0,"turns":6.0},{"damage":2.0,"enemies":"Nemesis","floor":41.0,"turns":5.0},{"damage":11.0,"enemies":"4 Shapes","floor":42.0,"turns":7.0},{"damage":0,"enemies":"Maw","floor":45,"turns":7},{"damage":18,"enemies":"Jaw Worm Horde","floor":46,"turns":6},{"damage":36,"enemies":"3 Darklings","floor":47,"turns":8},{"damage":11,"enemies":"Giant Head","floor":48,"turns":7},{"damage":4,"enemies":"Time Eater","floor":50,"turns":13},{"damage":58,"enemies":"Shield and Spear","floor":54,"turns":7},{"damage":60,"enemies":"The Heart","floor":55,"turns":2}],"seed_played":"3466630408105292857","potions_obtained":[{"floor":4.0,"key":"PowerPotion"},{"floor":5.0,"key":"Weak Potion"},{"floor":6.0,"key":"Block Potion"},{"floor":11.0,"key":"Strength Potion"},{"floor":22.0,"key":"Explosive Potion"},{"floor":24.0,"key":"SkillPotion"},{"floor":27.0,"key":"PowerPotion"},{"floor":28.0,"key":"Strength Potion"},{"floor":33.0,"key":"SpeedPotion"},{"floor":38.0,"key":"GamblersBrew"},{"floor":45,"key":"Explosive Potion"}],"is_trial":false,"path_per_floor":["M","M","M","M","M","E","?","R","T","R","E","R","?","?","R","B",null,"M","$","$","M","M","R","E","R","T","E","M","T","?","M","R","B",null,"M","?","M","M","$","R","E","M","T","R","M","M","M","E","R","B",null,"R","$","E","B"],"character_chosen":"IRONCLAD","items_purchased":["Shrug It Off","Happy Flower","Uppercut","Shrug It Off"],"campfire_rested":1,"item_purchase_floors":[19,20,20,53],"current_hp_per_floor":[72,72,72,69,72,72,72,72,72,72,72,72,72,82,82,82,82,82,82,82,82,73,73,45,45,52,57,62,62,62,58,58,45,89,78,78,88,75,75,75,79,78,78,78,88,76,46,41,71,77,105,105,105,53,0],"gold":18,"neow_bonus":"ONE_RARE_RELIC","is_prod":false,"is_daily":false,"chose_seed":false,"campfire_upgraded":9,"win_rate":1,"timestamp":1553915599,"path_taken":["M","M","M","M","M","E","?","R","T","R","E","R","?","?","R","BOSS","M","?","$","M","M","R","E","R","T","E","?","?","?","M","R","BOSS","M","?","M","?","?","R","E","M","T","R","?","M","M","E","R","BOSS","R","$","E","BOSS"],"build_version":"2019-01-23","purchased_purges":0,"victory":false,"max_hp_per_floor":[72,72,72,72,72,72,72,72,72,72,72,72,72,82,82,82,82,82,82,82,82,82,82,82,82,89,89,89,89,89,89,89,89,89,89,89,93,93,93,93,93,97,97,97,101,101,101,101,101,105,105,105,105,105,105],"card_choices":[{"not_picked":["Twin Strike","Whirlwind"],"picked":"Armaments","floor":1.0},{"not_picked":["Headbutt","Heavy Blade","Entrench"],"picked":"SKIP","floor":2.0},{"not_picked":["Sever Soul","Clash"],"picked":"Iron Wave","floor":3.0},{"not_picked":["Sever Soul","Burning Pact"],"picked":"Flame Barrier","floor":4.0},{"not_picked":["Spot Weakness","Warcry"],"picked":"Limit Break","floor":5.0},{"not_picked":["Bloodletting","Hemokinesis","Sword Boomerang"],"picked":"SKIP","floor":6.0},{"not_picked":["Battle Trance","Heavy Blade","Fiend Fire"],"picked":"Metallicize","floor":11.0},{"not_picked":["Dark Embrace","Fiend Fire","Bludgeon"],"picked":"Demon Form","floor":16.0},{"not_picked":["Body Slam","Cleave","Sword Boomerang"],"picked":"Feel No Pain","floor":18.0},{"not_picked":["Warcry+1","Entrench","Clothesline","Corruption"],"picked":"SKIP","floor":21.0},{"not_picked":["Pommel Strike","Iron Wave+1","True Grit"],"picked":"Barricade","floor":22.0},{"not_picked":["Armaments","Heavy Blade","Dual Wield"],"picked":"Ghostly Armor+1","floor":24.0},{"not_picked":["Pommel Strike+1","Clash","Entrench"],"picked":"Pummel+1","floor":27.0},{"not_picked":["Clothesline","Headbutt","Wild Strike+1"],"picked":"Body Slam","floor":28.0},{"not_picked":["Clash+1","Sword Boomerang+1","Intimidate"],"picked":"Feed+1","floor":31.0},{"not_picked":["Berserk","Barricade","Bludgeon+1"],"picked":"Impervious","floor":33.0},{"not_picked":["Flex+1","Sword Boomerang+1"],"picked":"SKIP","floor":35.0},{"not_picked":["Seeing Red+1"],"picked":"Iron Wave+1","floor":37.0},{"not_picked":["Power Through+1"],"picked":"Heavy Blade+1","floor":38.0},{"not_picked":["Dual Wield"],"picked":"True Grit+1","floor":41.0},{"not_picked":["Twin Strike+1"],"picked":"Iron Wave+1","floor":42.0},{"not_picked":["Thunderclap+1","Perfected Strike+1"],"picked":"SKIP","floor":45},{"not_picked":["Wild Strike+1"],"picked":"Clothesline+1","floor":46},{"not_picked":["Perfected Strike+1"],"picked":"Body Slam+1","floor":47},{"not_picked":["Sever Soul+1"],"picked":"Pommel Strike+1","floor":48},{"not_picked":["Offering"],"picked":"Spot Weakness+1","floor":54}],"player_experience":332763,"relics_obtained":[{"floor":6.0,"key":"Question Card"},{"floor":9.0,"key":"Letter Opener"},{"floor":11.0,"key":"Dodecahedron"},{"floor":24.0,"key":"Bag of Marbles"},{"floor":26.0,"key":"Strawberry"},{"floor":27.0,"key":"Omamori"},{"floor":29.0,"key":"Molten Egg 2"},{"floor":41.0,"key":"Paper Frog"},{"floor":48,"key":"PreservedInsect"},{"floor":54,"key":"Mercury Hourglass"}],"event_choices":[{"damage_healed":0.0,"max_hp_gain":0.0,"max_hp_loss":0.0,"gold_gain":30.0,"event_name":"Dead Adventurer","player_choice":"Searched \u00272\u0027 times","floor":7.0,"gold_loss":0.0,"damage_taken":0.0},{"damage_healed":0.0,"max_hp_gain":0.0,"max_hp_loss":0.0,"gold_gain":0.0,"event_name":"Liars Game","player_choice":"Ignored","floor":13.0,"gold_loss":0.0,"damage_taken":0.0},{"cards_removed":["Limit Break"],"damage_healed":0.0,"max_hp_gain":10.0,"max_hp_loss":0.0,"gold_gain":0.0,"event_name":"Bonfire Elementals","player_choice":"Offered Rare","floor":14.0,"gold_loss":0.0,"damage_taken":0.0},{"damage_healed":0.0,"max_hp_gain":0.0,"max_hp_loss":0.0,"gold_gain":0.0,"event_name":"The Joust","player_choice":"Bet on Murderer","floor":30.0,"gold_loss":50.0,"damage_taken":0.0},{"damage_healed":0.0,"max_hp_gain":0.0,"max_hp_loss":0.0,"gold_gain":0.0,"event_name":"Duplicator","player_choice":"Copied","floor":36.0,"gold_loss":0.0,"damage_taken":0.0,"cards_obtained":["Demon Form"]}],"is_beta":false,"boss_relics":[{"not_picked":["Pandora\u0027s Box","Calling Bell"],"picked":"Ectoplasm"},{"not_picked":["Black Blood","Coffee Dripper"],"picked":"Busted Crown"}],"items_purged_floors":[],"is_endless":false,"potions_floor_spawned":[4,5,6,11,16,22,24,27,28,33,38,41,42,45],"killed_by":"The Heart","ascension_level":2}