{"gold_per_floor":[111,122,139,139,154,154,229,38,38,53,83,83,83,98,98,98],"floor_reached":16,"playtime":432,"items_purged":["Strike_R"],"score":156,"play_id":"67e0c15b-a6d2-4bd8-b791-8ef574feeeb5","local_time":"20190317195820","is_ascension_mode":true,"campfire_choices":[{"data":"Flex","floor":6,"key":"SMITH"},{"data":"Armaments","floor":12,"key":"SMITH"},{"data":"Metallicize","floor":15,"key":"SMITH"}],"neow_cost":"TEN_PERCENT_HP_LOSS","seed_source_timestamp":333409720424500,"circlet_count":0,"master_deck":["AscendersBane","Strike_R","Strike_R","Strike_R","Strike_R","Defend_R","Defend_R","Defend_R","Defend_R","Bash","Intimidate","Cleave","Pommel Strike","Flex+1","Rage","Metallicize+1","Armaments+1","Pain"],"relics":["Burning Blood","Thread and Needle","Shuriken","WarpedTongs"],"potions_floor_usage":[16,16],"damage_taken":[{"damage":2,"enemies":"Cultist","floor":1,"turns":5},{"damage":2,"enemies":"Jaw Worm","floor":2,"turns":5},{"damage":7,"enemies":"2 Louse","floor":3,"turns":3},{"damage":2,"enemies":"Looter","floor":5,"turns":3},{"damage":0,"enemies":"3 Louse","floor":10,"turns":3},{"damage":1,"enemies":"Red Slaver","floor":14,"turns":3},{"damage":45,"enemies":"The Guardian","floor":16,"turns":12}],"seed_played":"-8520726370391669083","potions_obtained":[{"floor":1,"key":"LiquidBronze"},{"floor":10,"key":"BloodPotion"}],"is_trial":false,"path_per_floor":["M","M","M","?","M","R","?","$","T","M","?","R","?","M","R","B"],"character_chosen":"IRONCLAD","items_purchased":["Rage","Metallicize"],"campfire_rested":0,"item_purchase_floors":[8,8],"current_hp_per_floor":[68,68,67,34,38,38,27,27,27,33,33,33,33,38,38,0],"gold":98,"neow_bonus":"ONE_RARE_RELIC","is_prod":false,"is_daily":false,"chose_seed":false,"campfire_upgraded":3,"win_rate":0,"timestamp":1552852700,"path_taken":["M","?","M","?","M","R","?","$","T","M","?","R","?","M","R","BOSS"],"build_version":"2019-01-23","purchased_purges":1,"victory":false,"max_hp_per_floor":[68,68,68,68,68,68,68,68,68,68,68,68,68,68,68,68],"card_choices":[{"not_picked":["Bloodletting","Havoc"],"picked":"Intimidate","floor":1},{"not_picked":["Heavy Blade","Bloodletting"],"picked":"Cleave","floor":2},{"not_picked":["Intimidate","Wild Strike"],"picked":"Pommel Strike","floor":3},{"not_picked":["Thunderclap","Warcry"],"picked":"Flex","floor":5},{"not_picked":["Shrug It Off","True Grit"],"picked":"Armaments","floor":10},{"not_picked":["Pummel","Warcry","Demon Form"],"picked":"SKIP","floor":14}],"player_experience":614731,"relics_obtained":[],"event_choices":[{"damage_healed":0,"gold_gain":0,"player_choice":"Success","damage_taken":33,"relics_obtained":["Shuriken"],"max_hp_gain":0,"max_hp_loss":0,"event_name":"Scrap Ooze","floor":4,"gold_loss":0},{"damage_healed":0,"gold_gain":75,"player_choice":"Gather Gold","damage_taken":11,"max_hp_gain":0,"max_hp_loss":0,"event_name":"World of Goop","floor":7,"gold_loss":0},{"damage_healed":0,"gold_gain":30,"player_choice":"Searched \u00271\u0027 times","damage_taken":0,"max_hp_gain":0,"max_hp_loss":0,"event_name":"Dead Adventurer","floor":11,"gold_loss":0},{"damage_healed":0,"gold_gain":0,"player_choice":"Rummage","damage_taken":0,"relics_obtained":["WarpedTongs"],"max_hp_gain":0,"max_hp_loss":0,"event_name":"Accursed Blacksmith","floor":13,"gold_loss":0,"cards_obtained":["Pain"]}],"is_beta":false,"boss_relics":[],"items_purged_floors":[8],"is_endless":false,"potions_floor_spawned":[1,10],"killed_by":"The Guardian","ascension_level":14}