{"path_per_floor":["M","M","M","M","?","R","M","E","T","R","M","M","?","M","R","B",null,"M","M","M","$"],"character_chosen":"IRONCLAD","items_purchased":["Evolve","Disarm"],"gold_per_floor":[112,123,140,157,157,157,173,203,203,203,215,234,234,254,254,358,358,378,388,405,229],"floor_reached":22,"campfire_rested":1,"playtime":1609,"current_hp_per_floor":[77,78,74,56,56,56,61,37,37,37,36,35,35,37,61,28,80,58,25,13,13],"items_purged":["Strike_R"],"gold":229,"score":202,"play_id":"f88a8d38-a260-452e-b1db-898cb44f6d0c","is_prod":false,"is_daily":false,"is_ascension_mode":true,"campfire_upgraded":2,"path_taken":["M","M","M","M","?","R","M","E","T","R","M","M","?","?","R","BOSS","M","M","M","$","M"],"build_version":"2018-02-15-PROD1","purchased_purges":1,"victory":false,"master_deck":["Strike_R","Strike_R","Strike_R","Defend_R","Defend_R","Defend_R","Defend_R","Bash+1","Whirlwind+1","Shrug It Off","Seeing Red","Armaments+1","Clash","Flex","Iron Wave","Limit Break","Combust+1","Shrug It Off","Warcry+1","Evolve+1","Disarm"],"max_hp_per_floor":[80,80,80,80,80,80,80,80,80,80,80,80,80,80,80,80,80,80,80,80,80],"relics":["Burning Blood","Frozen Egg 2","Calipers","Runic Cube"],"card_choices":[{"not_picked":["Sever Soul","Headbutt"],"picked":"Whirlwind"},{"not_picked":["Uppercut","Body Slam"],"picked":"Shrug It Off"},{"not_picked":["Anger","Havoc"],"picked":"Seeing Red"},{"not_picked":["Body Slam","Sword Boomerang"],"picked":"Armaments"},{"not_picked":["Burning Pact","Twin Strike"],"picked":"Clash"},{"not_picked":["Reckless Charge","Bloodletting"],"picked":"Flex"},{"not_picked":["Sentinel","Power Through"],"picked":"Iron Wave"},{"not_picked":["Brutality","Feed"],"picked":"Limit Break"},{"not_picked":["Havoc","True Grit"],"picked":"Combust"},{"not_picked":["Flex","Pommel Strike"],"picked":"Shrug It Off"},{"not_picked":["Wild Strike","Rampage"],"picked":"Warcry"}],"player_experience":125429,"potions_floor_usage":[16,22],"damage_taken":[{"damage":9.0,"enemies":"2 Louse","floor":1.0,"turns":3.0},{"damage":5.0,"enemies":"Cultist","floor":2.0,"turns":4.0},{"damage":10.0,"enemies":"Small Slimes","floor":3.0,"turns":4.0},{"damage":24.0,"enemies":"Gremlin Gang","floor":4.0,"turns":5.0},{"damage":1.0,"enemies":"3 Louse","floor":7.0,"turns":6.0},{"damage":30,"enemies":"Lagavulin","floor":8,"turns":9},{"damage":7,"enemies":"Blue Slaver","floor":11,"turns":4},{"damage":7,"enemies":"Looter","floor":12,"turns":3},{"damage":4,"enemies":"2 Fungi Beasts","floor":14,"turns":2},{"damage":39,"enemies":"Hexaghost","floor":16,"turns":11},{"damage":28,"enemies":"Shell Parasite","floor":18,"turns":5},{"damage":39,"enemies":"Chosen","floor":19,"turns":7},{"damage":18,"enemies":"Snake Plant","floor":20,"turns":4},{"damage":24,"enemies":"Cultist and Chosen","floor":22,"turns":7}],"event_choices":[{"event_name":"The Woman in Blue","player_choice":"Bought 0 Potions","floor":5.0,"damage_taken":0.0},{"event_name":"Upgrade Shrine","player_choice":"Upgraded","floor":13,"damage_taken":0}],"boss_relics":[{"not_picked":["Lizard Tail","Runic Pyramid"],"picked":"Runic Cube"}],"potions_floor_spawned":[1,2,11,12,20],"seed_played":"4479156728848964704","killed_by":"Cultist and Chosen","ascension_level":1,"is_trial":false}