{"gold_per_floor":[119,119,138,199,249,279,289,289,340,390],"floor_reached":10,"playtime":505,"items_purged":[],"score":78,"play_id":"4bc00f0b-c149-4b21-9fd0-8a773f58d7e2","local_time":"20190330120936","is_ascension_mode":true,"campfire_choices":[{"floor":8,"key":"REST"}],"neow_cost":"NONE","seed_source_timestamp":8304827632600,"circlet_count":0,"master_deck":["Strike_B","Strike_B","Strike_B","Strike_B","Defend_B","Defend_B","Defend_B","Defend_B","Zap","Dualcast","Purity","Conserve Battery","Leap","Ball Lightning","Impatience","Echo Form","Leap"],"relics":["Cracked Core","SsserpentHead","Dodecahedron"],"potions_floor_usage":[10],"damage_taken":[{"damage":1,"enemies":"Cultist","floor":1,"turns":3},{"damage":2,"enemies":"Jaw Worm","floor":3,"turns":5},{"damage":0,"enemies":"Small Slimes","floor":4,"turns":3},{"damage":23,"enemies":"Gremlin Nob","floor":6,"turns":4},{"damage":6,"enemies":"3 Louse","floor":7,"turns":3},{"damage":5,"enemies":"Gremlin Gang","floor":10,"turns":3}],"seed_played":"6589146934063197745","potions_obtained":[{"floor":7,"key":"SkillPotion"}],"is_trial":false,"path_per_floor":["M","?","M","M","?","E","M","R","T","M"],"character_chosen":"DEFECT","items_purchased":[],"campfire_rested":1,"item_purchase_floors":[],"current_hp_per_floor":[74,74,72,72,72,49,43,65,65,60],"gold":390,"neow_bonus":"RANDOM_COLORLESS","is_prod":false,"is_daily":false,"chose_seed":false,"campfire_upgraded":0,"win_rate":0,"timestamp":1553958576,"path_taken":["M","?","M","?","?","E","M","R","T","?"],"build_version":"2019-01-23","purchased_purges":0,"victory":false,"max_hp_per_floor":[75,75,75,75,75,75,75,75,75,75],"card_choices":[{"not_picked":["Streamline","Gash"],"picked":"Conserve Battery","floor":1},{"not_picked":["Go for the Eyes","Double Energy"],"picked":"Leap","floor":3},{"not_picked":["Cold Snap","Fusion"],"picked":"Ball Lightning","floor":4},{"not_picked":["Ball Lightning","Loop"],"picked":"Echo Form","floor":6},{"not_picked":["Barrage","Chaos"],"picked":"Leap","floor":7}],"player_experience":320932,"relics_obtained":[{"floor":6,"key":"Dodecahedron"}],"event_choices":[{"damage_healed":0,"gold_gain":0,"player_choice":"Trade","damage_taken":0,"relics_obtained":["SsserpentHead"],"max_hp_gain":0,"max_hp_loss":0,"event_name":"FaceTrader","floor":2,"gold_loss":0},{"damage_healed":0,"gold_gain":0,"player_choice":"1 cards matched","damage_taken":0,"max_hp_gain":0,"max_hp_loss":0,"event_name":"Match and Keep!","floor":5,"gold_loss":0,"cards_obtained":["Impatience"]}],"is_beta":false,"boss_relics":[],"items_purged_floors":[],"is_endless":false,"potions_floor_spawned":[7],"killed_by":"Gremlin Gang","ascension_level":3}