{"gold_per_floor":[10,10,10,10,10,10,27,39,39,64,90,118,164,192,204,312,324,323,352,279,291,303,315,327,339,351,382,413,425,453,478,490,599,611,640,704,735,759,160,224,239,257,257,276,276,295,308,326,326,326],"floor_reached":50,"playtime":3249,"items_purged":[],"score":728,"play_id":"8a0618bd-a8c1-4454-968c-712fd5f26846","local_time":"20180914162558","is_ascension_mode":true,"campfire_choices":[{"data":"Dualcast","floor":6,"key":"SMITH"},{"data":"Genetic Algorithm","floor":15,"key":"SMITH"},{"data":"Defragment","floor":23,"key":"SMITH"},{"floor":29,"key":"REST"},{"data":"Machine Learning","floor":32,"key":"SMITH"},{"data":"Fission","floor":45,"key":"SMITH"},{"data":"Defragment","floor":49,"key":"SMITH"}],"neow_cost":"NO_GOLD","seed_source_timestamp":176396525582744,"circlet_count":0,"master_deck":["Defend_B","Defend_B","Defend_B","Defend_B","Zap","Dualcast+1","Ball Lightning","Steam","Genetic Algorithm+1","Conserve Battery","Leap","Machine Learning+1","Conserve Battery","Go for the Eyes","Loop","Glacier","FTL+1","Coolheaded","Defragment+1","Bandage Up","Dramatic Entrance","Bite","Bite","Bite","Bite","Bite","FTL","Seek","Capacitor","Defragment+1","Fission+1","Good Instincts","Master of Strategy","Self Repair+1","Static Discharge+1","Go for the Eyes+1"],"relics":["Cracked Core","Thread and Needle","Regal Pillow","MawBank","Ancient Tea Set","Orrery","Gremlin Horn","Bag of Marbles","Busted Crown","Peace Pipe","Unceasing Top","Tiny Chest","Ginger"],"potions_floor_usage":[16,16,16,27,30,33,44,50],"damage_taken":[{"damage":8,"enemies":"Small Slimes","floor":1,"turns":3},{"damage":0,"enemies":"2 Louse","floor":7,"turns":2},{"damage":0,"enemies":"Jaw Worm","floor":8,"turns":2},{"damage":7,"enemies":"Lots of Slimes","floor":10,"turns":3},{"damage":0,"enemies":"3 Louse","floor":11,"turns":3},{"damage":0,"enemies":"2 Fungi Beasts","floor":12,"turns":3},{"damage":6,"enemies":"3 Sentries","floor":13,"turns":10},{"damage":0,"enemies":"Large Slime","floor":14,"turns":5},{"damage":17,"enemies":"Slime Boss","floor":16,"turns":13},{"damage":5,"enemies":"2 Thieves","floor":18,"turns":5},{"damage":0,"enemies":"Chosen","floor":19,"turns":6},{"damage":25,"enemies":"3 Cultists","floor":27,"turns":5},{"damage":19,"enemies":"Snake Plant","floor":28,"turns":5},{"damage":0,"enemies":"Snecko","floor":30,"turns":8},{"damage":0,"enemies":"3 Cultists","floor":31,"turns":6},{"damage":41,"enemies":"Automaton","floor":33,"turns":14},{"damage":29,"enemies":"3 Shapes","floor":35,"turns":7},{"damage":25,"enemies":"Mysterious Sphere","floor":36,"turns":6},{"damage":0,"enemies":"Orb Walker","floor":37,"turns":5},{"damage":29,"enemies":"4 Shapes","floor":38,"turns":5},{"damage":34,"enemies":"Nemesis","floor":40,"turns":15},{"damage":25,"enemies":"Spire Growth","floor":41,"turns":7},{"damage":20,"enemies":"Transient","floor":42,"turns":5},{"damage":37,"enemies":"Sphere and 2 Shapes","floor":44,"turns":5},{"damage":9,"enemies":"4 Shapes","floor":46,"turns":9},{"damage":13,"enemies":"Transient","floor":47,"turns":5},{"damage":31,"enemies":"Maw","floor":48,"turns":9},{"damage":75,"enemies":"Awakened One","floor":50,"turns":12}],"seed_played":"-3762052098052943059","potions_obtained":[{"floor":8,"key":"Strength Potion"},{"floor":12,"key":"AttackPotion"},{"floor":13,"key":"Regen Potion"},{"floor":14,"key":"SkillPotion"},{"floor":16,"key":"Fruit Juice"},{"floor":28,"key":"Block Potion"},{"floor":31,"key":"Block Potion"},{"floor":40,"key":"FairyPotion"},{"floor":42,"key":"Block Potion"},{"floor":44,"key":"FearPotion"}],"is_trial":false,"path_per_floor":["M","?","?","?","$","R","M","M","T","M","M","M","E","M","R","B",null,"M","M","?","?","?","R","?","?","T","M","M","R","M","M","R","B",null,"M","?","M","M","$","E","M","M","T","M","R","M","M","M","R"],"character_chosen":"DEFECT","items_purchased":["Unceasing Top","Good Instincts","Master of Strategy"],"campfire_rested":1,"item_purchase_floors":[39,39,39],"current_hp_per_floor":[60,60,60,53,53,53,53,53,53,46,46,46,40,40,40,43,71,66,66,66,66,42,42,27,27,27,18,11,43,55,59,59,25,51,38,33,45,32,32,30,21,21,21,23,23,44,47,50,50,0],"gold":326,"neow_bonus":"REMOVE_TWO","is_prod":false,"is_daily":false,"chose_seed":false,"campfire_upgraded":6,"win_rate":0,"timestamp":1536938758,"path_taken":["M","?","?","?","?","R","M","M","T","M","M","?","E","M","R","BOSS","M","M","?","?","?","R","?","?","T","M","M","R","M","?","R","BOSS","M","?","M","M","$","E","M","M","T","M","R","M","M","M","R","BOSS"],"build_version":"2018-09-06","purchased_purges":0,"victory":false,"max_hp_per_floor":[75,75,75,75,75,75,75,75,75,75,75,75,75,75,75,80,80,80,80,80,80,80,80,85,59,59,59,59,59,59,59,59,59,59,59,59,59,59,59,59,59,59,59,59,59,59,59,59,59,59],"card_choices":[{"not_picked":["Cold Snap","Redo"],"picked":"Ball Lightning","floor":1},{"not_picked":["Force Field","Blizzard","Turbo"],"picked":"SKIP","floor":7},{"not_picked":["Stack","Sunder"],"picked":"Steam","floor":8},{"not_picked":["Hologram","Go for the Eyes","Ball Lightning"],"picked":"SKIP","floor":10},{"not_picked":["Lockon","Streamline"],"picked":"Genetic Algorithm","floor":11},{"not_picked":["Doom and Gloom","Melter","Heatsinks"],"picked":"SKIP","floor":12},{"not_picked":["White Noise","Reprogram"],"picked":"Conserve Battery","floor":13},{"not_picked":["Streamline","Ball Lightning"],"picked":"Leap","floor":14},{"not_picked":["Hyperbeam","Echo Form"],"picked":"Machine Learning","floor":16},{"not_picked":["Turbo","BootSequence"],"picked":"Conserve Battery","floor":17},{"not_picked":["Hologram","Heatsinks"],"picked":"Go for the Eyes","floor":17},{"not_picked":["Streamline","Stack"],"picked":"Loop","floor":17},{"not_picked":["Leap","Turbo"],"picked":"Glacier","floor":17},{"not_picked":["Reboot","Capacitor"],"picked":"FTL+1","floor":18},{"not_picked":["Leap+1","Streamline+1"],"picked":"Coolheaded","floor":19},{"not_picked":["Go for the Eyes","Coolheaded"],"picked":"FTL","floor":27},{"not_picked":["Coolheaded","Beam Cell"],"picked":"Seek","floor":28},{"not_picked":["Genetic Algorithm","Fusion"],"picked":"Capacitor","floor":30},{"not_picked":["Compile Driver","Recycle"],"picked":"Defragment","floor":31},{"not_picked":["Echo Form","Reboot"],"picked":"Fission","floor":33},{"not_picked":["Steam Power"],"picked":"SKIP","floor":35},{"not_picked":["Turbo"],"picked":"SKIP","floor":37},{"not_picked":["Hologram+1"],"picked":"SKIP","floor":38},{"not_picked":["Turbo+1"],"picked":"SKIP","floor":40},{"not_picked":[],"picked":"Self Repair+1","floor":41},{"not_picked":["Glacier+1"],"picked":"SKIP","floor":42},{"not_picked":[],"picked":"Static Discharge+1","floor":44},{"not_picked":[],"picked":"Go for the Eyes+1","floor":46},{"not_picked":["Turbo+1"],"picked":"SKIP","floor":47},{"not_picked":["Cold Snap+1"],"picked":"SKIP","floor":48}],"player_experience":377005,"relics_obtained":[{"floor":9,"key":"MawBank"},{"floor":13,"key":"Ancient Tea Set"},{"floor":26,"key":"Bag of Marbles"},{"floor":36,"key":"Peace Pipe"},{"floor":40,"key":"Tiny Chest"},{"floor":43,"key":"Ginger"}],"event_choices":[{"event_name":"Big Fish","player_choice":"Box","floor":2,"damage_taken":0},{"event_name":"Fountain of Cleansing","player_choice":"Removed Curse","floor":3,"damage_taken":0},{"event_name":"Scrap Ooze","player_choice":"success","floor":4,"damage_taken":7},{"event_name":"Addict","player_choice":"Obtained Relic","floor":20,"damage_taken":0},{"event_name":"The Library","player_choice":"Read","floor":21,"damage_taken":0},{"event_name":"Knowing Skull","player_choice":"CARD CARD ","floor":22,"damage_taken":0},{"event_name":"Forgotten Altar","player_choice":"Shed Blood","floor":24,"damage_taken":0},{"event_name":"Vampires","player_choice":"Became a vampire","floor":25,"damage_taken":0},{"event_name":"Mysterious Sphere","player_choice":"Fight","floor":36,"damage_taken":0}],"is_beta":false,"boss_relics":[{"not_picked":["Philosopher\u0027s Stone","Empty Cage"],"picked":"Orrery"},{"not_picked":["Black Star","Snecko Eye"],"picked":"Busted Crown"}],"items_purged_floors":[],"is_endless":false,"potions_floor_spawned":[8,12,13,14,16,28,31,40,42,44],"killed_by":"Awakened One","ascension_level":7}