{"gold_per_floor":[364,364,364,364,384,424,444,444,467,467],"floor_reached":10,"playtime":361,"items_purged":[],"score":66,"play_id":"ca234f7b-83bb-4d3e-86f3-88728f3f140d","local_time":"20190329181457","is_ascension_mode":false,"campfire_choices":[{"data":"Armaments","floor":8,"key":"SMITH"}],"neow_cost":"TEN_PERCENT_HP_LOSS","seed_source_timestamp":10311911811228,"circlet_count":0,"master_deck":["Strike_R","Strike_R","Strike_R","Strike_R","Strike_R","Defend_R","Defend_R","Defend_R","Defend_R","Bash","Havoc","Shockwave","Armaments+1"],"relics":["Burning Blood","Golden Idol","Blood Vial","Boot","Omamori"],"potions_floor_usage":[6],"damage_taken":[{"damage":7,"enemies":"Small Slimes","floor":1,"turns":4},{"damage":2,"enemies":"2 Louse","floor":5,"turns":3},{"damage":31,"enemies":"Lagavulin","floor":6,"turns":8},{"damage":1,"enemies":"Cultist","floor":7,"turns":5},{"damage":8,"enemies":"Red Slaver","floor":10,"turns":3}],"seed_played":"-1461278157855971214","potions_obtained":[{"floor":5,"key":"Dexterity Potion"},{"floor":6,"key":"Energy Potion"}],"is_trial":false,"path_per_floor":["M","?","?","?","M","E","M","R","T","M"],"character_chosen":"IRONCLAD","items_purchased":[],"campfire_rested":0,"item_purchase_floors":[],"current_hp_per_floor":[71,53,46,39,45,22,29,29,29,23],"gold":467,"neow_bonus":"TWO_FIFTY_GOLD","is_prod":false,"is_daily":false,"chose_seed":false,"campfire_upgraded":1,"win_rate":0,"timestamp":1553904897,"path_taken":["M","?","?","?","?","E","M","R","T","M"],"build_version":"2019-01-23","purchased_purges":0,"victory":false,"max_hp_per_floor":[72,72,72,72,72,72,72,72,72,72],"card_choices":[{"not_picked":["Body Slam","Feel No Pain"],"picked":"Havoc","floor":1},{"not_picked":["Wild Strike","Armaments"],"picked":"Shockwave","floor":5},{"not_picked":["Perfected Strike","Evolve","Body Slam"],"picked":"SKIP","floor":6},{"not_picked":["Body Slam","Havoc"],"picked":"Armaments","floor":7}],"player_experience":1145814,"relics_obtained":[{"floor":6,"key":"Boot"},{"floor":9,"key":"Omamori"}],"event_choices":[{"damage_healed":0,"gold_gain":0,"player_choice":"Take Damage","damage_taken":18,"relics_obtained":["Golden Idol"],"max_hp_gain":0,"max_hp_loss":0,"event_name":"Golden Idol","floor":2,"gold_loss":0},{"damage_healed":0,"gold_gain":0,"player_choice":"Success","damage_taken":7,"relics_obtained":["Blood Vial"],"max_hp_gain":0,"max_hp_loss":0,"event_name":"Scrap Ooze","floor":3,"gold_loss":0},{"damage_healed":0,"gold_gain":0,"player_choice":"Damaged","damage_taken":7,"max_hp_gain":0,"max_hp_loss":0,"event_name":"Wheel of Change","floor":4,"gold_loss":0}],"is_beta":false,"boss_relics":[],"items_purged_floors":[],"is_endless":false,"potions_floor_spawned":[5,6],"killed_by":"Red Slaver","ascension_level":0}