{"gold_per_floor":[115,115,125,144,162,162,3,3,83,83,83,98,126,126],"floor_reached":14,"playtime":386,"items_purged":[],"score":126,"play_id":"107588c0-e5f2-4965-a5ee-ea435bd5170c","local_time":"20180916145106","is_ascension_mode":true,"campfire_choices":[{"floor":6,"key":"REST"},{"data":"Defragment","floor":8,"key":"SMITH"},{"data":"Loop","floor":10,"key":"SMITH"}],"neow_cost":"PERCENT_DAMAGE","seed_source_timestamp":160191951037070,"circlet_count":0,"master_deck":["Strike_B","Strike_B","Strike_B","Defend_B","Defend_B","Defend_B","Defend_B","Zap","Dualcast","Echo Form","Ball Lightning","Defragment+1","Loop+1","Panacea","BootSequence","Capacitor"],"relics":["Cracked Core","Tiny Chest","StoneCalendar","Ancient Tea Set"],"potions_floor_usage":[13,14],"damage_taken":[{"damage":5,"enemies":"Jaw Worm","floor":1,"turns":6},{"damage":1,"enemies":"Cultist","floor":3,"turns":3},{"damage":0,"enemies":"Small Slimes","floor":4,"turns":2},{"damage":11,"enemies":"Blue Slaver","floor":5,"turns":4},{"damage":7,"enemies":"Exordium Wildlife","floor":12,"turns":3},{"damage":28,"enemies":"3 Sentries","floor":13,"turns":6},{"damage":23,"enemies":"Gremlin Gang","floor":14,"turns":2}],"seed_played":"-2127924270778893360","potions_obtained":[{"floor":5,"key":"SkillPotion"},{"floor":12,"key":"SteroidPotion"},{"floor":13,"key":"Block Potion"}],"is_trial":false,"path_per_floor":["M","?","M","M","M","R","$","R","T","R","T","M","E"],"character_chosen":"DEFECT","items_purchased":["Loop","Panacea"],"campfire_rested":1,"item_purchase_floors":[7,7],"current_hp_per_floor":[45,45,44,44,33,55,55,55,55,55,55,48,20,0],"gold":126,"neow_bonus":"THREE_RARE_CARDS","is_prod":false,"is_daily":false,"chose_seed":false,"campfire_upgraded":2,"win_rate":0,"timestamp":1537105866,"path_taken":["M","?","M","M","M","R","$","R","T","R","?","?","E","M"],"build_version":"2018-09-06","purchased_purges":0,"victory":false,"max_hp_per_floor":[75,75,75,75,75,75,75,75,75,75,75,75,75,75],"card_choices":[{"not_picked":["Fission","Reboot"],"picked":"Echo Form","floor":0},{"not_picked":["Gash","Leap"],"picked":"Ball Lightning","floor":1},{"not_picked":["Cold Snap","Meteor Strike"],"picked":"Defragment","floor":3},{"not_picked":["Leap","Turbo","Ball Lightning"],"picked":"SKIP","floor":4},{"not_picked":["Beam Cell","Barrage","Steam Power"],"picked":"SKIP","floor":5},{"not_picked":["Reprogram","Reinforced Body"],"picked":"BootSequence","floor":12},{"not_picked":["Sunder","Reinforced Body"],"picked":"Capacitor","floor":13}],"player_experience":390177,"relics_obtained":[{"floor":9,"key":"Tiny Chest"},{"floor":11,"key":"StoneCalendar"},{"floor":13,"key":"Ancient Tea Set"}],"event_choices":[{"event_name":"Purifier","player_choice":"One Purge","floor":2,"damage_taken":0}],"is_beta":false,"boss_relics":[],"items_purged_floors":[],"is_endless":false,"potions_floor_spawned":[5,12,13],"killed_by":"Gremlin Gang","ascension_level":8}