{"path_per_floor":["M","?","T","?","?","R","M","R","T","E","?","E","?","$","R","B",null,"M","M","M","M","?","E","R","M","T","R","M","M","M","M","R","B",null,"M","M","?","$","T","R","E","M","T","?","R","M","?","$","R","B"],"character_chosen":"IRONCLAD","items_purchased":["Strength Potion","Sundial","Champion Belt"],"gold_per_floor":[114,114,137,237,237,237,252,252,278,312,312,342,342,267,267,370,370,381,399,418,432,432,466,466,477,477,477,493,513,530,549,549,646,646,660,679,679,241,241,241,267,283,307,307,307,324,379,71,71,71],"floor_reached":51,"campfire_rested":5,"playtime":1538,"current_hp_per_floor":[71,71,78,78,75,75,80,80,80,78,83,62,62,62,62,40,79,68,66,47,26,26,38,80,58,58,92,84,91,73,59,92,51,82,81,58,46,46,46,88,76,79,79,79,79,40,43,43,85,78],"items_purged":["Defend_R","Defend_R"],"gold":71,"score":894,"play_id":"37363be3-9378-4307-987b-fcb36851072f","local_time":"20180324185101","is_prod":false,"is_daily":false,"is_ascension_mode":true,"campfire_upgraded":4,"timestamp":1521931861,"path_taken":["M","?","?","?","?","R","?","R","T","E","?","E","?","?","R","BOSS","M","?","M","M","?","E","R","M","T","R","M","M","M","M","R","BOSS","M","?","?","$","?","R","E","M","T","?","R","?","?","$","R","BOSS"],"build_version":"2018-03-22v2","purchased_purges":2,"victory":true,"master_deck":["Strike_R+1","Strike_R+1","Strike_R+1","Strike_R+1","Strike_R+1","Bash+1","Dropkick+1","Thunderclap+1","Spot Weakness+1","Rampage","Flex","Limit Break+1","Thunderclap+1","Madness","Madness"],"max_hp_per_floor":[80,80,87,87,87,87,87,87,87,87,92,92,92,92,92,92,92,92,92,92,92,92,92,92,92,92,92,92,92,92,92,92,92,92,92,92,92,92,92,92,92,92,92,92,92,92,92,92,92,92],"relics":["Black Blood","Strawberry","Matryoshka","Mercury Hourglass","Regal Pillow","Meat on the Bone","Centennial Puzzle","Blood Vial","Dodecahedron","Thread and Needle","Runic Dome","Sundial","Magic Flower","Art of War","Dream Catcher","Calipers","Champion Belt"],"card_choices":[{"not_picked":["Seeing Red","Bludgeon"],"picked":"Dropkick","floor":7},{"not_picked":["Twin Strike","Anger"],"picked":"Thunderclap","floor":10},{"not_picked":["Dropkick","Armaments"],"picked":"Spot Weakness","floor":19},{"not_picked":["Armaments","Heavy Blade"],"picked":"Rampage","floor":28},{"not_picked":["Sword Boomerang","True Grit"],"picked":"Flex","floor":30},{"not_picked":["Demon Form","Berserk"],"picked":"Limit Break","floor":33},{"not_picked":["Clash","Cleave"],"picked":"Thunderclap","floor":36}],"player_experience":193181,"potions_floor_usage":[10,12,16,19,31,33,33,50,50],"damage_taken":[{"damage":15,"enemies":"Small Slimes","floor":1,"turns":3},{"damage":1,"enemies":"Cultist","floor":7,"turns":3},{"damage":8,"enemies":"Gremlin Nob","floor":10,"turns":3},{"damage":27,"enemies":"3 Sentries","floor":12,"turns":4},{"damage":40,"enemies":"Slime Boss","floor":16,"turns":9},{"damage":33,"enemies":"2 Thieves","floor":18,"turns":3},{"damage":12,"enemies":"3 Byrds","floor":19,"turns":3},{"damage":41,"enemies":"Sentry and Sphere","floor":20,"turns":5},{"damage":43,"enemies":"Snake Plant","floor":21,"turns":3},{"damage":10,"enemies":"Gremlin Leader","floor":23,"turns":6},{"damage":34,"enemies":"Cultist and Chosen","floor":25,"turns":5},{"damage":18,"enemies":"Sentry and Sphere","floor":28,"turns":4},{"damage":5,"enemies":"Snecko","floor":29,"turns":3},{"damage":29,"enemies":"Centurion and Healer","floor":30,"turns":3},{"damage":26,"enemies":"Cultist and Chosen","floor":31,"turns":4},{"damage":63,"enemies":"Collector","floor":33,"turns":4},{"damage":13,"enemies":"Orb Walker","floor":35,"turns":3},{"damage":35,"enemies":"3 Darklings","floor":36,"turns":5},{"damage":30,"enemies":"2 Orb Walkers","floor":41,"turns":3},{"damage":33,"enemies":"4 Shapes","floor":42,"turns":3},{"damage":75,"enemies":"Maw","floor":46,"turns":6},{"damage":33,"enemies":"Mysterious Sphere","floor":47,"turns":3},{"damage":25,"enemies":"Awakened One","floor":50,"turns":4}],"event_choices":[{"event_name":"The Lab","player_choice":"Got Potions","floor":2,"damage_taken":0},{"event_name":"Golden Shrine","player_choice":"Pray","floor":4,"damage_taken":0},{"event_name":"Scrap Ooze","player_choice":"success","floor":5,"damage_taken":3},{"event_name":"Big Fish","player_choice":"Donut","floor":11,"damage_taken":0},{"event_name":"Liars Game","player_choice":"disagreed","floor":13,"damage_taken":0},{"event_name":"Back to Basics","player_choice":"Simplicity","floor":22,"damage_taken":0},{"event_name":"Winding Halls","player_choice":"Embrace Madness","floor":37,"damage_taken":0},{"event_name":"Bonfire Elementals","player_choice":"BASIC","floor":44,"damage_taken":0},{"event_name":"Mysterious Sphere","player_choice":"Fight","floor":47,"damage_taken":0}],"boss_relics":[{"not_picked":["Eternal Feather","Snecko Eye"],"picked":"Black Blood"},{"not_picked":["Philosopher\u0027s Stone","Cursed Key"],"picked":"Runic Dome"}],"potions_floor_spawned":[1,16,18,29,30,31,41,47],"seed_played":"1770508908722837709","ascension_level":5,"is_trial":false}