{"gold_per_floor":[113,113,1,1,16,16,31,31,104,104,123,123,141,151,151,229,229,241,241,252,285,66,66,83,83,83,83,133,148,148],"floor_reached":30,"playtime":1632,"items_purged":["Strike_B"],"score":385,"play_id":"534ff719-8f2f-4c1a-aba5-da02ec5b979a","local_time":"20190312000315","is_ascension_mode":true,"campfire_choices":[{"data":"Dualcast","floor":10,"key":"SMITH"},{"data":"Go for the Eyes","floor":12,"key":"SMITH"},{"data":"Coolheaded","floor":15,"key":"SMITH"},{"data":"Self Repair","floor":23,"key":"SMITH"},{"data":"Reboot","floor":25,"key":"SMITH"}],"neow_cost":"NONE","seed_source_timestamp":116639565800,"circlet_count":0,"master_deck":["AscendersBane","Strike_B","Strike_B","Strike_B+1","Defend_B","Defend_B","Defend_B+1","Defend_B","Zap","Dualcast+1","Reboot+1","Go for the Eyes+1","Self Repair+1","Coolheaded+1","Cold Snap","Hello World","Auto Shields","Conserve Battery","Conserve Battery","Ball Lightning","Loop+1"],"relics":["Cracked Core","Ice Cream","Sundial","Runic Pyramid","Red Mask","ClockworkSouvenir","Ornamental Fan","Blue Candle"],"potions_floor_usage":[16,18,21,30,30],"damage_taken":[{"damage":2,"enemies":"2 Louse","floor":1,"turns":2},{"damage":1,"enemies":"Cultist","floor":5,"turns":3},{"damage":2,"enemies":"Jaw Worm","floor":7,"turns":3},{"damage":6,"enemies":"Blue Slaver","floor":11,"turns":4},{"damage":4,"enemies":"Exordium Wildlife","floor":13,"turns":3},{"damage":18,"enemies":"Gremlin Gang","floor":14,"turns":6},{"damage":15,"enemies":"Slime Boss","floor":16,"turns":13},{"damage":14,"enemies":"2 Thieves","floor":18,"turns":5},{"damage":2,"enemies":"Shell Parasite","floor":20,"turns":7},{"damage":2,"enemies":"Masked Bandits","floor":21,"turns":3},{"damage":13,"enemies":"Snake Plant","floor":24,"turns":5},{"damage":0,"enemies":"Cultist and Chosen","floor":29,"turns":7},{"damage":73,"enemies":"Book of Stabbing","floor":30,"turns":8}],"seed_played":"-2042343760236522843","potions_obtained":[{"floor":7,"key":"Swift Potion"},{"floor":13,"key":"SteroidPotion"},{"floor":16,"key":"Swift Potion"},{"floor":20,"key":"PowerPotion"},{"floor":21,"key":"Fire Potion"}],"is_trial":false,"path_per_floor":["M","?","$","?","M","?","M","T","T","R","M","R","M","M","R","B",null,"M","?","M","?","$","R","M","R","T","T","?","M","E"],"character_chosen":"DEFECT","items_purchased":["Self Repair","ClockworkSouvenir","Ball Lightning"],"campfire_rested":0,"item_purchase_floors":[3,22,22],"current_hp_per_floor":[62,58,58,37,43,25,30,30,30,30,31,31,34,23,23,15,57,50,50,55,60,60,60,57,57,57,57,57,67,0],"gold":148,"neow_bonus":"ONE_RANDOM_RARE_CARD","is_prod":false,"is_daily":false,"chose_seed":false,"campfire_upgraded":5,"win_rate":0,"timestamp":1552348995,"path_taken":["M","?","?","?","?","?","M","?","T","R","M","R","?","M","R","BOSS","M","?","M","?","$","R","?","R","T","?","?","M","E"],"build_version":"2019-01-23","purchased_purges":1,"victory":false,"max_hp_per_floor":[71,71,71,71,71,71,71,71,71,71,71,71,71,71,71,71,71,71,71,71,71,71,71,71,71,71,71,71,71,71],"card_choices":[{"not_picked":["Leap","Redo"],"picked":"Go for the Eyes","floor":1},{"not_picked":["Redo","Undo"],"picked":"Coolheaded","floor":5},{"not_picked":["Leap","Barrage"],"picked":"Cold Snap","floor":7},{"not_picked":["Double Energy","Coolheaded"],"picked":"Hello World","floor":11},{"not_picked":["Undo","Beam Cell"],"picked":"Auto Shields","floor":13},{"not_picked":["Consume","Rebound"],"picked":"Conserve Battery","floor":14},{"not_picked":["Redo","Rip and Tear"],"picked":"Conserve Battery","floor":18},{"not_picked":["Barrage","Streamline","Beam Cell"],"picked":"SKIP","floor":20},{"not_picked":["Beam Cell","Streamline","Go for the Eyes"],"picked":"SKIP","floor":24},{"not_picked":["Lockon","Undo"],"picked":"Loop+1","floor":29}],"player_experience":604361,"relics_obtained":[{"floor":9,"key":"Sundial"},{"floor":21,"key":"Red Mask"},{"floor":26,"key":"Ornamental Fan"},{"floor":27,"key":"Blue Candle"}],"event_choices":[{"damage_healed":0,"gold_gain":0,"player_choice":"Bought 0 Potions","damage_taken":0,"max_hp_gain":0,"max_hp_loss":0,"event_name":"The Woman in Blue","floor":2,"gold_loss":0},{"damage_healed":0,"gold_gain":0,"player_choice":"Entered Light","damage_taken":21,"max_hp_gain":0,"max_hp_loss":0,"event_name":"Shining Light","floor":4,"gold_loss":0,"cards_upgraded":["Defend_B","Strike_B"]},{"damage_healed":0,"gold_gain":0,"player_choice":"Success","damage_taken":18,"relics_obtained":["Ice Cream"],"max_hp_gain":0,"max_hp_loss":0,"event_name":"Scrap Ooze","floor":6,"gold_loss":0},{"damage_healed":0,"gold_gain":0,"player_choice":"Ignored","damage_taken":0,"max_hp_gain":0,"max_hp_loss":0,"event_name":"Ghosts","floor":19,"gold_loss":0},{"damage_healed":0,"gold_gain":0,"player_choice":"Fought Bandits","damage_taken":0,"max_hp_gain":0,"max_hp_loss":0,"event_name":"Masked Bandits","floor":21,"gold_loss":0},{"damage_healed":0,"gold_gain":50,"player_choice":"Stole From Cult","damage_taken":0,"max_hp_gain":0,"max_hp_loss":0,"event_name":"Nest","floor":28,"gold_loss":0}],"is_beta":false,"boss_relics":[{"not_picked":["Astrolabe","Tiny House"],"picked":"Runic Pyramid"}],"items_purged_floors":[3],"is_endless":false,"potions_floor_spawned":[7,13,16,20,21,29],"killed_by":"Book of Stabbing","ascension_level":15}