{"gold_per_floor":[111,121,121,51,14,14,114,142,187,204,204,237,237,86,86,163,163,180,180,39,37,48,48,73,73,73,106,121,134,134,34,34,108,108,122,122,132,60,114,129,129,158,158,188,188,221,231,248,248,248,248,248,55,86,86],"floor_reached":55,"playtime":4005,"items_purged":["Strike_G","Strike_G"],"score":1489,"play_id":"77f13c7b-69ca-46b2-828d-1d7485441389","local_time":"20190325002054","is_ascension_mode":true,"campfire_choices":[{"data":"Footwork","floor":6.0,"key":"SMITH"},{"floor":11.0,"key":"REST"},{"data":"Deadly Poison","floor":13.0,"key":"SMITH"},{"data":"Noxious Fumes","floor":15.0,"key":"SMITH"},{"data":"Bouncing Flask","floor":23,"key":"SMITH"},{"data":"Footwork","floor":30,"key":"SMITH"},{"data":"Footwork","floor":32,"key":"SMITH"},{"floor":41,"key":"REST"},{"floor":45,"key":"REST"},{"floor":49,"key":"RECALL"},{"data":"Burst","floor":52,"key":"SMITH"}],"neow_cost":"NONE","seed_source_timestamp":47813530995159,"circlet_count":0,"master_deck":["AscendersBane","Defend_G","Defend_G","Defend_G","Defend_G","Defend_G","Survivor","Neutralize+1","Blur+1","Deadly Poison+1","Escape Plan","Footwork+1","Footwork+1","Leg Sweep","Noxious Fumes+1","Corpse Explosion","Concentrate+1","Adrenaline+1","Escape Plan","Adrenaline","Bouncing Flask+1","Caltrops","Footwork+1","Backflip","Burst+1","Catalyst","PiercingWail+1","Deadly Poison+1","Well Laid Plans","Catalyst","Night Terror"],"special_seed":0,"relics":["Ring of the Snake","Centennial Puzzle","Pen Nib","Girya","Nloth\u0027s Gift","Orichalcum","Darkstone Periapt","Bird Faced Urn","Sozu","Thread and Needle","Peace Pipe","Lantern","Regal Pillow","Frozen Eye","Whetstone"],"potions_floor_usage":[24,27,28,39],"damage_taken":[{"damage":0.0,"enemies":"Jaw Worm","floor":1.0,"turns":4.0},{"damage":0.0,"enemies":"Small Slimes","floor":2.0,"turns":3.0},{"damage":52.0,"enemies":"Gremlin Nob","floor":8.0,"turns":8.0},{"damage":0.0,"enemies":"Cultist","floor":10.0,"turns":4.0},{"damage":0.0,"enemies":"Lagavulin","floor":12.0,"turns":10.0},{"damage":13,"enemies":"Slime Boss","floor":16,"turns":13},{"damage":0,"enemies":"Spheric Guardian","floor":18,"turns":4},{"damage":6,"enemies":"2 Thieves","floor":21,"turns":4},{"damage":0,"enemies":"Chosen and Byrds","floor":22,"turns":7},{"damage":1,"enemies":"Gremlin Leader","floor":24,"turns":9},{"damage":0,"enemies":"Book of Stabbing","floor":27,"turns":6},{"damage":1,"enemies":"Snake Plant","floor":28,"turns":5},{"damage":6,"enemies":"Centurion and Healer","floor":29,"turns":5},{"damage":6,"enemies":"Automaton","floor":33,"turns":11},{"damage":0,"enemies":"3 Darklings","floor":35,"turns":4},{"damage":0,"enemies":"Orb Walker","floor":37,"turns":4},{"damage":36,"enemies":"2 Orb Walkers","floor":39,"turns":6},{"damage":2,"enemies":"Maw","floor":40,"turns":8},{"damage":3,"enemies":"Giant Head","floor":42,"turns":6},{"damage":41,"enemies":"Reptomancer","floor":44,"turns":5},{"damage":0,"enemies":"Nemesis","floor":46,"turns":7},{"damage":0,"enemies":"Sphere and 2 Shapes","floor":47,"turns":5},{"damage":3,"enemies":"Spire Growth","floor":48,"turns":4},{"damage":31,"enemies":"Donu and Deca","floor":50,"turns":7},{"damage":0,"enemies":"Shield and Spear","floor":54,"turns":8},{"damage":79,"enemies":"The Heart","floor":55,"turns":9}],"seed_played":"1714350459620609193","potions_obtained":[{"floor":8.0,"key":"Weak Potion"},{"floor":16,"key":"Fire Potion"},{"floor":21,"key":"Explosive Potion"},{"floor":24,"key":"Fruit Juice"},{"floor":27,"key":"SteroidPotion"},{"floor":33,"key":"Fire Potion"}],"is_trial":false,"path_per_floor":["M","M","?","$","$","R","?","E","T","M","R","E","R","$","R","B",null,"M","?","$","M","M","R","E","?","T","E","M","M","R","$","R","B",null,"M","?","M","$","?","M","R","E","T","E","R","E","M","M","R","B",null,"R","$","E","B"],"character_chosen":"THE_SILENT","items_purchased":["Footwork","Footwork","Noxious Fumes","Adrenaline","Catalyst","Frozen Eye"],"campfire_rested":3,"item_purchase_floors":[4,5,14,20,38,53],"current_hp_per_floor":[59,59,59,59,59,59,59,7,7,7,26,26,26,26,26,13,53,53,53,53,47,47,47,46,46,46,51,60,62,62,62,62,64,69,71,71,71,71,35,43,64,70,70,32,53,65,71,71,71,44,64,64,64,71,0],"gold":86,"neow_bonus":"THREE_CARDS","is_prod":false,"is_daily":false,"chose_seed":false,"campfire_upgraded":7,"win_rate":0,"timestamp":1553469654,"path_taken":["M","M","?","?","$","R","?","E","T","?","R","E","R","$","R","BOSS","M","?","$","?","M","R","E","?","T","E","M","M","R","$","R","BOSS","M","?","M","$","?","M","R","E","T","E","R","E","M","M","R","BOSS","R","$","E","BOSS"],"build_version":"2019-01-23","purchased_purges":2,"victory":false,"max_hp_per_floor":[66,66,66,66,66,66,66,66,66,66,66,66,66,66,66,66,66,66,66,66,66,66,66,66,66,66,71,71,71,71,71,71,71,71,71,71,71,71,71,71,71,71,71,71,71,71,71,71,71,71,71,71,71,71,71],"card_choices":[{"not_picked":["Quick Slash","Underhanded Strike"],"picked":"Blur","floor":0.0},{"not_picked":["Cloak And Dagger","Heel Hook"],"picked":"Deadly Poison","floor":1.0},{"not_picked":["Underhanded Strike","Sucker Punch"],"picked":"Escape Plan","floor":2.0},{"not_picked":["Deflect","Dagger Throw","Flechettes"],"picked":"SKIP","floor":8.0},{"not_picked":["Cloak And Dagger","Masterful Stab","Infinite Blades"],"picked":"SKIP","floor":10.0},{"not_picked":["Infinite Blades","Prepared"],"picked":"Leg Sweep","floor":12.0},{"not_picked":["After Image","Wraith Form v2"],"picked":"Corpse Explosion","floor":16},{"not_picked":["Bane","Deadly Poison"],"picked":"Escape Plan","floor":18},{"not_picked":["Deflect","Riddle With Holes","Setup"],"picked":"SKIP","floor":21},{"not_picked":["Outmaneuver","A Thousand Cuts"],"picked":"Bouncing Flask","floor":22},{"not_picked":["Slice","Terror"],"picked":"Caltrops","floor":24},{"not_picked":["Cloak And Dagger","Poisoned Stab","Venomology"],"picked":"SKIP","floor":27},{"not_picked":["Blade Dance","Flying Knee","Dagger Spray"],"picked":"SKIP","floor":28},{"not_picked":["Deadly Poison","Flying Knee"],"picked":"Backflip","floor":29},{"not_picked":["Storm of Steel","A Thousand Cuts"],"picked":"Burst","floor":33},{"not_picked":["All Out Attack","Quick Slash+1","Heel Hook+1"],"picked":"SKIP","floor":35},{"not_picked":["Quick Slash+1","Bane","Deadly Poison"],"picked":"SKIP","floor":37},{"not_picked":["Underhanded Strike","Envenom"],"picked":"PiercingWail+1","floor":39},{"not_picked":["Flying Knee","Wraith Form v2"],"picked":"Deadly Poison+1","floor":40},{"not_picked":["Sucker Punch","After Image"],"picked":"Well Laid Plans","floor":42},{"not_picked":["Quick Slash","Bane"],"picked":"Catalyst","floor":44},{"not_picked":["Prepared+1","Slice","Heel Hook+1"],"picked":"SKIP","floor":46},{"not_picked":["Deadly Poison","Sucker Punch","Dagger Throw+1"],"picked":"SKIP","floor":47},{"not_picked":["Prepared","Backflip","Quick Slash+1"],"picked":"SKIP","floor":48},{"not_picked":["Calculated Gamble","Adrenaline"],"picked":"Night Terror","floor":54}],"player_experience":769010,"relics_obtained":[{"floor":8.0,"key":"Centennial Puzzle"},{"floor":9.0,"key":"Pen Nib"},{"floor":12.0,"key":"Girya"},{"floor":24,"key":"Orichalcum"},{"floor":26,"key":"Darkstone Periapt"},{"floor":27,"key":"Bird Faced Urn"},{"floor":39,"key":"Thread and Needle"},{"floor":42,"key":"Peace Pipe"},{"floor":44,"key":"Lantern"},{"floor":46,"key":"Regal Pillow"},{"floor":54,"key":"Whetstone"}],"event_choices":[{"damage_healed":0.0,"max_hp_gain":0.0,"max_hp_loss":0.0,"gold_gain":0.0,"event_name":"Living Wall","player_choice":"Grow","floor":3.0,"gold_loss":0.0,"damage_taken":0.0,"cards_upgraded":["Blur"]},{"damage_healed":0.0,"max_hp_gain":0.0,"max_hp_loss":0.0,"gold_gain":100.0,"event_name":"Golden Shrine","player_choice":"Pray","floor":7.0,"gold_loss":0.0,"damage_taken":0.0},{"damage_healed":0,"gold_gain":0,"player_choice":"Traded Relic","damage_taken":0,"relics_obtained":["Nloth\u0027s Gift"],"max_hp_gain":0,"max_hp_loss":0,"event_name":"N\u0027loth","floor":19,"relics_lost":["Astrolabe"],"gold_loss":0},{"damage_healed":0,"gold_gain":0,"player_choice":"Read","damage_taken":0,"max_hp_gain":0,"max_hp_loss":0,"event_name":"The Library","floor":25,"gold_loss":0,"cards_obtained":["Footwork"]},{"cards_removed":["Backstab"],"damage_healed":0,"gold_gain":0,"player_choice":"Removed Attack","damage_taken":0,"max_hp_gain":0,"max_hp_loss":0,"event_name":"Falling","floor":36,"gold_loss":0},{"damage_healed":0,"gold_gain":0,"player_choice":"Fight","damage_taken":0,"max_hp_gain":0,"max_hp_loss":0,"event_name":"Mysterious Sphere","floor":39,"gold_loss":0}],"is_beta":false,"boss_relics":[{"not_picked":["Coffee Dripper","Orrery"],"picked":"Astrolabe"},{"not_picked":["Runic Pyramid","White Beast Statue"],"picked":"Sozu"}],"items_purged_floors":[14,31],"is_endless":false,"potions_floor_spawned":[8,16,18,21,24,27,33,35,37,40,46,47],"killed_by":"The Heart","ascension_level":14}