{"gold_per_floor":[112,8,8,8,8,8,38,48,48,13,40,52,72,72,72,170,170,181,106,205,120,140,165,165],"floor_reached":24,"playtime":1069,"items_purged":[],"score":284,"play_id":"c362c3a7-4618-4a05-8ba6-b663e293ff30","local_time":"20190330124757","is_ascension_mode":true,"campfire_choices":[{"floor":6,"key":"RECALL"},{"floor":15,"key":"REST"}],"neow_cost":"NONE","seed_source_timestamp":10041714662300,"circlet_count":0,"master_deck":["Strike_B","Strike_B","Strike_B","Strike_B","Defend_B","Defend_B","Defend_B+1","Defend_B+1","Zap+1","Dualcast","Gash","Static Discharge","Sweeping Beam+1","Thunder Strike","BootSequence","Sunder","Rebound","White Noise","Creative AI","Rebound","Gash+1"],"relics":["Cracked Core","NeowsBlessing","Question Card","Oddly Smooth Stone","Pear","Boot","Singing Bowl","Busted Crown","Dodecahedron","War Paint"],"potions_floor_usage":[11,11,18,23,23],"damage_taken":[{"damage":0,"enemies":"Cultist","floor":1,"turns":1},{"damage":0,"enemies":"3 Sentries","floor":7,"turns":1},{"damage":0,"enemies":"Small Slimes","floor":8,"turns":1},{"damage":28,"enemies":"Lagavulin","floor":11,"turns":6},{"damage":0,"enemies":"2 Louse","floor":12,"turns":2},{"damage":14,"enemies":"Exordium Wildlife","floor":13,"turns":4},{"damage":52,"enemies":"Slime Boss","floor":16,"turns":10},{"damage":9,"enemies":"Spheric Guardian","floor":18,"turns":5},{"damage":21,"enemies":"3 Byrds","floor":22,"turns":3},{"damage":41,"enemies":"Book of Stabbing","floor":23,"turns":5},{"damage":0,"enemies":"Shelled Parasite and Fungi","floor":24,"turns":3}],"seed_played":"1700168655187140785","potions_obtained":[{"floor":7,"key":"Fire Potion"},{"floor":8,"key":"Ancient Potion"},{"floor":11,"key":"GamblersBrew"},{"floor":16,"key":"Weak Potion"},{"floor":18,"key":"Dexterity Potion"},{"floor":22,"key":"Poison Potion"}],"is_trial":false,"path_per_floor":["M","$","?","?","$","R","E","M","T","?","E","M","M","?","R","B",null,"M","?","?","?","M","E","M"],"character_chosen":"DEFECT","items_purchased":["Static Discharge","Sweeping Beam"],"campfire_rested":1,"item_purchase_floors":[2,2],"current_hp_per_floor":[75,75,60,53,53,53,53,53,63,84,56,56,42,42,67,15,85,76,76,76,76,55,16,16],"gold":165,"neow_bonus":"THREE_ENEMY_KILL","is_prod":false,"is_daily":false,"chose_seed":false,"campfire_upgraded":0,"win_rate":0,"timestamp":1553960877,"path_taken":["M","?","?","?","$","R","E","?","T","?","E","M","M","?","R","BOSS","M","?","?","?","M","E","M"],"build_version":"2019-01-23","purchased_purges":0,"victory":false,"max_hp_per_floor":[75,75,75,75,75,75,75,75,85,85,85,85,85,85,85,85,85,85,85,85,85,85,87,87],"card_choices":[{"not_picked":["Hologram","Steam"],"picked":"Gash","floor":1},{"not_picked":["Tempest","Loop","Coolheaded"],"picked":"Thunder Strike","floor":7},{"not_picked":["Storm","Fusion","Reprogram"],"picked":"BootSequence","floor":8},{"not_picked":["Loop","Redo","Melter"],"picked":"Sunder","floor":11},{"not_picked":["Streamline","Force Field","Beam Cell"],"picked":"Rebound","floor":12},{"not_picked":["Sweeping Beam","Conserve Battery","Streamline"],"picked":"White Noise","floor":13},{"not_picked":["Buffer","Core Surge","Thunder Strike"],"picked":"Creative AI","floor":16},{"not_picked":["Reinforced Body"],"picked":"Rebound","floor":18},{"not_picked":["Turbo"],"picked":"Gash+1","floor":22},{"not_picked":["Steam","Reinforced Body"],"picked":"Singing Bowl","floor":23}],"player_experience":321437,"relics_obtained":[{"floor":7,"key":"Oddly Smooth Stone"},{"floor":9,"key":"Pear"},{"floor":11,"key":"Boot"},{"floor":23,"key":"War Paint"}],"event_choices":[{"damage_healed":0,"gold_gain":0,"player_choice":"Entered Light","damage_taken":15,"max_hp_gain":0,"max_hp_loss":0,"event_name":"Shining Light","floor":3,"gold_loss":0,"cards_upgraded":["Sweeping Beam","Defend_B"]},{"damage_healed":0,"gold_gain":0,"player_choice":"Success","damage_taken":7,"relics_obtained":["Question Card"],"max_hp_gain":0,"max_hp_loss":0,"event_name":"Scrap Ooze","floor":4,"gold_loss":0},{"damage_healed":21,"gold_gain":0,"player_choice":"Healed","damage_taken":0,"max_hp_gain":0,"max_hp_loss":0,"event_name":"The Cleric","floor":10,"gold_loss":35},{"damage_healed":0,"gold_gain":0,"player_choice":"Box","damage_taken":0,"relics_obtained":["Singing Bowl"],"max_hp_gain":0,"max_hp_loss":0,"event_name":"Big Fish","floor":14,"gold_loss":0,"cards_obtained":["Regret"]},{"cards_removed":["Regret"],"damage_healed":0,"gold_gain":0,"player_choice":"Gave Gold","damage_taken":0,"max_hp_gain":0,"max_hp_loss":0,"event_name":"Beggar","floor":19,"gold_loss":75},{"damage_healed":0,"gold_gain":99,"player_choice":"Stole From Cult","damage_taken":0,"max_hp_gain":0,"max_hp_loss":0,"event_name":"Nest","floor":20,"gold_loss":0},{"damage_healed":0,"gold_gain":0,"player_choice":"Obtained Relic","damage_taken":0,"relics_obtained":["Dodecahedron"],"max_hp_gain":0,"max_hp_loss":0,"event_name":"Addict","floor":21,"gold_loss":85}],"is_beta":false,"boss_relics":[{"not_picked":["Fusion Hammer","Nuclear Battery"],"picked":"Busted Crown"}],"items_purged_floors":[],"is_endless":false,"potions_floor_spawned":[7,8,11,16,18,22],"killed_by":"Shelled Parasite and Fungi","ascension_level":3}