{"gold_per_floor":[110,110,35,45,59,59,72,72,72,91,91,106,106,8,8,107,107,122,110,126,141,56,87,38,38,38,53,53,53,53],"floor_reached":30,"playtime":1100,"items_purged":["Decay"],"score":303,"play_id":"cb36647f-fe20-415f-93c5-93ef3f5f79d2","local_time":"20180907142058","is_ascension_mode":true,"campfire_choices":[{"data":"Loop","floor":6,"key":"SMITH"},{"data":"Dualcast","floor":8,"key":"SMITH"},{"floor":11,"key":"REST"},{"data":"Coolheaded","floor":15,"key":"SMITH"},{"floor":25,"key":"REST"}],"neow_cost":"","seed_source_timestamp":86321968706131,"circlet_count":0,"master_deck":["Strike_B","Strike_B","Strike_B","Defend_B","Defend_B","Defend_B","Zap","Dualcast+1","Auto Shields","Loop+1","Conserve Battery","Coolheaded+1","Flash of Steel","Machine Learning","Ball Lightning+1","Conserve Battery","Self Repair","Conserve Battery","Writhe","Go for the Eyes+1","Coolheaded","Turbo","Reinforced Body"],"relics":["Cracked Core","Centennial Puzzle","Singing Bowl","Cursed Key","Pen Nib","Calipers","Darkstone Periapt"],"potions_floor_usage":[18,20,23,23],"damage_taken":[{"damage":0,"enemies":"Small Slimes","floor":1,"turns":2},{"damage":1,"enemies":"Cultist","floor":4,"turns":3},{"damage":4,"enemies":"2 Louse","floor":5,"turns":2},{"damage":20,"enemies":"Lots of Slimes","floor":7,"turns":4},{"damage":2,"enemies":"2 Fungi Beasts","floor":10,"turns":3},{"damage":8,"enemies":"Large Slime","floor":12,"turns":6},{"damage":24,"enemies":"The Guardian","floor":16,"turns":16},{"damage":0,"enemies":"3 Byrds","floor":18,"turns":2},{"damage":16,"enemies":"2 Thieves","floor":19,"turns":4},{"damage":3,"enemies":"Centurion and Healer","floor":20,"turns":7},{"damage":5,"enemies":"Snecko","floor":21,"turns":4},{"damage":45,"enemies":"Slavers","floor":23,"turns":7},{"damage":35,"enemies":"Shelled Parasite and Fungi","floor":27,"turns":6},{"damage":13,"enemies":"Snake Plant","floor":30,"turns":1}],"seed_played":"-2391306945044068026","potions_obtained":[{"floor":5,"key":"Regen Potion"},{"floor":12,"key":"LiquidBronze"},{"floor":16,"key":"Fire Potion"},{"floor":21,"key":"GamblersBrew"}],"is_trial":false,"path_per_floor":["M","?","$","M","M","R","M","R","T","M","R","M","?","$","R","B",null,"M","M","M","M","?","E","$","R","T","M","?","$"],"character_chosen":"DEFECT","items_purchased":["Flash of Steel","Conserve Battery"],"campfire_rested":2,"item_purchase_floors":[14,24],"current_hp_per_floor":[75,75,75,74,70,70,50,50,50,48,70,62,59,59,59,35,65,65,51,60,55,55,17,17,40,40,12,12,12,0],"gold":53,"neow_bonus":"","is_prod":false,"is_daily":false,"chose_seed":false,"campfire_upgraded":3,"win_rate":0,"timestamp":1536326458,"path_taken":["M","?","$","M","M","R","M","R","T","M","R","?","?","$","R","BOSS","M","M","M","?","?","E","$","R","T","M","?","?","?"],"build_version":"2018-09-06","purchased_purges":1,"victory":false,"max_hp_per_floor":[75,75,75,75,75,75,75,75,75,75,75,75,75,75,75,75,75,75,77,77,77,77,77,77,77,77,77,77,77,77],"card_choices":[{"not_picked":["Turbo","Beam Cell","Recycle"],"picked":"SKIP","floor":1},{"not_picked":["Stack","Steam"],"picked":"Auto Shields","floor":4},{"not_picked":["Steam","Compile Driver"],"picked":"Loop","floor":5},{"not_picked":["Sweeping Beam","Turbo"],"picked":"Conserve Battery","floor":7},{"not_picked":["Doom and Gloom","Skim","Beam Cell"],"picked":"SKIP","floor":10},{"not_picked":["BootSequence","Streamline"],"picked":"Coolheaded","floor":12},{"not_picked":["Multi-Cast","Hyperbeam"],"picked":"Machine Learning","floor":16},{"not_picked":["Steam","Turbo+1"],"picked":"Ball Lightning+1","floor":18},{"not_picked":["Glacier","Darkness","Reprogram"],"picked":"Singing Bowl","floor":19},{"not_picked":["Sweeping Beam","Force Field"],"picked":"Conserve Battery","floor":20},{"not_picked":["Beam Cell","Cold Snap"],"picked":"Self Repair","floor":21},{"not_picked":["Conserve Battery+1","Blizzard"],"picked":"Fission","floor":23},{"not_picked":["Leap","Turbo+1"],"picked":"Go for the Eyes+1","floor":27}],"player_experience":337947,"relics_obtained":[{"floor":9,"key":"Centennial Puzzle"},{"floor":23,"key":"Calipers"},{"floor":26,"key":"Darkstone Periapt"}],"event_choices":[{"event_name":"Wheel of Change","player_choice":"Curse","floor":2,"damage_taken":0},{"event_name":"Scrap Ooze","player_choice":"success","floor":13,"damage_taken":3},{"event_name":"Addict","player_choice":"Obtained Relic","floor":22,"damage_taken":0},{"event_name":"Drug Dealer","player_choice":"Became Test Subject","floor":28,"damage_taken":0}],"is_beta":false,"boss_relics":[{"not_picked":["Orrery","Calling Bell"],"picked":"Cursed Key"}],"items_purged_floors":[3],"is_endless":false,"potions_floor_spawned":[5,12,16,21],"killed_by":"Snake Plant","ascension_level":5}