{"gold_per_floor":[119,119,134,152,152,152,187,187,234,14,38,63,78,104,104,228,228,197,197,230,249,74,74,87,87,87,87,105,105,121,121,121,249,249,263,138,138,152,170,205,205,221,266,300,314,377,393,414,414,414],"floor_reached":50,"playtime":3297,"items_purged":["Strike_B","Strike_B","Strike_B"],"score":614,"play_id":"9f0f68ec-dd4b-4378-b962-6ccfd23e83e6","local_time":"20181006035941","is_ascension_mode":true,"campfire_choices":[{"data":"Zap","floor":6,"key":"SMITH"},{"data":"Redo","floor":8,"key":"SMITH"},{"data":"Defragment","floor":15,"key":"SMITH"},{"data":"Creative AI","floor":23,"key":"SMITH"},{"data":"Chill","floor":25,"key":"SMITH"},{"data":"Conserve Battery","floor":27,"key":"SMITH"},{"data":"Conserve Battery","floor":32,"key":"SMITH"},{"data":"Redo","floor":41,"key":"SMITH"},{"data":"Fission","floor":49,"key":"SMITH"}],"neow_cost":"NONE","seed_source_timestamp":172315095149754,"circlet_count":0,"master_deck":["Defend_B","Defend_B+1","Defend_B+1","Defend_B","Zap+1","Redo+1","Redo+1","Leap","Defragment+1","Conserve Battery+1","Conserve Battery+1","Glacier","Creative AI+1","Leap","Chill+1","Electrodynamics","Electrodynamics","Defragment","Fission+1"],"relics":["Cracked Core","War Paint","Golden Idol","Art of War","Cables","Anchor","Omamori","Odd Mushroom","Coffee Dripper","Red Mask","Singing Bowl","WarpedTongs","Cursed Key","Mercury Hourglass","Boot","Blood Vial","Tiny Chest"],"potions_floor_usage":[14,21,24,33,33,50,50,50],"damage_taken":[{"damage":0,"enemies":"Small Slimes","floor":1,"turns":2},{"damage":0,"enemies":"Jaw Worm","floor":3,"turns":3},{"damage":0,"enemies":"Cultist","floor":4,"turns":3},{"damage":2,"enemies":"Lagavulin","floor":7,"turns":7},{"damage":0,"enemies":"3 Louse","floor":11,"turns":3},{"damage":0,"enemies":"Red Slaver","floor":12,"turns":3},{"damage":0,"enemies":"Blue Slaver","floor":13,"turns":2},{"damage":1,"enemies":"The Mushroom Lair","floor":14,"turns":4},{"damage":14,"enemies":"Slime Boss","floor":16,"turns":13},{"damage":19,"enemies":"2 Thieves","floor":18,"turns":5},{"damage":33,"enemies":"Masked Bandits","floor":20,"turns":9},{"damage":1,"enemies":"Shell Parasite","floor":21,"turns":5},{"damage":14,"enemies":"Cultist and Chosen","floor":24,"turns":6},{"damage":0,"enemies":"Centurion and Healer","floor":28,"turns":11},{"damage":0,"enemies":"Snecko","floor":30,"turns":5},{"damage":2,"enemies":"Automaton","floor":33,"turns":13},{"damage":15,"enemies":"Orb Walker","floor":35,"turns":4},{"damage":0,"enemies":"3 Shapes","floor":38,"turns":3},{"damage":0,"enemies":"Reptomancer","floor":39,"turns":4},{"damage":0,"enemies":"Nemesis","floor":40,"turns":13},{"damage":0,"enemies":"Maw","floor":42,"turns":9},{"damage":5,"enemies":"Giant Head","floor":44,"turns":10},{"damage":0,"enemies":"4 Shapes","floor":45,"turns":4},{"damage":28,"enemies":"Nemesis","floor":46,"turns":7},{"damage":0,"enemies":"Transient","floor":47,"turns":5},{"damage":0,"enemies":"Sphere and 2 Shapes","floor":48,"turns":4},{"damage":57,"enemies":"Awakened One","floor":50,"turns":23}],"seed_played":"2213648218686991473","potions_obtained":[{"floor":1,"key":"Regen Potion"},{"floor":4,"key":"Energy Potion"},{"floor":12,"key":"SteroidPotion"},{"floor":16,"key":"FocusPotion"},{"floor":20,"key":"Weak Potion"},{"floor":28,"key":"Explosive Potion"},{"floor":39,"key":"SteroidPotion"},{"floor":45,"key":"Fire Potion"},{"floor":46,"key":"FearPotion"}],"is_trial":false,"path_per_floor":["M","?","M","M","?","R","E","R","T","$","M","M","M","?","R","B",null,"M","?","?","M","$","R","M","R","T","R","M","?","M","?","R","B",null,"M","$","?","M","M","E","R","M","T","E","M","E","M","M","R"],"character_chosen":"DEFECT","items_purchased":["Omamori","Chill"],"campfire_rested":0,"item_purchase_floors":[10,22],"current_hp_per_floor":[75,57,57,57,57,57,55,55,55,55,55,55,55,54,54,40,75,56,56,23,22,22,22,22,22,22,22,24,24,24,24,24,22,77,64,64,64,66,68,70,70,70,70,67,71,45,49,53,53,0],"gold":414,"neow_bonus":"RANDOM_COMMON_RELIC","is_prod":false,"is_daily":false,"chose_seed":false,"campfire_upgraded":9,"win_rate":0,"timestamp":1538809181,"path_taken":["M","?","M","M","?","R","E","R","T","$","M","M","?","?","R","BOSS","M","?","?","?","$","R","M","R","T","R","M","?","M","?","R","BOSS","M","$","?","?","M","E","R","M","T","E","M","E","M","M","R","BOSS"],"build_version":"2018-09-27","purchased_purges":3,"victory":false,"max_hp_per_floor":[75,75,75,75,75,75,75,75,75,75,75,75,75,75,75,75,75,75,75,75,75,75,75,75,75,75,75,77,77,77,77,77,77,77,79,79,79,81,83,85,85,85,85,87,89,89,91,93,93,93],"card_choices":[{"not_picked":["Genetic Algorithm","Steam"],"picked":"Redo","floor":1},{"not_picked":["Barrage","Stack"],"picked":"Redo","floor":3},{"not_picked":["Melter","Compile Driver"],"picked":"Leap","floor":4},{"not_picked":["Chaos","Sweeping Beam"],"picked":"Defragment","floor":7},{"not_picked":["Barrage","Force Field"],"picked":"Conserve Battery","floor":11},{"not_picked":["Self Repair","Turbo"],"picked":"Conserve Battery","floor":12},{"not_picked":["Rebound","BootSequence","Compile Driver"],"picked":"SKIP","floor":13},{"not_picked":["Steam","Darkness"],"picked":"Glacier","floor":14},{"not_picked":["Reboot","Core Surge"],"picked":"Creative AI","floor":16},{"not_picked":["Sweeping Beam","Undo+1","Streamline"],"picked":"SKIP","floor":18},{"not_picked":["Recycle+1","Hologram"],"picked":"Leap","floor":21},{"not_picked":["Stack","Glacier","Ball Lightning+1"],"picked":"SKIP","floor":24},{"not_picked":["Cold Snap+1","Auto Shields+1","Melter+1"],"picked":"Singing Bowl","floor":28},{"not_picked":["Streamline","Go for the Eyes"],"picked":"Electrodynamics","floor":30},{"not_picked":["Machine Learning","Creative AI"],"picked":"Electrodynamics","floor":33},{"not_picked":["Consume","Sweeping Beam","Loop"],"picked":"Singing Bowl","floor":35},{"not_picked":["Beam Cell","Ball Lightning+1","Heatsinks"],"picked":"Singing Bowl","floor":38},{"not_picked":["Gash+1","Steam","Turbo+1"],"picked":"Singing Bowl","floor":39},{"not_picked":["Scrape+1","Hologram","Chaos+1"],"picked":"Singing Bowl","floor":40},{"not_picked":["Gash","Steam"],"picked":"Defragment","floor":42},{"not_picked":["Force Field+1","Cold Snap+1","Rip and Tear+1"],"picked":"Singing Bowl","floor":44},{"not_picked":["Compile Driver","Ball Lightning+1","Redo+1"],"picked":"Singing Bowl","floor":45},{"not_picked":["Rebound","Gash+1"],"picked":"Fission","floor":46},{"not_picked":["FTL","Doom and Gloom+1","Recycle+1"],"picked":"Singing Bowl","floor":47},{"not_picked":["Stack","Rebound","Leap+1"],"picked":"Singing Bowl","floor":48}],"player_experience":204704,"relics_obtained":[{"floor":5,"key":"Art of War"},{"floor":7,"key":"Cables"},{"floor":9,"key":"Anchor"},{"floor":14,"key":"Odd Mushroom"},{"floor":20,"key":"Red Mask"},{"floor":26,"key":"Singing Bowl"},{"floor":40,"key":"Mercury Hourglass"},{"floor":43,"key":"Boot"},{"floor":44,"key":"Blood Vial"},{"floor":46,"key":"Tiny Chest"}],"event_choices":[{"event_name":"Golden Idol","player_choice":"Take Damage","floor":2,"damage_taken":0},{"event_name":"Wheel of Change","player_choice":"Relic","floor":5,"damage_taken":0},{"event_name":"Mushrooms","player_choice":"Fought Mushrooms","floor":14,"damage_taken":0},{"event_name":"Ghosts","player_choice":"Ignored","floor":19,"damage_taken":0},{"event_name":"Masked Bandits","player_choice":"Fought Bandits","floor":20,"damage_taken":0},{"event_name":"Bonfire Elementals","player_choice":"BASIC","floor":29,"damage_taken":0},{"event_name":"Accursed Blacksmith","player_choice":"Rummage","floor":31,"damage_taken":0},{"event_name":"Purifier","player_choice":"One Purge","floor":37,"damage_taken":0}],"is_beta":false,"boss_relics":[{"not_picked":["Snecko Eye","Velvet Choker"],"picked":"Coffee Dripper"},{"not_picked":["White Beast Statue","Astrolabe"],"picked":"Cursed Key"}],"items_purged_floors":[10,22,36],"is_endless":false,"potions_floor_spawned":[1,4,12,13,16,18,20,28,39,45,46,47],"killed_by":"Awakened One","ascension_level":1}