{"gold_per_floor":[114,2,2,15,190,215,229,229,255,255,255,255,255,278,278,375,375,394,60,60,60,73,73,92,108,108,118,118,43,43,61,61,165,165,182,182,199,199,199,199,529,529,529],"floor_reached":43,"playtime":2467,"items_purged":["Writhe"],"score":452,"play_id":"458fef28-bcfb-4d71-8db3-c853771b8612","local_time":"20181103141522","is_ascension_mode":false,"campfire_choices":[{"data":"White Noise","floor":8,"key":"SMITH"},{"data":"Capacitor","floor":13,"key":"SMITH"},{"data":"Fusion","floor":15,"key":"SMITH"},{"data":"Rainbow","floor":23,"key":"SMITH"},{"data":"Biased Cognition","floor":28,"key":"SMITH"},{"data":"Self Repair","floor":32,"key":"SMITH"},{"floor":40,"key":"REST"}],"neow_cost":"NONE","seed_source_timestamp":603083896661570,"circlet_count":0,"master_deck":["Strike_B+1","Strike_B+1","Strike_B+1","Defend_B+1","Defend_B+1","Defend_B+1","Defend_B+1","Dualcast+1","Sweeping Beam+1","White Noise+1","Capacitor+1","Conserve Battery+1","Seek+1","Hello World+1","Fusion+1","Rainbow+1","Coolheaded+1","Self Repair+1","Redo+1","Biased Cognition+1","Reprogram+1","FTL+1","Flash of Steel+1","Metamorphosis+1","Backflip+1","Blind+1","Flying Knee+1"],"relics":["Cracked Core","NeowsBlessing","Regal Pillow","Juzu Bracelet","Odd Mushroom","Sozu","PrismaticShard","Orichalcum","Meat on the Bone","Black Star","Mark of the Bloom","Sundial","Old Coin","Incense Burner"],"potions_floor_usage":[14,22],"damage_taken":[{"damage":0,"enemies":"2 Louse","floor":1,"turns":1},{"damage":0,"enemies":"Small Slimes","floor":4,"turns":1},{"damage":0,"enemies":"Lagavulin","floor":6,"turns":1},{"damage":2,"enemies":"Jaw Worm","floor":7,"turns":3},{"damage":14,"enemies":"The Mushroom Lair","floor":14,"turns":3},{"damage":27,"enemies":"The Guardian","floor":16,"turns":9},{"damage":5,"enemies":"Shell Parasite","floor":18,"turns":4},{"damage":8,"enemies":"3 Byrds","floor":22,"turns":2},{"damage":11,"enemies":"Shelled Parasite and Fungi","floor":24,"turns":6},{"damage":5,"enemies":"Centurion and Healer","floor":25,"turns":7},{"damage":11,"enemies":"3 Cultists","floor":27,"turns":3},{"damage":23,"enemies":"Snake Plant","floor":31,"turns":3},{"damage":41,"enemies":"Automaton","floor":33,"turns":12},{"damage":22,"enemies":"Orb Walker","floor":35,"turns":5},{"damage":27,"enemies":"3 Darklings","floor":37,"turns":11},{"damage":34,"enemies":"Giant Head","floor":41,"turns":10},{"damage":31,"enemies":"Donu and Deca","floor":43,"turns":4}],"seed_played":"-2253936005764637961","potions_obtained":[{"floor":1,"key":"AttackPotion"},{"floor":7,"key":"LiquidBronze"},{"floor":16,"key":"Fire Potion"}],"is_trial":false,"path_per_floor":["M","$","?","M","?","E","M","R","T","?","?","?","R","?","R","B",null,"M","$","?","?","M","R","M","M","T","M","R","$","?","M","R","B",null,"M","?","M","?","?","R","E","?","B"],"character_chosen":"DEFECT","items_purchased":["White Noise","Capacitor","Self Repair","Redo","PrismaticShard"],"campfire_rested":1,"item_purchase_floors":[2,2,19,19,19],"current_hp_per_floor":[75,75,60,60,60,60,58,58,58,51,51,51,51,37,37,10,75,70,70,70,70,69,69,65,67,67,63,63,63,47,43,43,24,75,63,63,58,58,58,58,24,24,0],"gold":529,"neow_bonus":"THREE_ENEMY_KILL","is_prod":false,"is_daily":false,"chose_seed":false,"campfire_upgraded":6,"win_rate":0.0,"timestamp":1541254522,"path_taken":["M","$","?","M","?","E","?","R","T","?","?","?","R","?","R","BOSS","M","$","?","?","M","R","M","M","T","M","R","$","?","M","R","BOSS","M","?","M","?","?","R","E","?","BOSS"],"build_version":"2018-11-02","purchased_purges":1,"victory":false,"max_hp_per_floor":[75,75,75,75,75,75,75,75,75,75,75,75,75,75,75,75,75,75,75,75,75,75,75,75,75,75,75,75,75,75,75,75,75,75,75,75,75,75,75,75,75,75,75],"card_choices":[{"not_picked":["BootSequence","Glacier"],"picked":"Sweeping Beam","floor":1},{"not_picked":["Leap","Gash"],"picked":"Conserve Battery","floor":4},{"not_picked":["Darkness","Steam Power"],"picked":"Seek","floor":6},{"not_picked":["Coolheaded","Scrape"],"picked":"Hello World","floor":7},{"not_picked":["Leap","Force Field"],"picked":"Fusion","floor":14},{"not_picked":["Buffer","Multi-Cast"],"picked":"Rainbow","floor":16},{"not_picked":["Hologram+1","Gash"],"picked":"Coolheaded","floor":18},{"not_picked":["Wild Strike+1","Steam+1","Double Energy"],"picked":"SKIP","floor":22},{"not_picked":["PiercingWail+1","Expertise"],"picked":"FTL","floor":24},{"not_picked":["Headbutt","Wild Strike","Bane"],"picked":"SKIP","floor":25},{"not_picked":["Steam","Tempest"],"picked":"Flash of Steel+1","floor":27},{"not_picked":["Coolheaded","Compile Driver","Reckless Charge"],"picked":"SKIP","floor":31},{"not_picked":["Hyperbeam","Bludgeon"],"picked":"Metamorphosis","floor":33},{"not_picked":["Terror","Turbo"],"picked":"Backflip+1","floor":35},{"not_picked":["Good Instincts","Purity"],"picked":"Blind","floor":36},{"not_picked":["Dagger Throw","Second Wind"],"picked":"Flying Knee+1","floor":37},{"not_picked":["Clothesline","Heatsinks","Concentrate+1"],"picked":"SKIP","floor":41}],"player_experience":6187,"relics_obtained":[{"floor":6,"key":"Regal Pillow"},{"floor":9,"key":"Juzu Bracelet"},{"floor":14,"key":"Odd Mushroom"},{"floor":26,"key":"Meat on the Bone"},{"floor":41,"key":"Old Coin"},{"floor":41,"key":"Incense Burner"}],"event_choices":[{"damage_healed":0,"gold_gain":0,"player_choice":"Entered Light","damage_taken":15,"max_hp_gain":0,"max_hp_loss":0,"event_name":"Shining Light","floor":3,"gold_loss":0,"cards_upgraded":["Strike_B","Strike_B"]},{"damage_healed":0,"gold_gain":175,"player_choice":"AGREE","damage_taken":0,"max_hp_gain":0,"max_hp_loss":0,"event_name":"Liars Game","floor":5,"gold_loss":0,"cards_obtained":["Doubt"]},{"cards_removed":["Doubt"],"damage_healed":0,"gold_gain":0,"player_choice":"Card Removal","damage_taken":7,"max_hp_gain":0,"max_hp_loss":0,"event_name":"Golden Wing","floor":10,"gold_loss":0},{"damage_healed":0,"gold_gain":0,"player_choice":"Upgraded","damage_taken":0,"max_hp_gain":0,"max_hp_loss":0,"event_name":"Upgrade Shrine","floor":11,"gold_loss":0,"cards_upgraded":["Hello World"]},{"damage_healed":0,"gold_gain":0,"player_choice":"Grow","damage_taken":0,"max_hp_gain":0,"max_hp_loss":0,"event_name":"Living Wall","floor":12,"gold_loss":0,"cards_upgraded":["Seek"]},{"damage_healed":0,"gold_gain":0,"player_choice":"Fought Mushrooms","damage_taken":0,"max_hp_gain":0,"max_hp_loss":0,"event_name":"Mushrooms","floor":14,"gold_loss":0},{"damage_healed":0,"gold_gain":0,"player_choice":"Opened","damage_taken":0,"relics_obtained":["Orichalcum"],"max_hp_gain":0,"max_hp_loss":0,"event_name":"The Mausoleum","floor":20,"gold_loss":0,"cards_obtained":["Writhe"]},{"damage_healed":0,"gold_gain":0,"cards_transformed":["Strike_B","Zap"],"player_choice":"Became Test Subject","damage_taken":0,"max_hp_gain":0,"max_hp_loss":0,"event_name":"Drug Dealer","floor":21,"gold_loss":0,"cards_obtained":["Biased Cognition","Reprogram"]},{"damage_healed":0,"gold_gain":0,"player_choice":"Obtained Book","damage_taken":16,"max_hp_gain":0,"max_hp_loss":0,"event_name":"Cursed Tome","floor":30,"gold_loss":0},{"damage_healed":0,"gold_gain":0,"player_choice":"Memory 1","damage_taken":0,"max_hp_gain":0,"max_hp_loss":0,"event_name":"SensoryStone","floor":36,"gold_loss":0},{"damage_healed":0,"gold_gain":0,"player_choice":"Upgrade","damage_taken":0,"relics_obtained":["Mark of the Bloom"],"max_hp_gain":0,"max_hp_loss":0,"event_name":"MindBloom","floor":38,"gold_loss":0,"cards_upgraded":["Strike_B","Defend_B","Defend_B","Defend_B","Defend_B","Dualcast","Sweeping Beam","Conserve Battery","Coolheaded","Redo","Reprogram","FTL","Metamorphosis","Blind"]},{"damage_healed":0,"gold_gain":0,"player_choice":"Gave Potion","damage_taken":0,"relics_obtained":["Sundial"],"max_hp_gain":0,"max_hp_loss":0,"event_name":"WeMeetAgain","floor":39,"gold_loss":0},{"damage_healed":0,"gold_gain":0,"player_choice":"Took Portal","damage_taken":0,"max_hp_gain":0,"max_hp_loss":0,"event_name":"SecretPortal","floor":42,"gold_loss":0}],"is_beta":true,"boss_relics":[{"not_picked":["FrozenCore","Velvet Choker"],"picked":"Sozu"},{"not_picked":["Empty Cage","Lizard Tail"],"picked":"Black Star"}],"items_purged_floors":[29],"is_endless":false,"potions_floor_spawned":[1,7,16,18,22,24,31,35],"killed_by":"Donu and Deca","ascension_level":0}