{"gold_per_floor":[111,186,198,123,123,136,156,156,226,226,262,262,296,311,311,436,436,461,289,302,318,331,331,367,367,367,391,410,410,410,433,433,553,553,572,572,592,0,0],"floor_reached":39,"playtime":3241,"items_purged":["Strike_G","Strike_G"],"score":461,"play_id":"0b51ada6-8ad9-4831-b377-5f778b779b1d","local_time":"20190324133614","is_ascension_mode":false,"campfire_choices":[{"data":"Neutralize","floor":8.0,"key":"SMITH"},{"floor":15.0,"key":"REST"},{"data":"Catalyst","floor":23,"key":"SMITH"},{"data":"Adrenaline","floor":25,"key":"SMITH"},{"floor":29,"key":"REST"},{"floor":32,"key":"REST"}],"neow_cost":"NONE","seed_source_timestamp":0,"circlet_count":0,"master_deck":["Defend_G","Defend_G+1","Defend_G","Defend_G","Defend_G+1","Strike_G","Strike_G","Strike_G","Survivor","Neutralize+1","PiercingWail","Noxious Fumes","Cloak And Dagger","Leg Sweep","Cloak And Dagger","Bullet Time","Bouncing Flask","Heel Hook","Burst","Catalyst+1","PiercingWail","Distraction","Die Die Die","Dagger Spray","Footwork","Well Laid Plans","Adrenaline+1","Deadly Poison+1","Footwork","Phantasmal Killer","Riddle With Holes+1","Bullet Time","Outmaneuver+1","Madness","Madness"],"special_seed":0,"relics":["Ring of the Snake","War Paint","Golden Idol","Kunai","Letter Opener","Dream Catcher","Nunchaku","Orrery","Torii","Prayer Wheel","The Courier","Happy Flower","Philosopher\u0027s Stone","Red Mask"],"potions_floor_usage":[21,24,27,27,33,39],"damage_taken":[{"damage":0.0,"enemies":"2 Louse","floor":1.0,"turns":4.0},{"damage":0.0,"enemies":"Jaw Worm","floor":3.0,"turns":7.0},{"damage":1.0,"enemies":"Small Slimes","floor":6.0,"turns":4.0},{"damage":6.0,"enemies":"Exordium Thugs","floor":7.0,"turns":7.0},{"damage":6.0,"enemies":"3 Sentries","floor":11.0,"turns":8.0},{"damage":6.0,"enemies":"Gremlin Nob","floor":13.0,"turns":5.0},{"damage":1.0,"enemies":"Exordium Wildlife","floor":14.0,"turns":5.0},{"damage":9.0,"enemies":"The Guardian","floor":16.0,"turns":8.0},{"damage":1.0,"enemies":"Shell Parasite","floor":18.0,"turns":4.0},{"damage":1,"enemies":"Spheric Guardian","floor":20,"turns":5},{"damage":21,"enemies":"Chosen and Byrds","floor":21,"turns":7},{"damage":0,"enemies":"Shelled Parasite and Fungi","floor":22,"turns":11},{"damage":17,"enemies":"Slavers","floor":24,"turns":7},{"damage":0,"enemies":"Snake Plant","floor":27,"turns":5},{"damage":21,"enemies":"Chosen and Byrds","floor":28,"turns":9},{"damage":3,"enemies":"Automaton","floor":33,"turns":10},{"damage":21,"enemies":"3 Shapes","floor":35,"turns":3},{"damage":27,"enemies":"3 Darklings","floor":37,"turns":6},{"damage":28,"enemies":"Jaw Worm Horde","floor":39,"turns":5}],"seed_played":"-4373799708024223817","potions_obtained":[{"floor":6.0,"key":"LiquidBronze"},{"floor":7.0,"key":"GamblersBrew"},{"floor":11.0,"key":"SpeedPotion"},{"floor":12.0,"key":"AttackPotion"},{"floor":12.0,"key":"EntropicBrew"},{"floor":20,"key":"PowerPotion"},{"floor":22,"key":"AttackPotion"},{"floor":24,"key":"PowerPotion"},{"floor":28,"key":"PowerPotion"},{"floor":37,"key":"Regen Potion"}],"is_trial":false,"path_per_floor":["M","?","M","$","?","M","M","R","T","T","E","?","E","M","R","B",null,"M","$","M","M","M","R","E","R","T","M","M","R","?","T","R","B",null,"M","?","M","?","M"],"character_chosen":"THE_SILENT","items_purchased":["Footwork"],"campfire_rested":3,"item_purchase_floors":[19],"current_hp_per_floor":[70,59,59,59,42,41,35,35,35,35,29,29,23,22,43,34,70,69,69,68,47,47,47,30,30,30,30,9,30,30,30,51,48,70,49,40,13,13,0],"gold":0,"neow_bonus":"RANDOM_COMMON_RELIC","is_prod":false,"is_daily":false,"chose_seed":false,"campfire_upgraded":3,"win_rate":0.0,"timestamp":1553448974,"path_taken":["M","?","M","$","?","M","M","R","T","?","E","?","E","M","R","BOSS","M","$","M","M","M","R","E","R","T","M","M","R","?","?","R","BOSS","M","?","M","?","M"],"build_version":"2019-01-23","purchased_purges":2,"victory":false,"max_hp_per_floor":[70,70,70,70,70,70,70,70,70,70,70,70,70,70,70,70,70,70,70,70,70,70,70,70,70,70,70,70,70,70,70,70,70,70,70,70,70,70,70],"card_choices":[{"not_picked":["Caltrops","Bane"],"picked":"PiercingWail","floor":1.0},{"not_picked":["Blade Dance","Deadly Poison"],"picked":"Noxious Fumes","floor":3.0},{"not_picked":["Outmaneuver","Flying Knee"],"picked":"Cloak And Dagger","floor":6.0},{"not_picked":["Acrobatics","Terror"],"picked":"Leg Sweep","floor":7.0},{"not_picked":["Dagger Throw","Flying Knee"],"picked":"Cloak And Dagger","floor":11.0},{"not_picked":["Underhanded Strike","PiercingWail"],"picked":"Bullet Time","floor":13.0},{"not_picked":["Deadly Poison","Expertise"],"picked":"Bouncing Flask","floor":14.0},{"not_picked":["Quick Slash","Dagger Spray"],"picked":"Heel Hook","floor":15.0},{"not_picked":["Die Die Die","Glass Knife"],"picked":"Burst","floor":16.0},{"not_picked":["Dagger Throw","Outmaneuver"],"picked":"Catalyst","floor":17.0},{"not_picked":["Cloak And Dagger","Poisoned Stab"],"picked":"PiercingWail","floor":17.0},{"not_picked":["Outmaneuver","Accuracy"],"picked":"Distraction","floor":17.0},{"not_picked":["Dagger Spray","Flechettes"],"picked":"Die Die Die","floor":17.0},{"not_picked":["Dagger Throw","Sucker Punch"],"picked":"Dagger Spray","floor":18},{"not_picked":["Dagger Spray","Backflip","Dodge and Roll"],"picked":"SKIP","floor":20},{"not_picked":["Cloak And Dagger","Blade Dance","Deflect"],"picked":"SKIP","floor":21},{"not_picked":["Bane","Reflex+1"],"picked":"Well Laid Plans","floor":22},{"not_picked":["Infinite Blades","Tactician"],"picked":"Adrenaline","floor":24},{"not_picked":["Skewer+1","Sucker Punch+1"],"picked":"Deadly Poison+1","floor":27},{"not_picked":["Acrobatics","Well Laid Plans"],"picked":"Footwork","floor":27},{"not_picked":["Outmaneuver","Accuracy","Underhanded Strike"],"picked":"SKIP","floor":28},{"not_picked":["Quick Slash","Flechettes","Sucker Punch"],"picked":"SKIP","floor":28},{"not_picked":["Cloak And Dagger","Outmaneuver"],"picked":"Phantasmal Killer","floor":29},{"not_picked":["Underhanded Strike","Accuracy"],"picked":"Riddle With Holes+1","floor":32},{"not_picked":["Glass Knife","A Thousand Cuts"],"picked":"Bullet Time","floor":33},{"not_picked":["Underhanded Strike","Poisoned Stab"],"picked":"Outmaneuver+1","floor":35},{"not_picked":["Outmaneuver+1","Sucker Punch+1","Eviscerate+1"],"picked":"SKIP","floor":35},{"not_picked":["Backflip+1","Underhanded Strike+1","Deadly Poison"],"picked":"SKIP","floor":37},{"not_picked":["Dagger Throw+1","Acrobatics+1","Slice+1"],"picked":"SKIP","floor":37}],"player_experience":51993,"relics_obtained":[{"floor":9.0,"key":"Kunai"},{"floor":10.0,"key":"Letter Opener"},{"floor":11.0,"key":"Dream Catcher"},{"floor":13.0,"key":"Nunchaku"},{"floor":24,"key":"Torii"},{"floor":26,"key":"Prayer Wheel"},{"floor":31,"key":"Happy Flower"}],"event_choices":[{"damage_healed":0.0,"max_hp_gain":0.0,"max_hp_loss":0.0,"gold_gain":75.0,"event_name":"World of Goop","player_choice":"Gather Gold","floor":2.0,"gold_loss":0.0,"damage_taken":11.0},{"damage_healed":0.0,"max_hp_gain":0.0,"max_hp_loss":0.0,"gold_gain":0.0,"event_name":"Golden Idol","player_choice":"Take Damage","floor":5.0,"gold_loss":0.0,"damage_taken":17.0,"relics_obtained":["Golden Idol"]},{"damage_healed":0.0,"max_hp_gain":0.0,"max_hp_loss":0.0,"gold_gain":0.0,"event_name":"Lab","player_choice":"Got Potions","floor":12.0,"gold_loss":0.0,"damage_taken":0.0},{"damage_healed":0,"gold_gain":0,"player_choice":"Opened","damage_taken":0,"relics_obtained":["The Courier"],"max_hp_gain":0,"max_hp_loss":0,"event_name":"The Mausoleum","floor":30,"gold_loss":0},{"damage_healed":0,"gold_gain":0,"player_choice":"Embrace Madness","damage_taken":9,"max_hp_gain":0,"max_hp_loss":0,"event_name":"Winding Halls","floor":36,"gold_loss":0,"cards_obtained":["Madness","Madness"]},{"damage_healed":0,"gold_gain":0,"player_choice":"Paid","damage_taken":0,"relics_obtained":["Red Mask"],"max_hp_gain":0,"max_hp_loss":0,"event_name":"Tomb of Lord Red Mask","floor":38,"gold_loss":592}],"is_beta":false,"boss_relics":[{"not_picked":["Fusion Hammer","Empty Cage"],"picked":"Orrery"},{"not_picked":["White Beast Statue","Ring of the Serpent"],"picked":"Philosopher\u0027s Stone"}],"items_purged_floors":[4,19],"is_endless":false,"potions_floor_spawned":[6,7,11,20,22,24,28,37],"killed_by":"Jaw Worm Horde","ascension_level":0}