{"gold_per_floor":[368,66,78,92,92,92,42,42,69,92,113,113,113,134,134,260,260,200,9,0,0,0,0,0,0,0,0,0,0,0,0,0,0],"floor_reached":33,"playtime":1306,"items_purged":["Shame"],"score":347,"play_id":"bec7c59d-cb25-452c-aca5-14daab78a443","local_time":"20180923183914","is_ascension_mode":true,"campfire_choices":[{"data":"Hello World","floor":6,"key":"SMITH"},{"data":"Dualcast","floor":8,"key":"SMITH"},{"floor":15,"key":"REST"},{"floor":23,"key":"REST"},{"data":"Redo","floor":27,"key":"SMITH"},{"floor":32,"key":"REST"}],"neow_cost":"CURSE","seed_source_timestamp":777770780169194,"circlet_count":0,"master_deck":["Strike_B+1","Strike_B+1","Defend_B","Defend_B","Defend_B","Defend_B","Zap","Dualcast+1","Hello World+1","FTL","Glacier","Scrape+1","All For One","Redo+1","Chill","Steam","Panacea","Capacitor+1","White Noise","Gash+1","Shame","Genetic Algorithm+1","Gash+1"],"relics":["Cracked Core","Happy Flower","Golden Idol","Whetstone","Ectoplasm","Pear","Darkstone Periapt"],"potions_floor_usage":[16,22,24,31,33,33,33],"damage_taken":[{"damage":5,"enemies":"Small Slimes","floor":1,"turns":3},{"damage":7,"enemies":"2 Louse","floor":3,"turns":3},{"damage":7,"enemies":"Jaw Worm","floor":4,"turns":3},{"damage":1,"enemies":"2 Fungi Beasts","floor":10,"turns":3},{"damage":0,"enemies":"3 Louse","floor":11,"turns":3},{"damage":2,"enemies":"Blue Slaver","floor":14,"turns":3},{"damage":18,"enemies":"The Guardian","floor":16,"turns":13},{"damage":17,"enemies":"2 Thieves","floor":18,"turns":4},{"damage":0,"enemies":"Chosen","floor":21,"turns":3},{"damage":17,"enemies":"Snake Plant","floor":22,"turns":6},{"damage":12,"enemies":"Colosseum Slavers","floor":24,"turns":5},{"damage":2,"enemies":"3 Cultists","floor":28,"turns":6},{"damage":12,"enemies":"Snecko","floor":30,"turns":5},{"damage":8,"enemies":"Chosen and Byrds","floor":31,"turns":7},{"damage":76,"enemies":"Champ","floor":33,"turns":9}],"seed_played":"-1550488216066881651","potions_obtained":[{"floor":4,"key":"Poison Potion"},{"floor":11,"key":"Swift Potion"},{"floor":14,"key":"EssenceOfSteel"},{"floor":16,"key":"Fire Potion"},{"floor":18,"key":"Weak Potion"},{"floor":22,"key":"Weak Potion"},{"floor":28,"key":"SpeedPotion"},{"floor":31,"key":"AttackPotion"}],"is_trial":false,"path_per_floor":["M","$","M","M","?","R","?","R","T","M","M","?","?","M","R","B",null,"M","$","?","M","M","R","?","$","T","R","M","?","M","M","R"],"character_chosen":"DEFECT","items_purchased":["Happy Flower","Hello World","Chill","Steam","Panacea"],"campfire_rested":3,"item_purchase_floors":[2,2,19,19,19],"current_hp_per_floor":[63,63,56,49,49,49,49,49,49,48,48,48,41,39,59,41,62,45,45,45,45,28,48,36,36,46,46,44,50,38,30,55,0],"gold":0,"neow_bonus":"TWO_FIFTY_GOLD","is_prod":false,"is_daily":false,"chose_seed":false,"campfire_upgraded":3,"win_rate":0,"timestamp":1537724354,"path_taken":["M","$","M","M","?","R","?","R","T","M","M","?","?","M","R","BOSS","M","$","?","M","?","R","?","$","T","R","M","?","?","M","R","BOSS"],"build_version":"2018-09-20","purchased_purges":1,"victory":false,"max_hp_per_floor":[75,75,75,75,69,69,69,69,69,69,69,69,69,69,69,69,69,69,69,69,69,69,69,69,69,79,79,79,85,85,85,85,85],"card_choices":[{"not_picked":["Steam","Heatsinks","Barrage"],"picked":"SKIP","floor":1},{"not_picked":["Cold Snap","Compile Driver"],"picked":"FTL","floor":3},{"not_picked":["Stack","Ball Lightning"],"picked":"Glacier","floor":4},{"not_picked":["Blizzard","Heatsinks"],"picked":"Scrape","floor":10},{"not_picked":["Compile Driver","Melter","Darkness"],"picked":"SKIP","floor":11},{"not_picked":["Glacier","Lockon","Turbo"],"picked":"SKIP","floor":14},{"not_picked":["Seek","Hyperbeam"],"picked":"All For One","floor":16},{"not_picked":["Ball Lightning+1","Compile Driver+1"],"picked":"Redo","floor":18},{"not_picked":["Redo","Force Field"],"picked":"Capacitor+1","floor":21},{"not_picked":["Sweeping Beam+1","Capacitor"],"picked":"White Noise","floor":22},{"not_picked":["Streamline","Cold Snap+1"],"picked":"Gash+1","floor":28},{"not_picked":["Stack","Hologram"],"picked":"Genetic Algorithm+1","floor":30},{"not_picked":["Barrage","Auto Shields"],"picked":"Gash+1","floor":31}],"player_experience":413398,"relics_obtained":[{"floor":9,"key":"Whetstone"},{"floor":26,"key":"Pear"}],"event_choices":[{"event_name":"Golden Idol","player_choice":"Lose Max HP","floor":5,"damage_taken":0},{"event_name":"The Cleric","player_choice":"Card Removal","floor":7,"damage_taken":0},{"event_name":"Living Wall","player_choice":"Grow","floor":12,"damage_taken":0},{"event_name":"Golden Wing","player_choice":"Card Removal","floor":13,"damage_taken":0},{"event_name":"Masked Bandits","player_choice":"Paid Fearfully","floor":20,"damage_taken":0},{"event_name":"Colosseum","player_choice":"Fight","floor":24,"damage_taken":0},{"event_name":"Colosseum","player_choice":"Fled From Nobs","floor":24,"damage_taken":0},{"event_name":"Addict","player_choice":"Stole Relic","floor":29,"damage_taken":0}],"is_beta":false,"boss_relics":[{"not_picked":["Snecko Eye","Coffee Dripper"],"picked":"Ectoplasm"}],"items_purged_floors":[2],"is_endless":false,"potions_floor_spawned":[4,11,14,16,18,22,28,31],"killed_by":"Champ","ascension_level":9}