{"gold_per_floor":[368,275,130,130,143,159,159,191,191,191,206,206,231,1,1,97,97,114,126,41,59,59,59,78,78,78,109,121,33,33,0,0,96,96,113,113,130,178,178,178,53,53,102,127,127,140,160,174,174,174],"floor_reached":51,"playtime":2982,"items_purged":["Normality","Rip and Tear+1","Skim+1"],"score":832,"play_id":"f4a4d5f7-9a14-45ce-808a-0056f3da4509","local_time":"20180812225856","is_ascension_mode":true,"campfire_choices":[{"data":"Defragment","floor":7,"key":"SMITH"},{"data":"Redo","floor":10,"key":"SMITH"},{"data":"Apotheosis","floor":15,"key":"SMITH"},{"data":"Capacitor","floor":23,"key":"SMITH"},{"data":"Creative AI","floor":25,"key":"SMITH"},{"floor":32,"key":"REST"},{"data":"Double Energy","floor":40,"key":"SMITH"},{"data":"Chill","floor":42,"key":"SMITH"},{"data":"Capacitor","floor":45,"key":"SMITH"},{"data":"Rainbow","floor":49,"key":"SMITH"}],"neow_cost":"CURSE","seed_source_timestamp":248560385074915,"circlet_count":0,"master_deck":["Zap","Dualcast","Redo+1","Defragment+1","Thunder Strike","Double Energy+1","Conserve Battery","Hello World","Apotheosis+1","Capacitor+1","Core Surge+1","Cold Snap+1","Leap","Ball Lightning+1","Capacitor+1","Sweeping Beam+1","Go for the Eyes+1","Compile Driver+1","Creative AI+1","Chill+1","Rainbow+1","Steam","Good Instincts","Swift Strike+1","Glacier+1"],"relics":["Cracked Core","Ice Cream","Molten Egg 2","Nunchaku","Bottled Tornado","Pandora\u0027s Box","Pantograph","MawBank","Anchor","Busted Crown","Ancient Tea Set","Potion Belt","Singing Bowl"],"potions_floor_usage":[8,16,47,50,50,50],"damage_taken":[{"damage":2,"enemies":"Jaw Worm","floor":1,"turns":3},{"damage":1,"enemies":"Cultist","floor":5,"turns":3},{"damage":7,"enemies":"Small Slimes","floor":6,"turns":3},{"damage":18,"enemies":"Lagavulin","floor":8,"turns":5},{"damage":5,"enemies":"Exordium Thugs","floor":11,"turns":4},{"damage":33,"enemies":"Gremlin Nob","floor":13,"turns":4},{"damage":25,"enemies":"Slime Boss","floor":16,"turns":8},{"damage":14,"enemies":"Shell Parasite","floor":18,"turns":4},{"damage":4,"enemies":"Chosen","floor":19,"turns":3},{"damage":11,"enemies":"Sentry and Sphere","floor":21,"turns":5},{"damage":2,"enemies":"Centurion and Healer","floor":24,"turns":4},{"damage":19,"enemies":"Snake Plant","floor":27,"turns":3},{"damage":32,"enemies":"Automaton","floor":33,"turns":8},{"damage":9,"enemies":"Orb Walker","floor":35,"turns":3},{"damage":15,"enemies":"3 Shapes","floor":37,"turns":4},{"damage":0,"enemies":"Giant Head","floor":44,"turns":7},{"damage":17,"enemies":"Flame Bruiser 2 Orb","floor":46,"turns":5},{"damage":5,"enemies":"Transient","floor":47,"turns":5},{"damage":0,"enemies":"3 Darklings","floor":48,"turns":5},{"damage":39,"enemies":"Awakened One","floor":50,"turns":11}],"seed_played":"-1623449469770650012","potions_obtained":[{"floor":5,"key":"Swift Potion"},{"floor":11,"key":"Weak Potion"},{"floor":13,"key":"Fruit Juice"},{"floor":16,"key":"SteroidPotion"},{"floor":19,"key":"Fire Potion"},{"floor":27,"key":"Energy Potion"},{"floor":35,"key":"AttackPotion"},{"floor":44,"key":"Block Potion"},{"floor":48,"key":"Poison Potion"}],"is_trial":false,"path_per_floor":["M","?","$","?","M","M","R","E","T","R","M","?","E","$","R","B",null,"M","M","?","M","?","R","M","R","T","M","?","$","T","?","R","B",null,"M","?","M","T","?","R","$","R","T","E","R","M","M","M","R","B"],"character_chosen":"DEFECT","items_purchased":["Defragment","Apotheosis","Capacitor"],"campfire_rested":1,"item_purchase_floors":[3,14,14],"current_hp_per_floor":[73,73,73,73,72,65,65,47,47,47,42,75,42,42,42,22,80,66,62,62,51,51,51,49,49,49,30,15,15,15,15,40,33,85,76,76,61,61,56,56,56,56,56,58,58,43,40,40,40,26],"gold":174,"neow_bonus":"TWO_FIFTY_GOLD","is_prod":false,"is_daily":false,"chose_seed":false,"campfire_upgraded":9,"win_rate":0,"timestamp":1534111136,"path_taken":["M","?","$","?","M","?","R","E","T","R","M","?","E","$","R","BOSS","M","M","?","?","?","R","?","R","T","M","?","?","?","?","R","BOSS","M","?","M","?","?","R","?","R","T","E","R","M","M","M","R","BOSS"],"build_version":"2018-08-09","purchased_purges":3,"victory":true,"max_hp_per_floor":[75,75,75,75,75,75,75,75,75,75,75,75,75,75,75,80,80,80,80,80,80,80,80,80,80,80,80,85,85,85,85,85,85,85,85,85,85,85,85,85,85,85,85,87,87,89,91,91,91,91],"card_choices":[{"not_picked":["Rebound","Turbo"],"picked":"Redo","floor":1},{"not_picked":["Capacitor","Go for the Eyes"],"picked":"Double Energy","floor":5},{"not_picked":["Hologram","Rip and Tear"],"picked":"Conserve Battery","floor":6},{"not_picked":["Auto Shields","Ball Lightning"],"picked":"Hello World","floor":8},{"not_picked":["Leap","Coolheaded"],"picked":"Loop","floor":11},{"not_picked":["Cold Snap+1","Static Discharge","Leap"],"picked":"SKIP","floor":13},{"not_picked":["Echo Form","Seek"],"picked":"Core Surge+1","floor":16},{"not_picked":["Steam Power","Heatsinks"],"picked":"Go for the Eyes+1","floor":18},{"not_picked":["Turbo+1","Ball Lightning+1"],"picked":"Compile Driver+1","floor":19},{"not_picked":["Steam Power+1","Hologram"],"picked":"Skim+1","floor":21},{"not_picked":["Coolheaded","Ball Lightning+1"],"picked":"Creative AI","floor":24},{"not_picked":["Go for the Eyes+1","Reprogram"],"picked":"Chill","floor":27},{"not_picked":["Core Surge+1","Amplify"],"picked":"Rainbow","floor":33},{"not_picked":["Stack+1"],"picked":"SKIP","floor":35},{"not_picked":[],"picked":"Steam","floor":37},{"not_picked":[],"picked":"Good Instincts","floor":39},{"not_picked":[],"picked":"Swift Strike+1","floor":39},{"not_picked":["Gash+1"],"picked":"Singing Bowl","floor":44},{"not_picked":["Turbo+1"],"picked":"Singing Bowl","floor":46},{"not_picked":["Ball Lightning+1"],"picked":"Singing Bowl","floor":47},{"not_picked":[],"picked":"Glacier+1","floor":48}],"player_experience":255579,"relics_obtained":[{"floor":8,"key":"Molten Egg 2"},{"floor":9,"key":"Nunchaku"},{"floor":13,"key":"Bottled Tornado"},{"floor":26,"key":"MawBank"},{"floor":30,"key":"Anchor"},{"floor":38,"key":"Ancient Tea Set"},{"floor":43,"key":"Potion Belt"},{"floor":44,"key":"Singing Bowl"}],"event_choices":[{"event_name":"WeMeetAgain","player_choice":"Gold","floor":2,"damage_taken":0},{"event_name":"Transmorgrifier","player_choice":"Transform","floor":4,"damage_taken":0},{"event_name":"Bonfire Elementals","player_choice":"UNCOMMON","floor":12,"damage_taken":0},{"event_name":"Addict","player_choice":"Obtained Relic","floor":20,"damage_taken":0},{"event_name":"Beggar","player_choice":"Ignored","floor":22,"damage_taken":0},{"event_name":"Forgotten Altar","player_choice":"Shed Blood","floor":28,"damage_taken":0},{"event_name":"Masked Bandits","player_choice":"Paid Fearfully","floor":31,"damage_taken":0},{"event_name":"Falling","player_choice":"Removed Attack","floor":36,"damage_taken":0},{"event_name":"SensoryStone","player_choice":"Memory 2","floor":39,"damage_taken":0}],"is_beta":false,"boss_relics":[{"not_picked":["Calling Bell","FrozenCore"],"picked":"Pandora\u0027s Box"},{"not_picked":["Sozu","Inserter"],"picked":"Busted Crown"}],"items_purged_floors":[3,29,41],"is_endless":false,"potions_floor_spawned":[5,11,13,16,19,24,27,35,44,48],"ascension_level":3}