{"gold_per_floor":[10,10,29,97,147,147,164,176,176,207,271,271,299,18,18,90,90,107,157,225,239,92,92,142,169,169,169,183,233,301,130,130,204,204,218,0,17,167,38,38,98,98,124,519,84,84],"floor_reached":46,"playtime":2717,"items_purged":["Pain","Regret","Strike_R","Injury"],"score":789,"play_id":"64b1bb2e-a8d1-4cbe-9dee-d24d99c53e8e","local_time":"20190302175120","is_ascension_mode":true,"campfire_choices":[{"data":"Shockwave","floor":6,"key":"SMITH"},{"data":"Armaments","floor":12,"key":"SMITH"},{"floor":15,"key":"REST"},{"data":"Metallicize","floor":23,"key":"SMITH"},{"data":"Fire Breathing","floor":27,"key":"SMITH"},{"data":"Inflame","floor":32,"key":"SMITH"},{"floor":40,"key":"RECALL"},{"data":"Armaments","floor":42,"key":"SMITH"}],"neow_cost":"NO_GOLD","seed_source_timestamp":77679745742300,"circlet_count":0,"master_deck":["AscendersBane","Strike_R","Strike_R","Strike_R","Defend_R","Defend_R","Defend_R","Defend_R","Bash","Bludgeon","Shockwave+1","Fire Breathing+1","Armaments+1","Rampage","Twin Strike","Flame Barrier","Metallicize+1","Shrug It Off","Reaper","Searing Blow","Ghostly","Ghostly","Ghostly","Ghostly","Ghostly","Shrug It Off","Armaments+1","Inflame+1","Feed","Armaments+1","Flex"],"relics":["Burning Blood","SsserpentHead","Bronze Scales","Centennial Puzzle","Bottled Lightning","Happy Flower","Cursed Key","WarpedTongs","Gremlin Horn","Coffee Dripper","Red Mask","Peace Pipe","Boot","Old Coin","Singing Bowl"],"potions_floor_usage":[10,11,13,16,18,28,33,46,46],"damage_taken":[{"damage":4,"enemies":"2 Louse","floor":1,"turns":3},{"damage":0,"enemies":"Cultist","floor":3,"turns":2},{"damage":1,"enemies":"Small Slimes","floor":4,"turns":3},{"damage":11,"enemies":"Red Slaver","floor":7,"turns":4},{"damage":9,"enemies":"Looter","floor":8,"turns":4},{"damage":33,"enemies":"Lagavulin","floor":10,"turns":5},{"damage":19,"enemies":"Exordium Thugs","floor":11,"turns":4},{"damage":21,"enemies":"Gremlin Nob","floor":13,"turns":4},{"damage":18,"enemies":"Slime Boss","floor":16,"turns":12},{"damage":16,"enemies":"2 Thieves","floor":18,"turns":3},{"damage":5,"enemies":"Shell Parasite","floor":20,"turns":4},{"damage":28,"enemies":"Shelled Parasite and Fungi","floor":21,"turns":6},{"damage":13,"enemies":"Book of Stabbing","floor":25,"turns":7},{"damage":12,"enemies":"Cultist and Chosen","floor":28,"turns":8},{"damage":0,"enemies":"Snecko","floor":30,"turns":4},{"damage":30,"enemies":"Automaton","floor":33,"turns":13},{"damage":4,"enemies":"3 Shapes","floor":35,"turns":3},{"damage":9,"enemies":"3 Darklings","floor":37,"turns":6},{"damage":0,"enemies":"Mind Bloom Boss Battle","floor":38,"turns":7},{"damage":1,"enemies":"4 Shapes","floor":41,"turns":5},{"damage":4,"enemies":"2 Orb Walkers","floor":44,"turns":6},{"damage":98,"enemies":"Giant Head","floor":46,"turns":10}],"seed_played":"3579412270400969465","potions_obtained":[{"floor":3,"key":"GamblersBrew"},{"floor":8,"key":"SteroidPotion"},{"floor":11,"key":"Weak Potion"},{"floor":13,"key":"Weak Potion"},{"floor":16,"key":"PowerPotion"},{"floor":20,"key":"FearPotion"},{"floor":21,"key":"Regen Potion"},{"floor":28,"key":"Regen Potion"},{"floor":37,"key":"Dexterity Potion"},{"floor":44,"key":"EssenceOfSteel"}],"is_trial":false,"path_per_floor":["M","?","M","M","?","R","M","M","T","E","M","R","E","$","R","B",null,"M","?","M","M","$","R","?","E","T","R","M","?","M","$","R","B",null,"M","?","M","?","$","R","M","R","T","?","$","E"],"character_chosen":"IRONCLAD","items_purchased":["Happy Flower","Metallicize","Shrug It Off","Searing Blow","Inflame","Armaments","Flex","Singing Bowl"],"campfire_rested":1,"item_purchase_floors":[14,14,14,22,31,39,45,45],"current_hp_per_floor":[74,74,80,80,80,80,75,72,72,45,32,32,17,17,41,29,67,69,69,77,62,62,62,40,35,35,35,38,38,40,40,40,21,35,40,40,44,44,44,44,44,44,44,48,48,0],"gold":84,"neow_bonus":"THREE_RARE_CARDS","is_prod":false,"is_daily":false,"chose_seed":false,"campfire_upgraded":6,"win_rate":0,"timestamp":1551549080,"path_taken":["M","?","M","?","?","R","M","M","T","E","?","R","E","$","R","BOSS","M","?","?","M","$","R","?","E","T","R","M","?","?","$","R","BOSS","M","?","M","?","?","R","?","R","T","?","$","E"],"build_version":"2019-01-23","purchased_purges":4,"victory":false,"max_hp_per_floor":[80,80,80,80,80,80,80,80,80,80,80,80,80,80,80,80,80,80,80,80,80,80,80,40,40,40,40,40,40,40,40,40,40,40,40,40,44,44,44,44,44,44,44,48,48,48],"card_choices":[{"not_picked":["Impervious","Reaper"],"picked":"Bludgeon","floor":0},{"not_picked":["Havoc","Warcry","Corruption"],"picked":"SKIP","floor":1},{"not_picked":["Wild Strike","Anger"],"picked":"Shockwave","floor":3},{"not_picked":["Shockwave","Sword Boomerang","Wild Strike"],"picked":"SKIP","floor":4},{"not_picked":["Iron Wave","Feel No Pain"],"picked":"Armaments","floor":7},{"not_picked":["Clash","Sentinel"],"picked":"Rampage","floor":8},{"not_picked":["Thunderclap","Pummel","Wild Strike"],"picked":"SKIP","floor":10},{"not_picked":["Heavy Blade","Power Through"],"picked":"Twin Strike","floor":11},{"not_picked":["Corruption","Heavy Blade"],"picked":"Flame Barrier","floor":13},{"not_picked":["Limit Break","Barricade"],"picked":"Reaper","floor":16},{"not_picked":["Clash","Havoc","Rampage"],"picked":"SKIP","floor":18},{"not_picked":["Thunderclap","Combust+1","Wild Strike"],"picked":"SKIP","floor":20},{"not_picked":["Anger","Heavy Blade","Reckless Charge"],"picked":"SKIP","floor":21},{"not_picked":["Hemokinesis","Shockwave","Sever Soul"],"picked":"SKIP","floor":25},{"not_picked":["True Grit","Searing Blow"],"picked":"Shrug It Off","floor":28},{"not_picked":["Heavy Blade","Cleave","Infernal Blade"],"picked":"SKIP","floor":30},{"not_picked":["Fiend Fire","Dark Embrace"],"picked":"Feed","floor":33},{"not_picked":["Cleave","Body Slam+1","Headbutt"],"picked":"SKIP","floor":35},{"not_picked":["Thunderclap","Bloodletting+1","Clothesline"],"picked":"SKIP","floor":37},{"not_picked":["Headbutt","Fiend Fire","Power Through"],"picked":"SKIP","floor":41}],"player_experience":590612,"relics_obtained":[{"floor":9,"key":"Bronze Scales"},{"floor":10,"key":"Centennial Puzzle"},{"floor":13,"key":"Bottled Lightning"},{"floor":25,"key":"Gremlin Horn"},{"floor":38,"key":"Peace Pipe"},{"floor":43,"key":"Boot"},{"floor":44,"key":"Old Coin"}],"event_choices":[{"damage_healed":0,"gold_gain":0,"player_choice":"Trade","damage_taken":0,"relics_obtained":["SsserpentHead"],"max_hp_gain":0,"max_hp_loss":0,"event_name":"FaceTrader","floor":2,"gold_loss":0},{"damage_healed":0,"gold_gain":0,"cards_transformed":["Strike_R"],"player_choice":"Transformed","damage_taken":0,"max_hp_gain":0,"max_hp_loss":0,"event_name":"Transmorgrifier","floor":5,"gold_loss":0,"cards_obtained":["Fire Breathing"]},{"damage_healed":0,"gold_gain":0,"player_choice":"Rummage","damage_taken":0,"relics_obtained":["WarpedTongs"],"max_hp_gain":0,"max_hp_loss":0,"event_name":"Accursed Blacksmith","floor":19,"gold_loss":0,"cards_obtained":["Pain"]},{"damage_healed":0,"gold_gain":0,"player_choice":"Became a Ghost","damage_taken":0,"max_hp_gain":0,"max_hp_loss":40,"event_name":"Ghosts","floor":24,"gold_loss":0,"cards_obtained":["Ghostly","Ghostly","Ghostly","Ghostly","Ghostly"]},{"damage_healed":0,"gold_gain":0,"player_choice":"Copied","damage_taken":0,"max_hp_gain":0,"max_hp_loss":0,"event_name":"Duplicator","floor":29,"gold_loss":0,"cards_obtained":["Armaments"]},{"damage_healed":0,"gold_gain":0,"player_choice":"Paid","damage_taken":0,"relics_obtained":["Red Mask"],"max_hp_gain":0,"max_hp_loss":0,"event_name":"Tomb of Lord Red Mask","floor":36,"gold_loss":268},{"damage_healed":0,"gold_gain":0,"player_choice":"Fight","damage_taken":0,"max_hp_gain":0,"max_hp_loss":0,"event_name":"MindBloom","floor":38,"gold_loss":0},{"damage_healed":0,"gold_gain":0,"player_choice":"Fight","damage_taken":0,"max_hp_gain":0,"max_hp_loss":0,"event_name":"Mysterious Sphere","floor":44,"gold_loss":0}],"is_beta":false,"boss_relics":[{"not_picked":["Velvet Choker","Black Star"],"picked":"Cursed Key"},{"not_picked":["Eternal Feather","Philosopher\u0027s Stone"],"picked":"Coffee Dripper"}],"items_purged_floors":[22,31,39,45],"is_endless":false,"potions_floor_spawned":[3,8,11,13,16,20,21,28,30,37,41,44],"killed_by":"Giant Head","ascension_level":13}