{"gold_per_floor":[113,113,132,143,160,160,225,244,294,294,314,314,0,17,17,115,115,135,10,23,43,63,63,88,88,114,133,161,181,197,209,209,305,305,323,323,340,340,359,388,388,388,388,191,220,232,244,256,268,280],"floor_reached":50,"playtime":4632,"items_purged":["Strike_R","Strike_R","Strike_R"],"score":596,"play_id":"fb2018cc-dee9-4f6e-8967-34ac261c1ff2","local_time":"20190328232017","is_ascension_mode":false,"campfire_choices":[{"data":"Seeing Red","floor":6,"key":"SMITH"},{"data":"Flex","floor":10,"key":"SMITH"},{"data":"Offering","floor":12,"key":"SMITH"},{"data":"Pommel Strike","floor":15,"key":"SMITH"},{"data":"Shockwave","floor":23,"key":"SMITH"},{"data":"Heavy Blade","floor":25,"key":"SMITH"},{"data":"Warcry","floor":32,"key":"SMITH"},{"floor":42,"key":"RECALL"},{"floor":47,"key":"REST"},{"floor":49,"key":"REST"}],"neow_cost":"NONE","seed_source_timestamp":36264172279257,"circlet_count":0,"master_deck":["Strike_R","Defend_R","Defend_R","Defend_R","Defend_R","Bash","Flame Barrier","Reaper","Forethought","Seeing Red+1","Flex+1","Cleave","Offering+1","Pommel Strike+1","Shrug It Off","Berserk","Spot Weakness","Shrug It Off","Heavy Blade+1","Rupture","Shockwave+1","Headbutt+1","Immolate+1","Seeing Red","Warcry+1","Pummel","Berserk","Shrug It Off+1","Reaper","Dual Wield+1","Panache"],"relics":["Burning Blood","Tiny Chest","Bronze Scales","OrangePellets","Mark of Pain","Bottled Flame","Anchor","Red Skull","Snecko Eye","Whetstone","Dodecahedron","MawBank"],"potions_floor_usage":[16],"damage_taken":[{"damage":6,"enemies":"Jaw Worm","floor":1,"turns":5},{"damage":6,"enemies":"Cultist","floor":3,"turns":4},{"damage":0,"enemies":"2 Louse","floor":4,"turns":4},{"damage":12,"enemies":"Lots of Slimes","floor":5,"turns":5},{"damage":28,"enemies":"Lagavulin","floor":7,"turns":8},{"damage":15,"enemies":"Blue Slaver","floor":8,"turns":5},{"damage":16,"enemies":"Exordium Wildlife","floor":11,"turns":4},{"damage":1,"enemies":"2 Fungi Beasts","floor":14,"turns":4},{"damage":9,"enemies":"Slime Boss","floor":16,"turns":6},{"damage":22,"enemies":"Shell Parasite","floor":18,"turns":7},{"damage":6,"enemies":"Chosen","floor":20,"turns":4},{"damage":22,"enemies":"Shelled Parasite and Fungi","floor":21,"turns":7},{"damage":23,"enemies":"Snecko","floor":22,"turns":3},{"damage":21,"enemies":"Slavers","floor":24,"turns":4},{"damage":11,"enemies":"Centurion and Healer","floor":27,"turns":6},{"damage":15,"enemies":"Book of Stabbing","floor":28,"turns":4},{"damage":8,"enemies":"Cultist and Chosen","floor":29,"turns":4},{"damage":27,"enemies":"Shelled Parasite and Fungi","floor":30,"turns":5},{"damage":6,"enemies":"Snake Plant","floor":31,"turns":2},{"damage":76,"enemies":"Collector","floor":33,"turns":7},{"damage":6,"enemies":"3 Shapes","floor":35,"turns":4},{"damage":4,"enemies":"Orb Walker","floor":37,"turns":3},{"damage":6,"enemies":"Jaw Worm Horde","floor":39,"turns":3},{"damage":44,"enemies":"Reptomancer","floor":40,"turns":6},{"damage":75,"enemies":"Nemesis","floor":45,"turns":7},{"damage":57,"enemies":"Donu and Deca","floor":50,"turns":4}],"seed_played":"1998165529035897752","potions_obtained":[{"floor":3,"key":"FairyPotion"},{"floor":4,"key":"Fire Potion"},{"floor":5,"key":"Energy Potion"},{"floor":21,"key":"Poison Potion"}],"is_trial":false,"path_per_floor":["M","?","M","M","M","R","E","M","T","R","M","R","$","M","R","B",null,"M","$","M","M","M","R","E","R","T","M","E","M","M","M","R","B",null,"M","?","M","?","M","E","T","R","T","$","E","?","R","?","R","B"],"character_chosen":"IRONCLAD","items_purchased":["OrangePellets","Pommel Strike","Shrug It Off","Reaper"],"campfire_rested":2,"item_purchase_floors":[13,13,19,44],"current_hp_per_floor":[80,80,80,80,78,78,62,57,57,57,47,47,47,56,56,61,80,70,70,70,64,66,66,66,66,66,80,80,78,68,80,80,25,80,80,80,80,76,76,58,58,58,58,58,13,13,35,35,57,0],"gold":280,"neow_bonus":"REMOVE_CARD","is_prod":false,"is_daily":false,"chose_seed":false,"campfire_upgraded":7,"win_rate":0,"timestamp":1553811617,"path_taken":["M","?","M","M","?","R","E","M","T","R","M","R","$","M","R","BOSS","M","$","M","M","M","R","E","R","T","M","E","M","M","M","R","BOSS","M","?","?","?","M","E","?","R","T","$","E","?","R","?","R","BOSS"],"build_version":"2019-01-23","purchased_purges":3,"victory":false,"max_hp_per_floor":[80,80,80,80,80,80,80,80,80,80,80,80,80,80,80,80,80,80,80,80,80,80,80,80,80,80,80,80,80,80,80,80,80,80,80,80,80,76,76,76,76,76,76,76,76,76,76,76,76,76],"card_choices":[{"not_picked":["Pommel Strike","Wild Strike"],"picked":"Flame Barrier","floor":1},{"not_picked":["Second Wind","Thunderclap"],"picked":"Combust","floor":3},{"not_picked":["Entrench","Combust"],"picked":"Seeing Red","floor":4},{"not_picked":["Havoc","Body Slam","Sword Boomerang"],"picked":"SKIP","floor":5},{"not_picked":["Havoc","Body Slam","Sword Boomerang"],"picked":"SKIP","floor":5},{"not_picked":["Carnage","Armaments"],"picked":"Flex","floor":7},{"not_picked":["Blood for Blood","Hemokinesis"],"picked":"Cleave","floor":8},{"not_picked":["Sword Boomerang","Infernal Blade"],"picked":"Offering","floor":11},{"not_picked":["Seeing Red","Burning Pact"],"picked":"Shrug It Off","floor":14},{"not_picked":["Limit Break","Exhume"],"picked":"Berserk","floor":16},{"not_picked":["Intimidate+1","Burning Pact+1"],"picked":"Spot Weakness","floor":18},{"not_picked":["Thunderclap","Clothesline"],"picked":"Heavy Blade","floor":20},{"not_picked":["Body Slam+1","Disarm"],"picked":"Rupture","floor":21},{"not_picked":["Rampage","Clothesline"],"picked":"Shockwave","floor":22},{"not_picked":["Clash","Combust+1"],"picked":"Headbutt","floor":24},{"not_picked":["Heavy Blade","Rampage"],"picked":"Immolate","floor":27},{"not_picked":["Wild Strike","Entrench"],"picked":"Seeing Red","floor":28},{"not_picked":["Clash","True Grit+1"],"picked":"Warcry","floor":29},{"not_picked":["Sever Soul","Sentinel"],"picked":"Pummel","floor":30},{"not_picked":["Havoc","Rage","Twin Strike"],"picked":"SKIP","floor":31},{"not_picked":["Juggernaut","Exhume"],"picked":"Berserk","floor":33},{"not_picked":["Armaments","Cleave+1"],"picked":"Shrug It Off+1","floor":35},{"not_picked":["Sword Boomerang","Carnage+1","Thunderclap+1"],"picked":"SKIP","floor":37},{"not_picked":["Iron Wave","Twin Strike+1","Body Slam+1"],"picked":"SKIP","floor":39},{"not_picked":["Iron Wave","Twin Strike+1","Body Slam+1"],"picked":"SKIP","floor":39},{"not_picked":["Sword Boomerang","Seeing Red","Hemokinesis+1"],"picked":"SKIP","floor":40},{"not_picked":["Rampage","Double Tap"],"picked":"Dual Wield+1","floor":45},{"not_picked":["Madness","Dramatic Entrance"],"picked":"Panache","floor":48}],"player_experience":111547,"relics_obtained":[{"floor":7,"key":"Tiny Chest"},{"floor":9,"key":"Bronze Scales"},{"floor":24,"key":"Bottled Flame"},{"floor":26,"key":"Anchor"},{"floor":28,"key":"Red Skull"},{"floor":40,"key":"Whetstone"},{"floor":43,"key":"Dodecahedron"},{"floor":45,"key":"MawBank"}],"event_choices":[{"damage_healed":0,"gold_gain":0,"player_choice":"2 cards matched","damage_taken":0,"max_hp_gain":0,"max_hp_loss":0,"event_name":"Match and Keep!","floor":2,"gold_loss":0,"cards_obtained":["Reaper","Forethought"]},{"damage_healed":0,"gold_gain":0,"player_choice":"Ignored","damage_taken":0,"max_hp_gain":0,"max_hp_loss":0,"event_name":"NoteForYourself","floor":36,"gold_loss":0},{"damage_healed":0,"gold_gain":0,"player_choice":"Max HP","damage_taken":0,"max_hp_gain":0,"max_hp_loss":4,"event_name":"Winding Halls","floor":38,"gold_loss":0},{"cards_removed":["Combust"],"damage_healed":0,"gold_gain":0,"player_choice":"Removed Power","damage_taken":0,"max_hp_gain":0,"max_hp_loss":0,"event_name":"Falling","floor":46,"gold_loss":0},{"damage_healed":0,"gold_gain":0,"player_choice":"Memory 1","damage_taken":0,"max_hp_gain":0,"max_hp_loss":0,"event_name":"SensoryStone","floor":48,"gold_loss":0}],"is_beta":false,"boss_relics":[{"not_picked":["Calling Bell","Philosopher\u0027s Stone"],"picked":"Mark of Pain"},{"not_picked":["Eternal Feather","Tiny House"],"picked":"Snecko Eye"}],"items_purged_floors":[13,19,44],"is_endless":false,"potions_floor_spawned":[3,4,5,7,8,21,28,29,30,31,37,39],"killed_by":"Donu and Deca","ascension_level":0}