{"gold_per_floor":[111,131,81,156,156,156,185,205,277,287,306,306,306,333,333,428,428,443,408,106,31,46,46,81,81,81,34,34,34,34,34,34,129,129,146,27,0,13,13,13,26,7,7,34,53,9,9,28,28,28],"floor_reached":51,"playtime":3668,"items_purged":["Strike_G"],"score":1122,"play_id":"6abf6078-6e34-457b-8f8b-cc1e624d29b5","local_time":"20181116201012","is_ascension_mode":true,"campfire_choices":[{"data":"Neutralize","floor":6,"key":"SMITH"},{"data":"Footwork","floor":12,"key":"SMITH"},{"floor":15,"key":"REST"},{"data":"Well Laid Plans","floor":23,"key":"SMITH"},{"floor":25,"key":"REST"},{"data":"Discovery","floor":30,"key":"SMITH"},{"floor":32,"key":"REST"},{"floor":40,"key":"REST"},{"data":"Crippling Poison","floor":47,"key":"SMITH"},{"data":"Flash of Steel","floor":49,"key":"SMITH"}],"neow_cost":"NONE","seed_source_timestamp":1746394016315908,"circlet_count":0,"master_deck":["AscendersBane","Defend_G+1","Defend_G+1","Defend_G+1","Defend_G+1","Strike_G+1","Survivor+1","Neutralize+1","Dagger Throw+1","Cloak And Dagger+1","Footwork+1","Dagger Spray+1","Expertise+1","Blur+1","Cloak And Dagger+1","Adrenaline+1","Deadly Poison+1","Well Laid Plans+1","Sucker Punch+1","Dodge and Roll+1","Discovery+1","Burst+1","Finesse+1","Sucker Punch+1","Crippling Poison+1","Flash of Steel+1"],"relics":["Ring of the Snake","NeowsBlessing","GremlinMask","Vajra","Gremlin Horn","Letter Opener","Busted Crown","Membership Card","Snake Skull","Bag of Preparation","Empty Cage","Whetstone","Red Mask","Mark of the Bloom","Pen Nib","Pantograph"],"potions_floor_usage":[33,50,50],"damage_taken":[{"damage":0,"enemies":"Small Slimes","floor":1,"turns":1},{"damage":0,"enemies":"2 Louse","floor":2,"turns":1},{"damage":0,"enemies":"Lagavulin","floor":7,"turns":1},{"damage":5,"enemies":"Cultist","floor":8,"turns":4},{"damage":2,"enemies":"2 Fungi Beasts","floor":10,"turns":5},{"damage":1,"enemies":"Exordium Thugs","floor":11,"turns":6},{"damage":11,"enemies":"3 Sentries","floor":14,"turns":9},{"damage":15,"enemies":"The Guardian","floor":16,"turns":20},{"damage":0,"enemies":"Shell Parasite","floor":18,"turns":6},{"damage":21,"enemies":"2 Thieves","floor":19,"turns":5},{"damage":14,"enemies":"Centurion and Healer","floor":22,"turns":7},{"damage":5,"enemies":"Book of Stabbing","floor":24,"turns":8},{"damage":3,"enemies":"Colosseum Slavers","floor":29,"turns":5},{"damage":26,"enemies":"Automaton","floor":33,"turns":14},{"damage":24,"enemies":"3 Darklings","floor":35,"turns":7},{"damage":0,"enemies":"Orb Walker","floor":38,"turns":4},{"damage":8,"enemies":"4 Shapes","floor":41,"turns":3},{"damage":0,"enemies":"Nemesis","floor":44,"turns":7},{"damage":4,"enemies":"Maw","floor":45,"turns":8},{"damage":0,"enemies":"Jaw Worm Horde","floor":48,"turns":2},{"damage":24,"enemies":"Awakened One","floor":50,"turns":14}],"seed_played":"91226327678448182","potions_obtained":[{"floor":7,"key":"SneckoOil"},{"floor":8,"key":"Fire Potion"},{"floor":11,"key":"LiquidBronze"},{"floor":19,"key":"Dexterity Potion"},{"floor":38,"key":"Regen Potion"},{"floor":41,"key":"Regen Potion"},{"floor":44,"key":"Fire Potion"},{"floor":45,"key":"SteroidPotion"}],"is_trial":false,"path_per_floor":["M","M","?","?","?","R","E","M","T","M","M","R","?","E","R","B",null,"M","M","$","?","M","R","E","R","T","$","?","?","R","$","R","B",null,"M","$","?","M","?","R","M","$","T","E","M","$","R","M","R","B",null],"character_chosen":"THE_SILENT","items_purchased":["Membership Card","Well Laid Plans","Sucker Punch","Discovery","Whetstone","Finesse","Crippling Poison","Flash of Steel"],"campfire_rested":4,"item_purchase_floors":[20,20,20,27,36,36,42,46],"current_hp_per_floor":[63,63,63,52,52,52,52,47,47,45,44,44,44,33,54,39,62,62,41,41,41,27,27,22,43,43,43,30,27,27,27,49,23,62,38,38,38,38,38,38,30,30,30,30,26,26,26,26,26,2],"gold":28,"neow_bonus":"THREE_ENEMY_KILL","is_prod":false,"is_daily":false,"chose_seed":false,"campfire_upgraded":6,"win_rate":0,"timestamp":1542399012,"path_taken":["M","M","?","?","?","R","E","M","T","M","?","R","?","E","R","BOSS","M","M","$","?","M","R","E","R","T","$","?","?","R","?","R","BOSS","M","$","?","M","?","R","M","?","T","E","M","?","R","M","R","BOSS"],"build_version":"2018-11-15","purchased_purges":1,"victory":true,"max_hp_per_floor":[70,70,70,70,70,70,70,70,70,70,70,70,70,70,70,70,70,70,70,70,70,70,70,70,70,70,70,75,75,75,75,75,75,75,75,75,75,75,75,75,75,75,75,75,75,75,75,75,75,75],"card_choices":[{"not_picked":["Underhanded Strike","Eviscerate"],"picked":"Dagger Throw","floor":1},{"not_picked":["Eviscerate","Dagger Throw"],"picked":"Cloak And Dagger","floor":2},{"not_picked":["Slice","Dagger Spray"],"picked":"Footwork","floor":7},{"not_picked":["Underhanded Strike","Prepared"],"picked":"Dagger Spray","floor":8},{"not_picked":["Acrobatics","Slice"],"picked":"Expertise","floor":10},{"not_picked":["Prepared","Poisoned Stab"],"picked":"Blur","floor":11},{"not_picked":["Poisoned Stab","Dagger Throw"],"picked":"Cloak And Dagger","floor":14},{"not_picked":["Venomology","Malaise"],"picked":"Adrenaline","floor":16},{"not_picked":[],"picked":"Deadly Poison+1","floor":18},{"not_picked":["Deflect"],"picked":"SKIP","floor":19},{"not_picked":["Deflect"],"picked":"SKIP","floor":19},{"not_picked":[],"picked":"Dodge and Roll","floor":22},{"not_picked":["Concentrate+1"],"picked":"SKIP","floor":24},{"not_picked":[],"picked":"Burst","floor":33},{"not_picked":["Skewer"],"picked":"SKIP","floor":35},{"not_picked":["Deflect"],"picked":"SKIP","floor":38},{"not_picked":[],"picked":"Sucker Punch+1","floor":41},{"not_picked":["Acrobatics"],"picked":"SKIP","floor":44},{"not_picked":["Setup"],"picked":"SKIP","floor":45},{"not_picked":["Dodge and Roll"],"picked":"SKIP","floor":48}],"player_experience":501143,"relics_obtained":[{"floor":7,"key":"Vajra"},{"floor":9,"key":"Gremlin Horn"},{"floor":14,"key":"Letter Opener"},{"floor":24,"key":"Snake Skull"},{"floor":26,"key":"Bag of Preparation"},{"floor":43,"key":"Pen Nib"},{"floor":44,"key":"Pantograph"}],"event_choices":[{"cards_removed":["Strike_G"],"damage_healed":0,"gold_gain":0,"player_choice":"Card Removal","damage_taken":0,"max_hp_gain":0,"max_hp_loss":0,"event_name":"The Cleric","floor":3,"gold_loss":50},{"damage_healed":0,"gold_gain":75,"player_choice":"Gather Gold","damage_taken":11,"max_hp_gain":0,"max_hp_loss":0,"event_name":"World of Goop","floor":4,"gold_loss":0},{"damage_healed":0,"gold_gain":0,"player_choice":"Trade","damage_taken":0,"relics_obtained":["GremlinMask"],"max_hp_gain":0,"max_hp_loss":0,"event_name":"FaceTrader","floor":5,"gold_loss":0},{"damage_healed":0,"gold_gain":0,"player_choice":"Upgraded","damage_taken":0,"max_hp_gain":0,"max_hp_loss":0,"event_name":"Upgrade Shrine","floor":13,"gold_loss":0,"cards_upgraded":["Cloak And Dagger"]},{"cards_removed":["Strike_G"],"damage_healed":0,"gold_gain":0,"player_choice":"Gave Gold","damage_taken":0,"max_hp_gain":0,"max_hp_loss":0,"event_name":"Beggar","floor":21,"gold_loss":75},{"damage_healed":0,"gold_gain":0,"player_choice":"Shed Blood","damage_taken":18,"max_hp_gain":5,"max_hp_loss":0,"event_name":"Forgotten Altar","floor":28,"gold_loss":0},{"damage_healed":0,"gold_gain":0,"player_choice":"Fight","damage_taken":0,"max_hp_gain":0,"max_hp_loss":0,"event_name":"Colosseum","floor":29,"gold_loss":0},{"damage_healed":0,"gold_gain":0,"player_choice":"Fled From Nobs","damage_taken":0,"max_hp_gain":0,"max_hp_loss":0,"event_name":"Colosseum","floor":29,"gold_loss":0},{"damage_healed":0,"gold_gain":0,"player_choice":"Paid","damage_taken":0,"relics_obtained":["Red Mask"],"max_hp_gain":0,"max_hp_loss":0,"event_name":"Tomb of Lord Red Mask","floor":37,"gold_loss":27},{"damage_healed":0,"gold_gain":0,"player_choice":"Upgrade","damage_taken":0,"relics_obtained":["Mark of the Bloom"],"max_hp_gain":0,"max_hp_loss":0,"event_name":"MindBloom","floor":39,"gold_loss":0,"cards_upgraded":["Defend_G","Defend_G","Defend_G","Defend_G","Strike_G","Survivor","Dagger Spray","Expertise","Blur","Cloak And Dagger","Adrenaline","Dodge and Roll","Burst","Finesse"]}],"is_beta":false,"boss_relics":[{"not_picked":["Sozu","Snecko Eye"],"picked":"Busted Crown"},{"not_picked":["Lizard Tail","Velvet Choker"],"picked":"Empty Cage"}],"items_purged_floors":[20],"is_endless":false,"potions_floor_spawned":[7,8,11,19,29,38,41,44,45],"ascension_level":12}