{"gold_per_floor":[110,110,16,34,34,62,92,112,137,167,200,200,219,74,74,152,152,170,170,95,95,110,110,122,122,149,163,197,197,197,147,147,224,224,242,256,256,274,284,284,330,330,384,294,304,254,64,64,64,64],"floor_reached":51,"playtime":2271,"items_purged":["Regret","Hyperbeam","Dualcast"],"score":1207,"play_id":"844ad34a-291c-4fe9-80ce-c4e1d7e89309","local_time":"20190122235540","is_ascension_mode":true,"campfire_choices":[{"floor":15,"key":"REST"},{"data":"Defragment","floor":23,"key":"SMITH"},{"data":"Defragment","floor":25,"key":"SMITH"},{"floor":32,"key":"REST"},{"data":"Defragment","floor":40,"key":"SMITH"},{"data":"Rainbow","floor":42,"key":"SMITH"},{"data":"Chaos","floor":49,"key":"SMITH"}],"neow_cost":"NONE","seed_source_timestamp":1122534338655800,"circlet_count":0,"master_deck":["AscendersBane","Go for the Eyes","Panacea","Cold Snap","Seek","BootSequence+1","Ball Lightning","FTL","Electrodynamics+1","Thunder Strike","Storm","Defragment+1","Capacitor","Capacitor","Conserve Battery+1","Ghostly","Ghostly","Ghostly","Ghostly","Ghostly","Defragment+1","Sweeping Beam","Defragment+1","Necronomicurse","Rainbow+1","White Noise","Chaos+1","Ball Lightning"],"relics":["Cracked Core","NeowsBlessing","DataDisk","Letter Opener","Tiny Chest","Potion Belt","Bag of Marbles","Pandora\u0027s Box","Smiling Mask","Mummified Hand","Necronomicon","Philosopher\u0027s Stone","Unceasing Top","Happy Flower","Lee\u0027s Waffle"],"potions_floor_usage":[16],"damage_taken":[{"damage":0,"enemies":"Jaw Worm","floor":1,"turns":1},{"damage":0,"enemies":"2 Louse","floor":4,"turns":1},{"damage":0,"enemies":"3 Sentries","floor":6,"turns":1},{"damage":5,"enemies":"Small Slimes","floor":8,"turns":2},{"damage":31,"enemies":"Lagavulin","floor":11,"turns":7},{"damage":0,"enemies":"3 Louse","floor":13,"turns":2},{"damage":24,"enemies":"Slime Boss","floor":16,"turns":9},{"damage":0,"enemies":"Chosen","floor":18,"turns":4},{"damage":6,"enemies":"2 Thieves","floor":22,"turns":2},{"damage":3,"enemies":"Sentry and Sphere","floor":24,"turns":4},{"damage":1,"enemies":"Centurion and Healer","floor":27,"turns":6},{"damage":0,"enemies":"Gremlin Leader","floor":28,"turns":6},{"damage":11,"enemies":"Champ","floor":33,"turns":10},{"damage":0,"enemies":"3 Darklings","floor":35,"turns":4},{"damage":0,"enemies":"Orb Walker","floor":36,"turns":4},{"damage":0,"enemies":"3 Darklings","floor":38,"turns":4},{"damage":0,"enemies":"Maw","floor":39,"turns":6},{"damage":8,"enemies":"2 Orb Walkers","floor":41,"turns":4},{"damage":19,"enemies":"Spire Growth","floor":45,"turns":5},{"damage":16,"enemies":"Time Eater","floor":50,"turns":8}],"seed_played":"-5647883043711880169","potions_obtained":[{"floor":4,"key":"Ancient Potion"},{"floor":6,"key":"FocusPotion"},{"floor":16,"key":"FocusPotion"},{"floor":18,"key":"Energy Potion"},{"floor":24,"key":"EssenceOfSteel"},{"floor":35,"key":"Weak Potion"}],"is_trial":false,"path_per_floor":["M","?","$","M","$","E","?","M","T","?","E","?","M","$","R","B",null,"M","?","?","?","M","R","M","R","T","M","E","?","?","$","R","B",null,"M","M","?","M","M","R","?","R","T","?","M","$","$","?","R","B",null],"character_chosen":"DEFECT","items_purchased":["Panacea","FTL","Lee\u0027s Waffle"],"campfire_rested":2,"item_purchase_floors":[3,14,47],"current_hp_per_floor":[68,56,56,56,56,56,56,51,51,51,20,5,5,5,27,3,57,57,37,37,37,31,31,28,28,28,27,27,27,11,11,22,11,31,31,31,36,36,36,36,28,28,28,28,9,9,44,44,44,28],"gold":64,"neow_bonus":"THREE_ENEMY_KILL","is_prod":false,"is_daily":false,"chose_seed":false,"campfire_upgraded":5,"win_rate":0,"timestamp":1548201340,"path_taken":["M","?","$","M","$","E","?","M","T","?","E","?","M","?","R","BOSS","M","?","?","?","M","R","M","R","T","M","E","?","?","?","R","BOSS","M","M","?","?","M","R","?","R","T","?","?","?","$","?","R","BOSS"],"build_version":"2019-01-17v2","purchased_purges":3,"victory":true,"max_hp_per_floor":[75,75,75,75,75,75,75,75,75,75,75,75,75,75,75,75,75,75,37,37,37,37,37,37,37,37,37,37,37,37,37,37,37,37,37,37,37,37,37,37,37,37,37,37,37,37,44,44,44,44],"card_choices":[{"not_picked":["Streamline","Darkness"],"picked":"Go for the Eyes","floor":1},{"not_picked":["Turbo","Tempest","Rebound"],"picked":"SKIP","floor":4},{"not_picked":["Aggregate","BootSequence"],"picked":"Cold Snap","floor":6},{"not_picked":["Gash","Rebound"],"picked":"Seek","floor":8},{"not_picked":["Genetic Algorithm","White Noise"],"picked":"BootSequence","floor":11},{"not_picked":["Coolheaded","Redo"],"picked":"Ball Lightning","floor":13},{"not_picked":["Core Surge","Reboot"],"picked":"Electrodynamics","floor":16},{"not_picked":["Compile Driver+1","Darkness"],"picked":"Conserve Battery+1","floor":18},{"not_picked":["Heatsinks","Compile Driver","Steam+1"],"picked":"SKIP","floor":22},{"not_picked":["Glacier","Tempest"],"picked":"Sweeping Beam","floor":24},{"not_picked":["Undo+1","Barrage"],"picked":"Defragment","floor":27},{"not_picked":["Beam Cell","Force Field"],"picked":"Coolheaded","floor":28},{"not_picked":["Buffer","Machine Learning"],"picked":"Rainbow","floor":33},{"not_picked":["Gash+1","Beam Cell+1","Turbo"],"picked":"SKIP","floor":35},{"not_picked":["Melter","Rebound"],"picked":"White Noise","floor":36},{"not_picked":["Stack","Steam"],"picked":"Chaos","floor":38},{"not_picked":["Hologram","Beam Cell","Sweeping Beam"],"picked":"SKIP","floor":39},{"not_picked":["Sweeping Beam","Beam Cell"],"picked":"Ball Lightning","floor":41},{"not_picked":["Electrodynamics","Beam Cell","Barrage"],"picked":"SKIP","floor":45}],"player_experience":559190,"relics_obtained":[{"floor":6,"key":"Letter Opener"},{"floor":9,"key":"Potion Belt"},{"floor":11,"key":"Bag of Marbles"},{"floor":28,"key":"Smiling Mask"},{"floor":30,"key":"Necronomicon"},{"floor":41,"key":"Unceasing Top"},{"floor":43,"key":"Happy Flower"}],"event_choices":[{"damage_healed":0,"gold_gain":0,"player_choice":"Success","damage_taken":12,"relics_obtained":["DataDisk"],"max_hp_gain":0,"max_hp_loss":0,"event_name":"Scrap Ooze","floor":2,"gold_loss":0},{"damage_healed":0,"gold_gain":0,"player_choice":"Box","damage_taken":0,"relics_obtained":["Tiny Chest"],"max_hp_gain":0,"max_hp_loss":0,"event_name":"Big Fish","floor":7,"gold_loss":0,"cards_obtained":["Regret"]},{"damage_healed":0,"gold_gain":30,"player_choice":"Searched \u00271\u0027 times","damage_taken":0,"max_hp_gain":0,"max_hp_loss":0,"event_name":"Dead Adventurer","floor":10,"gold_loss":0},{"damage_healed":0,"gold_gain":0,"player_choice":"Entered Light","damage_taken":15,"max_hp_gain":0,"max_hp_loss":0,"event_name":"Shining Light","floor":12,"gold_loss":0,"cards_upgraded":["Strike_B","BootSequence"]},{"damage_healed":0,"gold_gain":0,"player_choice":"Became a Ghost","damage_taken":0,"max_hp_gain":0,"max_hp_loss":38,"event_name":"Ghosts","floor":19,"gold_loss":0,"cards_obtained":["Ghostly","Ghostly","Ghostly","Ghostly","Ghostly"]},{"cards_removed":["Thunder Strike"],"damage_healed":0,"gold_gain":0,"player_choice":"Gave Gold","damage_taken":0,"max_hp_gain":0,"max_hp_loss":0,"event_name":"Beggar","floor":20,"gold_loss":75},{"damage_healed":0,"gold_gain":0,"player_choice":"Read","damage_taken":0,"max_hp_gain":0,"max_hp_loss":0,"event_name":"The Library","floor":21,"gold_loss":0,"cards_obtained":["Defragment"]},{"damage_healed":0,"gold_gain":0,"player_choice":"Opened","damage_taken":0,"relics_obtained":["Mummified Hand"],"max_hp_gain":0,"max_hp_loss":0,"event_name":"The Mausoleum","floor":29,"gold_loss":0},{"damage_healed":0,"gold_gain":0,"player_choice":"Obtained Book","damage_taken":16,"max_hp_gain":0,"max_hp_loss":0,"event_name":"Cursed Tome","floor":30,"gold_loss":0},{"cards_removed":["Coolheaded"],"damage_healed":5,"gold_gain":0,"player_choice":"Offered Common","damage_taken":0,"max_hp_gain":0,"max_hp_loss":0,"event_name":"Bonfire Elementals","floor":37,"gold_loss":0},{"cards_removed":["Coolheaded"],"damage_healed":5,"gold_gain":0,"player_choice":"Offered Special","damage_taken":0,"max_hp_gain":0,"max_hp_loss":0,"event_name":"Bonfire Elementals","floor":37,"gold_loss":0},{"damage_healed":0,"gold_gain":0,"player_choice":"Fight","damage_taken":0,"max_hp_gain":0,"max_hp_loss":0,"event_name":"Mysterious Sphere","floor":41,"gold_loss":0},{"cards_removed":["Zap"],"damage_healed":0,"gold_gain":0,"player_choice":"Upgrade and Remove","damage_taken":0,"max_hp_gain":0,"max_hp_loss":0,"event_name":"Designer","floor":44,"gold_loss":90,"cards_upgraded":["Electrodynamics"]},{"cards_removed":["Core Surge"],"damage_healed":0,"gold_gain":0,"player_choice":"Removed Attack","damage_taken":0,"max_hp_gain":0,"max_hp_loss":0,"event_name":"Falling","floor":48,"gold_loss":0}],"is_beta":false,"boss_relics":[{"not_picked":["Eternal Feather","Empty Cage"],"picked":"Pandora\u0027s Box"},{"not_picked":["Calling Bell","Runic Dome"],"picked":"Philosopher\u0027s Stone"}],"items_purged_floors":[14,31,46],"is_endless":false,"potions_floor_spawned":[4,6,16,18,24,28,35],"ascension_level":13}