{"gold_per_floor":[114,64,64,239,34,34,49,49,49,49,49,13,13,32,32,157,157,176,176],"floor_reached":19,"playtime":567,"items_purged":[],"score":153,"play_id":"6a67b313-89fb-47dd-9b6d-2127906c32aa","local_time":"20180930015944","daily_mods":["Draft","Flight","Lethality"],"is_ascension_mode":false,"campfire_choices":[{"data":"Apotheosis","floor":6,"key":"SMITH"},{"data":"Defragment","floor":8,"key":"SMITH"},{"data":"Loop","floor":15,"key":"SMITH"}],"neow_cost":"","seed_source_timestamp":0,"circlet_count":0,"master_deck":["Redo","Conserve Battery","Chaos","FTL","Genetic Algorithm+1","Steam","Sweeping Beam","Stack","Coolheaded","Go for the Eyes","Conserve Battery","Chaos","Cold Snap","Redo","Self Repair","Doubt","Apotheosis+1","Defragment+1","Loop+1","Biased Cognition"],"special_seed":17804,"relics":["Cracked Core","Shuriken","Cables","Orichalcum","Golden Idol","Black Star"],"potions_floor_usage":[18],"damage_taken":[{"damage":10,"enemies":"2 Louse","floor":1,"turns":2},{"damage":3,"enemies":"Small Slimes","floor":7,"turns":3},{"damage":5,"enemies":"Jaw Worm","floor":14,"turns":3},{"damage":23,"enemies":"Hexaghost","floor":16,"turns":9},{"damage":57,"enemies":"3 Byrds","floor":18,"turns":5},{"damage":15,"enemies":"Colosseum Slavers","floor":19,"turns":4},{"damage":18,"enemies":"Colosseum Nobs","floor":19,"turns":2}],"seed_played":"3855407655360463062","potions_obtained":[{"floor":7,"key":"FocusPotion"}],"is_trial":false,"path_per_floor":["M","?","?","?","$","R","M","R","T","?","T","$","?","M","R","B",null,"M"],"character_chosen":"DEFECT","items_purchased":["Apotheosis","Loop"],"campfire_rested":0,"item_purchase_floors":[5,12],"current_hp_per_floor":[65,65,65,65,65,65,72,72,72,69,69,69,51,46,46,33,75,28,0],"gold":176,"neow_bonus":"","is_prod":false,"is_daily":true,"chose_seed":false,"campfire_upgraded":3,"win_rate":0,"timestamp":1538269184,"path_taken":["M","?","?","?","?","R","?","R","T","?","?","?","?","?","R","BOSS","M","?"],"build_version":"2018-09-27","purchased_purges":0,"victory":false,"max_hp_per_floor":[75,75,75,75,75,75,75,75,75,75,75,75,75,75,75,75,75,75,75],"card_choices":[{"not_picked":["Beam Cell","Static Discharge"],"picked":"Redo","floor":0},{"not_picked":["Turbo","Redo"],"picked":"Conserve Battery","floor":0},{"not_picked":["Compile Driver","Turbo"],"picked":"Chaos","floor":0},{"not_picked":["Ball Lightning","Compile Driver"],"picked":"FTL","floor":0},{"not_picked":["Streamline","Sweeping Beam"],"picked":"Genetic Algorithm","floor":0},{"not_picked":["Steam Power","Lockon"],"picked":"Static Discharge","floor":0},{"not_picked":["Darkness","Coolheaded"],"picked":"Steam","floor":0},{"not_picked":["Barrage","Turbo"],"picked":"Sweeping Beam","floor":0},{"not_picked":["Turbo","Lockon"],"picked":"Stack","floor":0},{"not_picked":["Ball Lightning","Darkness"],"picked":"Coolheaded","floor":0},{"not_picked":["FTL","Recycle"],"picked":"Go for the Eyes","floor":0},{"not_picked":["Gash","Beam Cell"],"picked":"Conserve Battery","floor":0},{"not_picked":["Fusion","Rebound"],"picked":"Chaos","floor":0},{"not_picked":["Gash","Beam Cell"],"picked":"Cold Snap","floor":0},{"not_picked":["Leap","Sweeping Beam"],"picked":"Redo","floor":0},{"not_picked":["Stack","Rebound"],"picked":"Self Repair","floor":1},{"not_picked":["Hologram","Coolheaded"],"picked":"Defragment","floor":7},{"not_picked":["Compile Driver","Aggregate","Redo"],"picked":"SKIP","floor":14},{"not_picked":["Buffer","Amplify"],"picked":"Biased Cognition","floor":16},{"not_picked":["Coolheaded","Stack","Cold Snap"],"picked":"SKIP","floor":18}],"player_experience":437598,"relics_obtained":[{"floor":9,"key":"Shuriken"},{"floor":11,"key":"Orichalcum"}],"event_choices":[{"event_name":"The Cleric","player_choice":"Card Removal","floor":2,"damage_taken":0},{"event_name":"Living Wall","player_choice":"Grow","floor":3,"damage_taken":0},{"event_name":"Liars Game","player_choice":"agreed","floor":4,"damage_taken":0},{"event_name":"Scrap Ooze","player_choice":"success","floor":10,"damage_taken":3},{"event_name":"Golden Idol","player_choice":"Take Damage","floor":13,"damage_taken":0},{"event_name":"Colosseum","player_choice":"Fight","floor":19,"damage_taken":0},{"event_name":"Colosseum","player_choice":"Fought Nobs","floor":19,"damage_taken":0}],"is_beta":false,"boss_relics":[{"not_picked":["Calling Bell","Lizard Tail"],"picked":"Black Star"}],"items_purged_floors":[],"is_endless":false,"potions_floor_spawned":[7],"killed_by":"Colosseum Nobs","ascension_level":0}