{"path_per_floor":["M","?","?","M","M","M","E","?","T","M","E","R","?","M","R","B",null,"M","T","$","M","M","R","E","M","T","R","?","R","M"],"character_chosen":"THE_SILENT","items_purchased":["Happy Flower","Burst"],"gold_per_floor":[118,118,193,206,223,193,227,227,254,272,306,306,306,320,320,423,423,433,457,80,90,106,106,136,149,149,149,149,149,166],"floor_reached":31,"campfire_rested":0,"playtime":4012,"current_hp_per_floor":[70,56,45,45,45,45,24,17,17,27,37,37,60,57,57,26,70,66,66,66,63,61,61,60,52,52,52,49,49,49],"items_purged":["Strike_G"],"gold":166,"score":304,"play_id":"92ab95ac-1c0d-4414-8a71-eb476f50a12e","is_prod":false,"is_daily":false,"is_ascension_mode":true,"campfire_upgraded":5,"path_taken":["M","?","?","M","M","M","E","?","T","?","E","R","?","M","R","BOSS","M","?","$","M","M","R","E","M","T","R","?","R","M","E"],"build_version":"2018-02-08-PROD1","purchased_purges":1,"victory":false,"master_deck":["Defend_G","Defend_G+1","Defend_G","Defend_G","Defend_G","Survivor","Neutralize+1","Terror","Deadly Poison","Backflip","Outmaneuver+1","After Image+1","PiercingWail+1","Infinite Blades+1","Leg Sweep","Burst","Footwork+1","Burst+1","Dodge and Roll","Calculated Gamble+1","Bite","Bite","Bite","Bite","Bite","PiercingWail"],"max_hp_per_floor":[70,70,70,70,70,70,70,70,70,70,70,70,70,70,70,70,70,70,70,70,70,70,70,70,70,70,70,49,49,49],"relics":["Ring of the Snake","Centennial Puzzle","Pen Nib","Regal Pillow","Toolbox","Black Star","War Paint","Happy Flower","Frozen Egg 2","Bottled Flame","Ancient Tea Set"],"card_choices":[{"not_picked":["Crippling Poison","Dodge and Roll"],"picked":"Terror"},{"not_picked":["Terror","Dagger Throw"],"picked":"Deadly Poison"},{"not_picked":["Dagger Spray","Predator"],"picked":"Backflip"},{"not_picked":["Reflex","Slice"],"picked":"Outmaneuver"},{"not_picked":["PiercingWail","Expertise"],"picked":"After Image"},{"not_picked":["Sucker Punch","Heel Hook"],"picked":"PiercingWail"},{"not_picked":["Finisher","Tactician"],"picked":"Infinite Blades"},{"not_picked":["Skewer","Outmaneuver"],"picked":"Leg Sweep"},{"not_picked":["Tactician","After Image"],"picked":"Burst"},{"not_picked":["Poisoned Stab","Outmaneuver"],"picked":"Footwork"},{"not_picked":["Deflect","Poisoned Stab"],"picked":"Dodge and Roll"},{"not_picked":["Outmaneuver","Sucker Punch"],"picked":"Calculated Gamble"},{"not_picked":["Deadly Poison","Bouncing Flask"],"picked":"PiercingWail"}],"player_experience":97503,"potions_floor_usage":[10,11,31,31],"damage_taken":[{"damage":0,"enemies":"Jaw Worm","floor":1,"turns":5},{"damage":0,"enemies":"2 Louse","floor":4,"turns":3},{"damage":0,"enemies":"Small Slimes","floor":5,"turns":3},{"damage":0,"enemies":"Looter","floor":6,"turns":4},{"damage":21,"enemies":"3 Sentries","floor":7,"turns":13},{"damage":5,"enemies":"Large Slime","floor":10,"turns":9},{"damage":5,"enemies":"Lagavulin","floor":11,"turns":8},{"damage":3,"enemies":"Exordium Thugs","floor":14,"turns":6},{"damage":31,"enemies":"The Guardian","floor":16,"turns":13},{"damage":4,"enemies":"3 Byrds","floor":18,"turns":8},{"damage":3,"enemies":"Chosen","floor":21,"turns":6},{"damage":2,"enemies":"Snecko","floor":22,"turns":8},{"damage":1,"enemies":"Book of Stabbing","floor":24,"turns":10},{"damage":8,"enemies":"Slaver and Parasite","floor":25,"turns":21},{"damage":1,"enemies":"Snake Plant","floor":30,"turns":5},{"damage":67,"enemies":"Gremlin Leader","floor":31,"turns":10}],"event_choices":[{"event_name":"Shining Light","player_choice":"Entered Light","floor":2,"damage_taken":0},{"event_name":"World of Goop","player_choice":"Gather Gold","floor":3,"damage_taken":0},{"event_name":"Scrap Ooze","player_choice":"success","floor":8,"damage_taken":7},{"event_name":"Big Fish","player_choice":"Banana","floor":13,"damage_taken":0},{"event_name":"Vampires","player_choice":"Became a vampire","floor":28,"damage_taken":0}],"boss_relics":[{"not_picked":["Philosopher\u0027s Stone","Orrery"],"picked":"Black Star"}],"potions_floor_spawned":[1,5,7,11,21,22,25],"seed_played":"5531191390822085327","killed_by":"Gremlin Leader","ascension_level":1,"is_trial":false}