{"path_per_floor":["M","?","M","?","?","R","T","M","T","M","$","T","M","M","R","B",null,"M","M","$","M","M","R","M","R","T","?","M"],"character_chosen":"THE_SILENT","items_purchased":["Panacea","War Paint","Cloak And Dagger"],"gold_per_floor":[10,10,30,105,105,105,105,126,179,204,34,34,47,66,66,186,186,207,221,55,73,94,94,112,112,180,180,201],"floor_reached":29,"campfire_rested":1,"playtime":2655,"current_hp_per_floor":[69,69,69,58,41,41,41,41,41,40,40,40,39,39,39,25,70,66,37,37,22,20,41,33,33,33,33,26],"items_purged":["Strike_G"],"gold":201,"score":263,"play_id":"63396556-f6d5-4eac-a9a3-57f1fc2dd57f","local_time":"20180313132434","is_prod":false,"is_daily":false,"is_ascension_mode":true,"campfire_upgraded":3,"timestamp":1520947474,"path_taken":["M","?","M","?","?","R","?","?","T","M","?","?","M","?","R","BOSS","M","M","$","M","M","R","?","R","T","?","M","M"],"build_version":"2018-03-09","purchased_purges":1,"victory":false,"master_deck":["Defend_G","Defend_G","Defend_G","Defend_G","Defend_G","Strike_G","Strike_G","Survivor","Neutralize+1","Noxious Fumes+1","Prepared+1","Deadly Poison","Catalyst+1","Panacea","Acrobatics","Backflip+1","Corpse Explosion","Dodge and Roll+1","Cloak And Dagger","Bane+1","Backflip+1","Outmaneuver"],"max_hp_per_floor":[70,70,70,70,70,70,70,70,70,70,70,70,70,70,70,70,70,70,70,70,70,70,70,70,70,70,70,70],"relics":["Ring of the Snake","Golden Idol","Calipers","Tiny Chest","Frozen Eye","Sozu","War Paint","Gremlin Horn"],"card_choices":[{"not_picked":["Poisoned Stab","PiercingWail"],"picked":"Noxious Fumes"},{"not_picked":["Quick Slash","Outmaneuver"],"picked":"Prepared"},{"not_picked":["Acrobatics","Choke"],"picked":"Deadly Poison"},{"not_picked":["PiercingWail","Riddle With Holes"],"picked":"Catalyst"},{"not_picked":["Bane","Cloak And Dagger"],"picked":"Acrobatics"},{"not_picked":["PiercingWail","Riddle With Holes"],"picked":"Backflip"},{"not_picked":["Envenom","Venomology"],"picked":"Corpse Explosion"},{"not_picked":["Sucker Punch","Prepared"],"picked":"Dodge and Roll"},{"not_picked":["Concentrate","Deadly Poison"],"picked":"Bane"},{"not_picked":["Acrobatics","Dagger Spray"],"picked":"Backflip"},{"not_picked":["Glass Knife","Flechettes"],"picked":"Outmaneuver"}],"player_experience":181362,"potions_floor_usage":[16],"damage_taken":[{"damage":1,"enemies":"Jaw Worm","floor":1,"turns":5},{"damage":0,"enemies":"Cultist","floor":3,"turns":5},{"damage":0,"enemies":"2 Louse","floor":8,"turns":3},{"damage":1,"enemies":"Large Slime","floor":10,"turns":7},{"damage":1,"enemies":"Blue Slaver","floor":13,"turns":4},{"damage":0,"enemies":"Looter","floor":14,"turns":4},{"damage":14,"enemies":"Slime Boss","floor":16,"turns":12},{"damage":4,"enemies":"Shell Parasite","floor":18,"turns":5},{"damage":29,"enemies":"Chosen","floor":19,"turns":7},{"damage":15,"enemies":"Snake Plant","floor":21,"turns":6},{"damage":2,"enemies":"Snecko","floor":22,"turns":7},{"damage":8,"enemies":"3 Cultists","floor":24,"turns":5},{"damage":7,"enemies":"Sentry and Sphere","floor":28,"turns":7},{"damage":33,"enemies":"Slaver and Parasite","floor":29,"turns":3}],"event_choices":[{"event_name":"Upgrade Shrine","player_choice":"Upgraded","floor":2,"damage_taken":0},{"event_name":"World of Goop","player_choice":"Gather Gold","floor":4,"damage_taken":0},{"event_name":"Golden Idol","player_choice":"Take Damage","floor":5,"damage_taken":0},{"event_name":"The Woman in Blue","player_choice":"Bought 0 Potions","floor":27,"damage_taken":0}],"boss_relics":[{"not_picked":["Velvet Choker","Runic Dome"],"picked":"Sozu"}],"potions_floor_spawned":[8,10,22,28],"seed_played":"-5981562279335337868","killed_by":"Slaver and Parasite","ascension_level":4,"is_trial":false}