{"path_per_floor":["M","M","?","M","M","R","M","?","T","E","M","$","R","?","R","B",null,"M","M","M","M","?"],"character_chosen":"IRONCLAD","items_purchased":["Juggernaut","Armaments"],"gold_per_floor":[113,124,124,143,155,155,168,168,168,200,220,92,92,42,42,145,145,158,123,137,156,156],"floor_reached":23,"campfire_rested":0,"playtime":3664,"current_hp_per_floor":[80,80,64,67,68,68,74,67,67,70,76,76,76,76,76,48,80,80,62,47,45,45],"items_purged":[],"gold":156,"play_id":"482a08de-7e87-4086-9e30-68aa0acd6d75","is_prod":false,"is_daily":false,"is_ascension_mode":false,"campfire_upgraded":3,"path_taken":["M","M","?","?","M","R","M","?","T","E","M","$","R","?","R","BOSS","M","M","M","M","?","E"],"build_version":"2018-02-01-PROD3","purchased_purges":0,"victory":false,"master_deck":["Strike_R+1","Strike_R","Defend_R+1","Defend_R","Defend_R","Defend_R","Bash","Pommel Strike+1","Disarm","Battle Trance","Shrug It Off","Iron Wave","Whirlwind","Juggernaut+1","Armaments+1","Limit Break","Shrug It Off","Pommel Strike+1","Power Through+1","Writhe"],"max_hp_per_floor":[80,80,80,80,80,80,80,80,80,80,80,80,80,80,80,80,80,80,80,80,80,80],"relics":["Burning Blood","Shuriken","Vajra","Black Star","Juzu Bracelet"],"card_choices":[{"not_picked":["Perfected Strike","Body Slam"],"picked":"Pommel Strike"},{"not_picked":["Flex","Flame Barrier"],"picked":"Disarm"},{"not_picked":["Body Slam","Perfected Strike"],"picked":"Battle Trance"},{"not_picked":["Hemokinesis","Perfected Strike"],"picked":"Shrug It Off"},{"not_picked":["Warcry","Evolve"],"picked":"Iron Wave"},{"not_picked":["Iron Wave","Searing Blow"],"picked":"Whirlwind"},{"not_picked":["Double Tap","Bludgeon"],"picked":"Limit Break"},{"not_picked":["Warcry","Iron Wave"],"picked":"Shrug It Off"},{"not_picked":["Heavy Blade","Corruption"],"picked":"Pommel Strike"},{"not_picked":["Anger","Wild Strike"],"picked":"Power Through"}],"player_experience":49935,"potions_floor_usage":[21,23,23],"damage_taken":[{"damage":4.0,"enemies":"2 Louse","floor":1.0,"turns":4.0},{"damage":1.0,"enemies":"Jaw Worm","floor":2.0,"turns":4.0},{"damage":3.0,"enemies":"Small Slimes","floor":4.0,"turns":3.0},{"damage":5.0,"enemies":"Looter","floor":5.0,"turns":5.0},{"damage":0.0,"enemies":"Large Slime","floor":7.0,"turns":5.0},{"damage":3.0,"enemies":"3 Sentries","floor":10.0,"turns":10.0},{"damage":0.0,"enemies":"Gremlin Gang","floor":11.0,"turns":5.0},{"damage":34.0,"enemies":"The Guardian","floor":16.0,"turns":11.0},{"damage":4,"enemies":"Shell Parasite","floor":18,"turns":9},{"damage":24,"enemies":"2 Thieves","floor":19,"turns":5},{"damage":21,"enemies":"Snecko","floor":20,"turns":6},{"damage":8,"enemies":"Cultist and Chosen","floor":21,"turns":7},{"damage":64,"enemies":"Gremlin Leader","floor":23,"turns":9}],"event_choices":[{"event_name":"Shining Light","player_choice":"Entered Light","floor":3.0,"damage_taken":0.0},{"event_name":"Golden Wing","player_choice":"Card Removal","floor":8.0,"damage_taken":0.0},{"event_name":"The Cleric","player_choice":"Card Removal","floor":14.0,"damage_taken":0.0},{"event_name":"The Mausoleum","player_choice":"Yes","floor":22,"damage_taken":0}],"boss_relics":[],"potions_floor_spawned":[2,4,5,16,20],"seed_played":"-3407748221384515659","killed_by":"Gremlin Leader","ascension_level":0,"is_trial":false}