{"gold_per_floor":[115,128,128,141,141,141,159,173,199,211,223,245,257,300,312,324],"floor_reached":16,"playtime":627,"items_purged":[],"score":168,"play_id":"6bd561f5-0fc2-48a0-a278-637d9d3ce7b7","local_time":"20190120232342","is_ascension_mode":true,"campfire_choices":[{"data":"Flex","floor":6,"key":"SMITH"},{"data":"Rupture","floor":15,"key":"SMITH"}],"neow_cost":"TEN_PERCENT_HP_LOSS","seed_source_timestamp":949447697772100,"circlet_count":0,"master_deck":["AscendersBane","Strike_R","Strike_R","Strike_R","Defend_R","Defend_R","Defend_R","Defend_R","Bash+1","Rupture+1","Flex+1","Shrug It Off","Brutality","Iron Wave"],"relics":["Burning Blood","CultistMask","MawBank","Smiling Mask"],"potions_floor_usage":[14,16],"damage_taken":[{"damage":3,"enemies":"Jaw Worm","floor":1,"turns":5},{"damage":1,"enemies":"Cultist","floor":2,"turns":4},{"damage":4,"enemies":"Small Slimes","floor":4,"turns":5},{"damage":9,"enemies":"Red Slaver","floor":7,"turns":4},{"damage":33,"enemies":"Large Slime","floor":8,"turns":11},{"damage":15,"enemies":"3 Louse","floor":12,"turns":4},{"damage":37,"enemies":"3 Sentries","floor":14,"turns":10},{"damage":26,"enemies":"Hexaghost","floor":16,"turns":9}],"seed_played":"960747095920246075","potions_obtained":[{"floor":2,"key":"AttackPotion"},{"floor":4,"key":"Weak Potion"}],"is_trial":false,"path_per_floor":["M","M","?","M","?","R","M","M","T","$","?","M","?","E","R","B"],"character_chosen":"IRONCLAD","items_purchased":[],"campfire_rested":0,"item_purchase_floors":[],"current_hp_per_floor":[72,72,72,72,72,72,69,42,42,42,42,33,57,26,26,0],"gold":324,"neow_bonus":"REMOVE_TWO","is_prod":false,"is_daily":false,"chose_seed":false,"campfire_upgraded":2,"win_rate":0,"timestamp":1548026622,"path_taken":["M","M","?","?","?","R","?","M","T","$","?","?","?","E","R","BOSS"],"build_version":"2019-01-17v2","purchased_purges":0,"victory":false,"max_hp_per_floor":[72,72,72,72,72,72,72,72,72,72,72,72,72,72,72,72],"card_choices":[{"not_picked":["Sword Boomerang","Carnage"],"picked":"Rupture","floor":1},{"not_picked":["Havoc","Twin Strike"],"picked":"Flex","floor":2},{"not_picked":["True Grit","Thunderclap","Sentinel"],"picked":"SKIP","floor":4},{"not_picked":["Dual Wield","Iron Wave"],"picked":"Shrug It Off","floor":7},{"not_picked":["Flex","Second Wind","Clothesline"],"picked":"SKIP","floor":8},{"not_picked":["Heavy Blade","Seeing Red"],"picked":"Brutality","floor":12},{"not_picked":["Headbutt","Carnage"],"picked":"Iron Wave","floor":14}],"player_experience":550404,"relics_obtained":[{"floor":9,"key":"MawBank"},{"floor":14,"key":"Smiling Mask"}],"event_choices":[{"damage_healed":0,"gold_gain":0,"player_choice":"Trade","damage_taken":0,"relics_obtained":["CultistMask"],"max_hp_gain":0,"max_hp_loss":0,"event_name":"FaceTrader","floor":3,"gold_loss":0},{"damage_healed":0,"gold_gain":0,"player_choice":"Upgraded","damage_taken":0,"max_hp_gain":0,"max_hp_loss":0,"event_name":"Upgrade Shrine","floor":5,"gold_loss":0,"cards_upgraded":["Bash"]},{"damage_healed":0,"gold_gain":0,"player_choice":"Bought 0 Potions","damage_taken":0,"max_hp_gain":0,"max_hp_loss":0,"event_name":"The Woman in Blue","floor":11,"gold_loss":0},{"damage_healed":24,"gold_gain":0,"player_choice":"Banana","damage_taken":0,"max_hp_gain":0,"max_hp_loss":0,"event_name":"Big Fish","floor":13,"gold_loss":0}],"is_beta":false,"boss_relics":[],"items_purged_floors":[],"is_endless":false,"potions_floor_spawned":[2,4,12],"killed_by":"Hexaghost","ascension_level":13}