{"gold_per_floor":[116,132,132,149,5,33,33,33,87,40,52,70,70,145,145,145],"floor_reached":16,"playtime":1077,"items_purged":[],"score":155,"play_id":"16139f6d-1988-4ffd-b5cb-329159f126d6","local_time":"20181015194818","is_ascension_mode":true,"campfire_choices":[{"data":"Armaments","floor":7,"key":"SMITH"},{"data":"Bash","floor":13,"key":"SMITH"},{"data":"Inflame","floor":15,"key":"SMITH"}],"neow_cost":"PERCENT_DAMAGE","seed_source_timestamp":92827503429448,"circlet_count":0,"master_deck":["Strike_R","Strike_R","Strike_R","Strike_R","Strike_R","Defend_R","Defend_R","Defend_R","Defend_R","Bash+1","AscendersBane","Fire Breathing","Shrug It Off","Shrug It Off","Armaments+1","Shrug It Off","Inflame+1","Iron Wave"],"relics":["Burning Blood","Vajra","Potion Belt","Tiny Chest"],"potions_floor_usage":[6,16],"damage_taken":[{"damage":18,"enemies":"Small Slimes","floor":1,"turns":7},{"damage":20,"enemies":"Cultist","floor":2,"turns":5},{"damage":7,"enemies":"Jaw Worm","floor":4,"turns":4},{"damage":37,"enemies":"3 Sentries","floor":6,"turns":10},{"damage":3,"enemies":"Exordium Wildlife","floor":11,"turns":5},{"damage":5,"enemies":"3 Louse","floor":12,"turns":4},{"damage":51,"enemies":"Hexaghost","floor":16,"turns":16}],"seed_played":"7457258622494655150","potions_obtained":[{"floor":2,"key":"Dexterity Potion"},{"floor":4,"key":"PowerPotion"},{"floor":11,"key":"SpeedPotion"},{"floor":12,"key":"Strength Potion"}],"is_trial":false,"path_per_floor":["M","M","?","M","$","E","R","?","T","$","M","M","R","?","R"],"character_chosen":"IRONCLAD","items_purchased":["Vajra","Shrug It Off"],"campfire_rested":0,"item_purchase_floors":[5,10],"current_hp_per_floor":[39,31,90,89,89,58,58,58,58,58,61,62,62,51,51,0],"gold":145,"neow_bonus":"THREE_RARE_CARDS","is_prod":false,"is_daily":false,"chose_seed":false,"campfire_upgraded":3,"win_rate":0,"timestamp":1539629298,"path_taken":["M","M","?","M","$","E","R","?","T","?","M","M","R","?","R","BOSS"],"build_version":"2018-10-11","purchased_purges":0,"victory":false,"max_hp_per_floor":[80,80,90,90,90,90,90,90,90,90,90,90,90,90,90,90],"card_choices":[{"not_picked":["Double Tap","Berserk"],"picked":"Reaper","floor":0},{"not_picked":["Body Slam","Feel No Pain"],"picked":"Fire Breathing","floor":1},{"not_picked":["Pummel","Clash"],"picked":"Shrug It Off","floor":2},{"not_picked":["Perfected Strike","Headbutt"],"picked":"Shrug It Off","floor":4},{"not_picked":["Anger","Ghostly Armor"],"picked":"Armaments","floor":6},{"not_picked":["Cleave","Havoc"],"picked":"Inflame","floor":11},{"not_picked":["True Grit","Sword Boomerang"],"picked":"Iron Wave","floor":12}],"player_experience":465799,"relics_obtained":[{"floor":6,"key":"Potion Belt"},{"floor":9,"key":"Tiny Chest"}],"event_choices":[{"event_name":"Bonfire Elementals","player_choice":"RARE","floor":3,"damage_taken":0},{"event_name":"The Cleric","player_choice":"Leave","floor":8,"damage_taken":0},{"event_name":"World of Goop","player_choice":"Gather Gold","floor":14,"damage_taken":0}],"is_beta":false,"boss_relics":[],"items_purged_floors":[],"is_endless":false,"potions_floor_spawned":[2,4,11,12],"killed_by":"Hexaghost","ascension_level":11}