{"gold_per_floor":[369,369,385,84,99,129,129,140,163,175,205,245,257,303,315,399,411,437,463,109,109,122,122,153,153,179,191,191,224,237,265,265,265],"floor_reached":33,"playtime":2437,"items_purged":["Strike_R"],"score":585,"play_id":"0dcef6e4-06d9-4ab5-8c96-c51e857a8ada","local_time":"20190322183321","is_ascension_mode":true,"campfire_choices":[{"data":"Demon Form","floor":7,"key":"SMITH"},{"data":"Armaments","floor":10,"key":"SMITH"},{"data":"Disarm","floor":15,"key":"SMITH"},{"floor":23,"key":"REST"},{"data":"Whirlwind","floor":25,"key":"SMITH"},{"data":"Shrug It Off","floor":28,"key":"SMITH"},{"floor":32,"key":"REST"}],"neow_cost":"TEN_PERCENT_HP_LOSS","seed_source_timestamp":11162335544754,"circlet_count":0,"master_deck":["AscendersBane","Strike_R","Strike_R","Strike_R","Strike_R","Defend_R","Defend_R","Defend_R","Defend_R","Bash","Warcry","Iron Wave","Battle Trance","Ghostly Armor","Cleave","Pommel Strike","Demon Form+1","Armaments+1","Disarm+1","Double Tap","Shrug It Off+1","Whirlwind+1","Whirlwind+1","Limit Break","Disarm","Immolate","Thunderclap"],"relics":["Burning Blood","Lantern","Happy Flower","MawBank","Pen Nib","Letter Opener","Orichalcum","Velvet Choker","DollysMirror","Torii","Oddly Smooth Stone","Dream Catcher","Potion Belt"],"potions_floor_usage":[12,16,24,29],"damage_taken":[{"damage":7,"enemies":"Small Slimes","floor":1,"turns":4},{"damage":1,"enemies":"Cultist","floor":3,"turns":4},{"damage":7,"enemies":"Jaw Worm","floor":5,"turns":4},{"damage":15,"enemies":"3 Sentries","floor":6,"turns":9},{"damage":12,"enemies":"Gremlin Gang","floor":8,"turns":5},{"damage":0,"enemies":"Large Slime","floor":11,"turns":5},{"damage":21,"enemies":"Gremlin Nob","floor":12,"turns":4},{"damage":10,"enemies":"3 Sentries","floor":14,"turns":6},{"damage":15,"enemies":"Hexaghost","floor":16,"turns":10},{"damage":16,"enemies":"Chosen","floor":18,"turns":5},{"damage":10,"enemies":"Shell Parasite","floor":19,"turns":7},{"damage":22,"enemies":"Snake Plant","floor":22,"turns":5},{"damage":17,"enemies":"Slavers","floor":24,"turns":3},{"damage":7,"enemies":"Shelled Parasite and Fungi","floor":27,"turns":6},{"damage":17,"enemies":"Gremlin Leader","floor":29,"turns":6},{"damage":1,"enemies":"Snecko","floor":30,"turns":4},{"damage":17,"enemies":"Book of Stabbing","floor":31,"turns":8},{"damage":51,"enemies":"Automaton","floor":33,"turns":6}],"seed_played":"3570258915299165276","potions_obtained":[{"floor":3,"key":"Regen Potion"},{"floor":6,"key":"Swift Potion"},{"floor":8,"key":"Weak Potion"},{"floor":12,"key":"Ancient Potion"},{"floor":22,"key":"GamblersBrew"},{"floor":24,"key":"EssenceOfSteel"},{"floor":29,"key":"Energy Potion"},{"floor":31,"key":"SpeedPotion"}],"is_trial":false,"path_per_floor":["M","?","M","$","M","E","R","M","T","R","M","E","T","E","R","B",null,"M","M","$","?","M","R","E","R","T","M","R","E","M","E","R","B"],"character_chosen":"IRONCLAD","items_purchased":["Ghostly Armor","Cleave","Lantern","Whirlwind","DollysMirror"],"campfire_rested":2,"item_purchase_floors":[4,4,4,20,20],"current_hp_per_floor":[67,67,68,68,67,58,58,52,52,52,58,55,55,51,51,42,62,52,48,48,48,32,52,41,41,41,40,40,29,34,23,43,0],"gold":265,"neow_bonus":"TWO_FIFTY_GOLD","is_prod":false,"is_daily":false,"chose_seed":false,"campfire_upgraded":5,"win_rate":0,"timestamp":1553276001,"path_taken":["M","?","?","$","M","E","R","M","T","R","M","E","?","E","R","BOSS","M","M","$","?","M","R","E","R","T","M","R","E","?","E","R","BOSS"],"build_version":"2019-01-23","purchased_purges":1,"victory":false,"max_hp_per_floor":[68,68,68,68,68,68,68,68,68,68,68,68,68,68,68,68,68,68,68,68,68,68,68,68,68,68,68,68,68,68,68,68,68],"card_choices":[{"not_picked":["Havoc","Anger"],"picked":"Warcry","floor":1},{"not_picked":["Power Through","Combust"],"picked":"Battle Trance","floor":3},{"not_picked":["True Grit","Rage"],"picked":"Pommel Strike","floor":5},{"not_picked":["Wild Strike","Shockwave"],"picked":"Demon Form","floor":6},{"not_picked":["Body Slam","Fire Breathing"],"picked":"Armaments","floor":8},{"not_picked":["Burning Pact","Armaments","Fire Breathing"],"picked":"SKIP","floor":11},{"not_picked":["Metallicize","Clothesline"],"picked":"Disarm","floor":12},{"not_picked":["Thunderclap","Cleave","Havoc"],"picked":"SKIP","floor":14},{"not_picked":["Demon Form","Berserk"],"picked":"Double Tap","floor":16},{"not_picked":["Iron Wave","Havoc","Inflame"],"picked":"SKIP","floor":18},{"not_picked":["True Grit","Bloodletting"],"picked":"Shrug It Off","floor":19},{"not_picked":["Clash","Clothesline"],"picked":"Limit Break","floor":22},{"not_picked":["Headbutt","Bloodletting"],"picked":"Disarm","floor":24},{"not_picked":["Rupture","Battle Trance","Clash"],"picked":"SKIP","floor":27},{"not_picked":["Feel No Pain","Pommel Strike"],"picked":"Immolate","floor":29},{"not_picked":["Entrench","Clothesline","Flex"],"picked":"SKIP","floor":30},{"not_picked":["Disarm","Ghostly Armor"],"picked":"Thunderclap","floor":31}],"player_experience":738501,"relics_obtained":[{"floor":6,"key":"Happy Flower"},{"floor":9,"key":"MawBank"},{"floor":12,"key":"Pen Nib"},{"floor":13,"key":"Letter Opener"},{"floor":14,"key":"Orichalcum"},{"floor":24,"key":"Torii"},{"floor":26,"key":"Oddly Smooth Stone"},{"floor":29,"key":"Dream Catcher"},{"floor":31,"key":"Potion Belt"}],"event_choices":[{"damage_healed":0,"gold_gain":0,"player_choice":"1 cards matched","damage_taken":0,"max_hp_gain":0,"max_hp_loss":0,"event_name":"Match and Keep!","floor":2,"gold_loss":0,"cards_obtained":["Iron Wave"]},{"damage_healed":0,"gold_gain":0,"player_choice":"Forge","damage_taken":0,"max_hp_gain":0,"max_hp_loss":0,"event_name":"Accursed Blacksmith","floor":21,"gold_loss":0,"cards_upgraded":["Whirlwind"]}],"is_beta":false,"boss_relics":[{"not_picked":["Sozu","Fusion Hammer"],"picked":"Velvet Choker"}],"items_purged_floors":[20],"is_endless":false,"potions_floor_spawned":[3,6,8,12,22,24,29,31],"killed_by":"Automaton","ascension_level":16}