{"path_per_floor":["M","M","M","$","M","R","M","?","T","R","?","E","?","M","R","B",null,"M","?","M","?","M","E","M","?","T","R","$","M","T","$","R","B",null,"M","M","M","?","?","$","R","?","T","T","E","M","M","M","R","B"],"character_chosen":"THE_SILENT","items_purchased":["Footwork","Dark Shackles","Poison Potion"],"gold_per_floor":[109,129,148,1,17,17,33,33,33,33,62,93,93,113,113,234,234,255,255,274,274,287,315,330,255,255,255,59,75,75,23,23,126,126,146,160,171,171,171,46,46,46,46,97,127,138,157,172,172,172],"floor_reached":51,"campfire_rested":2,"playtime":4873,"current_hp_per_floor":[70,68,66,66,52,52,46,46,46,46,37,32,14,14,33,53,65,64,64,65,65,32,7,12,12,12,12,12,10,10,10,29,15,65,51,14,13,57,57,54,54,47,47,52,40,25,23,40,40,39],"items_purged":["Strike_G","Doubt","Parasite"],"gold":172,"score":599,"play_id":"41567e03-75b0-4d8c-a413-0eee7cc023ae","is_prod":false,"is_daily":false,"is_ascension_mode":true,"campfire_upgraded":5,"path_taken":["M","M","M","$","M","R","M","?","T","R","?","E","?","?","R","BOSS","M","?","?","?","M","E","M","?","T","R","$","M","?","?","R","BOSS","M","M","M","?","?","$","R","?","T","?","E","?","?","M","R","BOSS"],"build_version":"2018-02-15-PROD1","purchased_purges":3,"victory":true,"master_deck":["Defend_G","Defend_G","Defend_G","Defend_G","Defend_G","Strike_G","Strike_G","Strike_G","Survivor","Neutralize+1","Dodge and Roll","Flying Knee","Footwork+1","Prepared","Leg Sweep","Bouncing Flask","Dash","Backflip","Bullet Time","Cloak And Dagger+1","Bane","Noxious Fumes+1","Bouncing Flask","Cloak And Dagger","Acrobatics","Dark Shackles","Well Laid Plans+1","Parasite","Adrenaline","Footwork+1","PiercingWail","Madness","Madness","Parasite","Deadly Poison+1","Doubt","Dodge and Roll+1","Backflip","Dash","Deadly Poison+1","Sucker Punch+1"],"max_hp_per_floor":[70,70,70,70,70,70,70,65,65,65,65,65,65,65,65,65,65,65,65,65,65,65,65,65,65,65,65,65,65,65,65,65,65,65,65,65,65,57,57,54,54,54,54,54,54,54,54,54,54,54],"relics":["Cursed Key","Bloody Idol","Gremlin Horn","Odd Mushroom","Du-Vu Doll","Pantograph","Lizard Tail","Prayer Wheel","Unceasing Top","Girya","Black Star","Mummified Hand","Regal Pillow","Letter Opener","Meat on the Bone"],"card_choices":[{"not_picked":["Dagger Throw","Predator"],"picked":"Dodge and Roll"},{"not_picked":["Catalyst","Underhanded Strike"],"picked":"Flying Knee"},{"not_picked":["Deadly Poison","Bane"],"picked":"Poisoned Stab"},{"not_picked":["Dash","Caltrops"],"picked":"Prepared"},{"not_picked":["All Out Attack","Backstab"],"picked":"Leg Sweep"},{"not_picked":["Flying Knee","Backstab"],"picked":"Bouncing Flask"},{"not_picked":["Cloak And Dagger","Expertise"],"picked":"Dash"},{"not_picked":["Quick Slash","Die Die Die"],"picked":"Backflip"},{"not_picked":["Envenom","Doppelganger"],"picked":"Bullet Time"},{"not_picked":["Crippling Poison","Accuracy"],"picked":"Cloak And Dagger"},{"not_picked":["All Out Attack","Poisoned Stab"],"picked":"Bane"},{"not_picked":["Finisher","Flying Knee"],"picked":"Bouncing Flask"},{"not_picked":["Finisher","Malaise"],"picked":"Cloak And Dagger"},{"not_picked":["Dagger Spray","Dash"],"picked":"Acrobatics"},{"not_picked":["Cloak And Dagger","Calculated Gamble"],"picked":"Well Laid Plans"},{"not_picked":["Wraith Form","Phantasmal Killer"],"picked":"Adrenaline"},{"not_picked":["Crippling Poison","Sucker Punch"],"picked":"Footwork"},{"not_picked":["Choke","Poisoned Stab"],"picked":"PiercingWail"},{"not_picked":["Sucker Punch","Predator"],"picked":"Deadly Poison"},{"not_picked":["Sucker Punch","Flechettes"],"picked":"Dodge and Roll"},{"not_picked":["Footwork","Poisoned Stab"],"picked":"Backflip"},{"not_picked":["Dagger Spray","Choke"],"picked":"Dash"},{"not_picked":["Catalyst","PiercingWail"],"picked":"Deadly Poison"},{"not_picked":["Slice","Quick Slash"],"picked":"Sucker Punch"}],"player_experience":128945,"potions_floor_usage":[29,29,33,36,37,37,45,46,50],"damage_taken":[{"damage":0,"enemies":"Small Slimes","floor":1,"turns":3},{"damage":2,"enemies":"2 Louse","floor":2,"turns":2},{"damage":2,"enemies":"Jaw Worm","floor":3,"turns":4},{"damage":14,"enemies":"3 Louse","floor":5,"turns":4},{"damage":6,"enemies":"Exordium Wildlife","floor":7,"turns":6},{"damage":9,"enemies":"The Mushroom Lair","floor":11,"turns":6},{"damage":5,"enemies":"Lagavulin","floor":12,"turns":7},{"damage":0,"enemies":"Red Slaver","floor":14,"turns":3},{"damage":5,"enemies":"Hexaghost","floor":16,"turns":10},{"damage":1,"enemies":"Shell Parasite","floor":18,"turns":7},{"damage":0,"enemies":"3 Byrds","floor":20,"turns":7},{"damage":38,"enemies":"3 Cultists","floor":22,"turns":8},{"damage":30,"enemies":"Gremlin Leader","floor":23,"turns":10},{"damage":0,"enemies":"Centurion and Healer","floor":24,"turns":7},{"damage":7,"enemies":"Cultist and Chosen","floor":29,"turns":7},{"damage":44,"enemies":"Collector","floor":33,"turns":12},{"damage":19,"enemies":"3 Shapes","floor":35,"turns":5},{"damage":42,"enemies":"3 Darklings","floor":36,"turns":8},{"damage":6,"enemies":"Maw","floor":37,"turns":11},{"damage":17,"enemies":"Nemesis","floor":45,"turns":9},{"damage":38,"enemies":"Sphere and 2 Shapes","floor":46,"turns":6},{"damage":19,"enemies":"3 Darklings","floor":47,"turns":6},{"damage":0,"enemies":"4 Shapes","floor":48,"turns":7},{"damage":55,"enemies":"Awakened One","floor":50,"turns":19}],"event_choices":[{"event_name":"Golden Idol","player_choice":"Lose Max HP","floor":8,"damage_taken":0},{"event_name":"Mushrooms","player_choice":"Fought Mushrooms","floor":11,"damage_taken":0},{"event_name":"Scrap Ooze","player_choice":"success","floor":13,"damage_taken":18},{"event_name":"Forgotten Altar","player_choice":"Gave Idol","floor":19,"damage_taken":0},{"event_name":"The Library","player_choice":"Read","floor":21,"damage_taken":0},{"event_name":"Beggar","player_choice":"Gave Gold","floor":25,"damage_taken":0},{"event_name":"The Moai Head","player_choice":"Heal","floor":38,"damage_taken":0},{"event_name":"Winding Halls","player_choice":"Embrace Madness","floor":42,"damage_taken":0}],"boss_relics":[{"not_picked":["Snecko Eye","Velvet Choker"],"picked":"Lizard Tail"},{"not_picked":["Calling Bell","White Beast Statue"],"picked":"Black Star"}],"potions_floor_spawned":[3,5,7,16,20,24,33,35,36,37,48],"seed_played":"-1234717249330331078","ascension_level":2,"is_trial":false}