{"gold_per_floor":[113,125,125,145,161,161,16,16,62,62,62,62,80,95,95,95],"floor_reached":16,"playtime":495,"items_purged":["Strike_B"],"score":110,"play_id":"ff2083f9-ae34-4da5-944c-9ce275b18d33","local_time":"20180831013743","is_ascension_mode":true,"campfire_choices":[{"data":"Go for the Eyes","floor":6,"key":"SMITH"},{"data":"Echo Form","floor":8,"key":"SMITH"},{"data":"Capacitor","floor":10,"key":"SMITH"},{"data":"Consume","floor":15,"key":"SMITH"}],"neow_cost":"","seed_source_timestamp":796598166409530,"circlet_count":0,"master_deck":["Strike_B","Strike_B","Strike_B","Defend_B","Defend_B","Defend_B","Defend_B","Zap+1","Dualcast","Redo","Go for the Eyes+1","Echo Form+1","Capacitor+1","Consume+1"],"relics":["Cracked Core","Ancient Tea Set"],"potions_floor_usage":[16],"damage_taken":[{"damage":10,"enemies":"Small Slimes","floor":1,"turns":3},{"damage":0,"enemies":"Cultist","floor":2,"turns":3},{"damage":4,"enemies":"2 Louse","floor":4,"turns":2},{"damage":10,"enemies":"Exordium Thugs","floor":5,"turns":4},{"damage":1,"enemies":"Looter","floor":13,"turns":2},{"damage":8,"enemies":"Blue Slaver","floor":14,"turns":4},{"damage":43,"enemies":"The Guardian","floor":16,"turns":6}],"seed_played":"-4981354932152440277","potions_obtained":[{"floor":2,"key":"Ancient Potion"},{"floor":5,"key":"Swift Potion"},{"floor":12,"key":"Energy Potion"}],"is_trial":false,"path_per_floor":["M","M","?","M","M","R","$","R","T","R","$","?","M","M","R"],"character_chosen":"DEFECT","items_purchased":["Capacitor"],"campfire_rested":0,"item_purchase_floors":[7],"current_hp_per_floor":[65,65,65,61,51,51,51,51,51,51,51,51,50,42,42,0],"gold":95,"neow_bonus":"","is_prod":false,"is_daily":false,"chose_seed":false,"campfire_upgraded":4,"win_rate":0,"timestamp":1535675863,"path_taken":["M","M","?","?","M","R","$","R","T","R","?","?","?","M","R","BOSS"],"build_version":"2018-08-23v2","purchased_purges":1,"victory":false,"max_hp_per_floor":[75,75,75,75,75,75,75,75,75,75,75,75,75,75,75,75],"card_choices":[{"not_picked":["Barrage","Compile Driver"],"picked":"Redo","floor":1},{"not_picked":["Static Discharge","Ball Lightning","Storm"],"picked":"SKIP","floor":2},{"not_picked":["Double Energy","Stack"],"picked":"Go for the Eyes","floor":4},{"not_picked":["Gash","Blizzard"],"picked":"Echo Form","floor":5},{"not_picked":["Doom and Gloom","Rip and Tear","Sweeping Beam"],"picked":"SKIP","floor":13},{"not_picked":["Barrage","Sweeping Beam"],"picked":"Consume","floor":14}],"player_experience":283450,"relics_obtained":[{"floor":9,"key":"Ancient Tea Set"}],"event_choices":[{"event_name":"Accursed Blacksmith","player_choice":"Forge","floor":3,"damage_taken":0},{"event_name":"The Lab","player_choice":"Got Potions","floor":12,"damage_taken":0}],"is_beta":false,"boss_relics":[],"items_purged_floors":[7],"is_endless":false,"potions_floor_spawned":[2,5],"killed_by":"The Guardian","ascension_level":4}