{"gold_per_floor":[109,122,122,133,146,174,190,190,190,203,231,231,262,262,262,262],"floor_reached":16,"playtime":1029,"items_purged":[],"score":140,"play_id":"b93e7e91-cd1b-4571-9a05-b772b672d617","local_time":"20190330130518","is_ascension_mode":true,"campfire_choices":[{"floor":8,"key":"REST"},{"floor":12,"key":"REST"},{"floor":15,"key":"RECALL"}],"neow_cost":"CURSE","seed_source_timestamp":11122572851500,"circlet_count":0,"master_deck":["Strike_B","Strike_B","Strike_B","Strike_B","Defend_B","Defend_B","Defend_B","Defend_B","Zap","Dualcast","Melter","Melter","Self Repair","Seek","Conserve Battery","Compile Driver","Auto Shields+1"],"relics":["Cracked Core","Ginger","Bag of Marbles","Toxic Egg 2","Mango","Letter Opener","DataDisk"],"potions_floor_usage":[6,6,6,10,10,11,16,16],"damage_taken":[{"damage":7,"enemies":"2 Louse","floor":1,"turns":2},{"damage":2,"enemies":"Jaw Worm","floor":2,"turns":3},{"damage":0,"enemies":"Small Slimes","floor":4,"turns":2},{"damage":1,"enemies":"Looter","floor":5,"turns":2},{"damage":20,"enemies":"3 Sentries","floor":6,"turns":6},{"damage":0,"enemies":"3 Louse","floor":7,"turns":2},{"damage":0,"enemies":"Large Slime","floor":10,"turns":5},{"damage":55,"enemies":"Lagavulin","floor":11,"turns":7},{"damage":18,"enemies":"3 Sentries","floor":13,"turns":8},{"damage":58,"enemies":"Slime Boss","floor":16,"turns":8}],"seed_played":"-4834176942039075780","potions_obtained":[{"floor":2,"key":"AttackPotion"},{"floor":4,"key":"EntropicBrew"},{"floor":7,"key":"Explosive Potion"},{"floor":10,"key":"Swift Potion"},{"floor":11,"key":"Weak Potion"}],"is_trial":false,"path_per_floor":["M","M","?","M","M","E","M","R","T","M","E","R","E","T","R","B"],"character_chosen":"DEFECT","items_purchased":[],"campfire_rested":2,"item_purchase_floors":[],"current_hp_per_floor":[68,66,66,66,65,52,59,75,75,75,41,67,56,56,56,0],"gold":262,"neow_bonus":"ONE_RARE_RELIC","is_prod":false,"is_daily":false,"chose_seed":false,"campfire_upgraded":0,"win_rate":0,"timestamp":1553961918,"path_taken":["M","M","?","M","M","E","M","R","T","M","E","R","E","?","R","BOSS"],"build_version":"2019-01-23","purchased_purges":0,"victory":false,"max_hp_per_floor":[75,75,75,75,75,75,75,75,75,75,89,89,89,89,89,89],"card_choices":[{"not_picked":["Stack","Turbo","Force Field"],"picked":"SKIP","floor":1},{"not_picked":["Coolheaded","Go for the Eyes"],"picked":"Melter","floor":2},{"not_picked":["Aggregate","Loop"],"picked":"Melter","floor":4},{"not_picked":["Undo","Sweeping Beam"],"picked":"Self Repair","floor":5},{"not_picked":["Chill","Streamline"],"picked":"Seek","floor":6},{"not_picked":["Steam Power","Gash"],"picked":"Conserve Battery","floor":7},{"not_picked":["Cold Snap","Steam+1"],"picked":"Compile Driver","floor":10},{"not_picked":["Coolheaded+1","Doom and Gloom"],"picked":"Auto Shields+1","floor":11},{"not_picked":["Chill+1","Gash","Meteor Strike"],"picked":"SKIP","floor":13}],"player_experience":322506,"relics_obtained":[{"floor":6,"key":"Bag of Marbles"},{"floor":9,"key":"Toxic Egg 2"},{"floor":11,"key":"Mango"},{"floor":13,"key":"Letter Opener"},{"floor":14,"key":"DataDisk"}],"event_choices":[{"cards_removed":["Injury"],"damage_healed":0,"gold_gain":0,"player_choice":"Forget","damage_taken":0,"max_hp_gain":0,"max_hp_loss":0,"event_name":"Living Wall","floor":3,"gold_loss":0}],"is_beta":false,"boss_relics":[],"items_purged_floors":[],"is_endless":false,"potions_floor_spawned":[2,4,7,10,11],"killed_by":"Slime Boss","ascension_level":3}