{"gold_per_floor":[111,111,111,36,54,79,79,90,113,125,154,183,195,225,237,326,338,362,299,46,146,166,166],"floor_reached":23,"playtime":896,"items_purged":["Regret"],"score":315,"play_id":"3fc780c3-7108-4ccf-b247-fd7ba34f9869","local_time":"20190127174722","is_ascension_mode":true,"campfire_choices":[{"data":"Flex","floor":7,"key":"SMITH"},{"data":"Reaper","floor":10,"key":"SMITH"},{"data":"Fire Breathing","floor":15,"key":"SMITH"}],"neow_cost":"NONE","seed_source_timestamp":8728523340199,"circlet_count":0,"master_deck":["AscendersBane","Strike_R","Defend_R","Defend_R","Defend_R","Defend_R","Bash+1","Fire Breathing+1","Flex+1","Reaper+1","Fire Breathing","Anger","Twin Strike","Ghostly Armor","Impervious","Armaments+1","Rampage+1","Cleave+1","Panacea","Iron Wave","Shrug It Off"],"relics":["Burning Blood","Centennial Puzzle","Red Skull","MawBank","Astrolabe","Membership Card"],"potions_floor_usage":[16,23,23],"damage_taken":[{"damage":3,"enemies":"Jaw Worm","floor":1,"turns":5},{"damage":11,"enemies":"Small Slimes","floor":5,"turns":4},{"damage":65,"enemies":"3 Sentries","floor":6,"turns":9},{"damage":1,"enemies":"Cultist","floor":8,"turns":3},{"damage":12,"enemies":"Exordium Wildlife","floor":11,"turns":2},{"damage":8,"enemies":"Large Slime","floor":12,"turns":5},{"damage":21,"enemies":"Lots of Slimes","floor":14,"turns":5},{"damage":40,"enemies":"Slime Boss","floor":16,"turns":10},{"damage":23,"enemies":"2 Thieves","floor":18,"turns":5},{"damage":7,"enemies":"Spheric Guardian","floor":22,"turns":7},{"damage":74,"enemies":"Slavers","floor":23,"turns":7}],"seed_played":"-2476225646424303584","potions_obtained":[{"floor":6,"key":"SpeedPotion"},{"floor":8,"key":"Ancient Potion"},{"floor":16,"key":"Swift Potion"}],"is_trial":false,"path_per_floor":["M","?","?","$","M","E","R","M","T","R","M","M","?","M","R","B",null,"M","?","$","?","M","E"],"character_chosen":"IRONCLAD","items_purchased":["Membership Card","Panacea","Iron Wave"],"campfire_rested":0,"item_purchase_floors":[20,20,20],"current_hp_per_floor":[75,75,75,75,73,26,26,42,42,42,51,59,59,56,56,27,67,50,50,50,50,49,0],"gold":166,"neow_bonus":"REMOVE_CARD","is_prod":false,"is_daily":false,"chose_seed":false,"campfire_upgraded":3,"win_rate":0,"timestamp":1548611242,"path_taken":["M","?","?","$","?","E","R","M","T","R","M","M","?","M","R","BOSS","M","?","$","?","M","E"],"build_version":"2019-01-23","purchased_purges":1,"victory":false,"max_hp_per_floor":[80,80,80,80,80,80,80,80,80,80,80,80,80,80,80,80,80,80,80,80,80,80,80],"card_choices":[{"not_picked":["Clothesline","Combust"],"picked":"Fire Breathing","floor":1},{"not_picked":["Combust","Sword Boomerang"],"picked":"Fire Breathing","floor":5},{"not_picked":["Thunderclap","Reaper"],"picked":"Anger","floor":6},{"not_picked":["Body Slam","Warcry"],"picked":"Twin Strike","floor":8},{"not_picked":["Seeing Red","Disarm"],"picked":"Ghostly Armor","floor":11},{"not_picked":["Anger","Warcry","Seeing Red"],"picked":"SKIP","floor":12},{"not_picked":["Havoc","Carnage","Barricade"],"picked":"SKIP","floor":14},{"not_picked":["Demon Form","Fiend Fire"],"picked":"Impervious","floor":16},{"not_picked":["Anger","Body Slam"],"picked":"Cleave+1","floor":18},{"not_picked":["Intimidate","Pommel Strike"],"picked":"Shrug It Off","floor":22}],"player_experience":563738,"relics_obtained":[{"floor":6,"key":"Red Skull"},{"floor":9,"key":"MawBank"}],"event_choices":[{"damage_healed":0,"gold_gain":0,"player_choice":"Box","damage_taken":0,"relics_obtained":["Centennial Puzzle"],"max_hp_gain":0,"max_hp_loss":0,"event_name":"Big Fish","floor":2,"gold_loss":0,"cards_obtained":["Regret"]},{"damage_healed":0,"gold_gain":0,"player_choice":"2 cards matched","damage_taken":0,"max_hp_gain":0,"max_hp_loss":0,"event_name":"Match and Keep!","floor":3,"gold_loss":0,"cards_obtained":["Flex","Reaper"]},{"damage_healed":0,"gold_gain":0,"player_choice":"Grow","damage_taken":0,"max_hp_gain":0,"max_hp_loss":0,"event_name":"Living Wall","floor":13,"gold_loss":0,"cards_upgraded":["Bash"]},{"cards_removed":["Burning Pact"],"damage_healed":0,"gold_gain":0,"player_choice":"Gave Gold","damage_taken":0,"max_hp_gain":0,"max_hp_loss":0,"event_name":"Beggar","floor":19,"gold_loss":75},{"damage_healed":0,"gold_gain":100,"player_choice":"Pray","damage_taken":0,"max_hp_gain":0,"max_hp_loss":0,"event_name":"Golden Shrine","floor":21,"gold_loss":0}],"is_beta":false,"boss_relics":[{"not_picked":["Fusion Hammer","Black Blood"],"picked":"Astrolabe"}],"items_purged_floors":[4],"is_endless":false,"potions_floor_spawned":[6,8,12,14,16,22],"killed_by":"Slavers","ascension_level":13}