{"gold_per_floor":[110,110,35,35,35,185,260,291,371,385,398,416,431,26,26,104,104,122,122,133,158,24,51,51,68,68,68,85,135,135],"floor_reached":30,"playtime":1161,"items_purged":["Doubt"],"score":478,"play_id":"99b5aaaf-d67f-42ca-89bb-2fbfb1b9e9db","local_time":"20190320205452","is_ascension_mode":true,"campfire_choices":[{"data":"Apotheosis","floor":15,"key":"SMITH"},{"data":"Panacea","floor":24,"key":"SMITH"}],"neow_cost":"NONE","seed_source_timestamp":2788650586400,"circlet_count":0,"master_deck":["AscendersBane","Strike_R","Strike_R","Defend_R","Defend_R","Defend_R","Defend_R","Bash","Anger","Flex","Rampage","Pommel Strike","Shrug It Off","Apotheosis+1","Impervious","Shrug It Off","Panacea+1","Cleave","Writhe"],"relics":["Burning Blood","NeowsBlessing","PreservedInsect","Darkstone Periapt","Vajra","Cursed Key","Red Mask","Question Card","Molten Egg 2"],"potions_floor_usage":[21,23],"damage_taken":[{"damage":0,"enemies":"Jaw Worm","floor":1,"turns":1},{"damage":0,"enemies":"Lagavulin","floor":8,"turns":1},{"damage":0,"enemies":"Small Slimes","floor":10,"turns":2},{"damage":7,"enemies":"2 Louse","floor":11,"turns":4},{"damage":3,"enemies":"Blue Slaver","floor":12,"turns":3},{"damage":7,"enemies":"Looter","floor":13,"turns":4},{"damage":32,"enemies":"Slime Boss","floor":16,"turns":10},{"damage":11,"enemies":"2 Thieves","floor":18,"turns":5},{"damage":7,"enemies":"Chosen","floor":20,"turns":5},{"damage":28,"enemies":"Masked Bandits","floor":21,"turns":6},{"damage":17,"enemies":"Gremlin Leader","floor":23,"turns":6},{"damage":3,"enemies":"Centurion and Healer","floor":25,"turns":5},{"damage":10,"enemies":"Snake Plant","floor":28,"turns":4},{"damage":27,"enemies":"Snecko","floor":30,"turns":5}],"seed_played":"6769346825113641500","potions_obtained":[{"floor":8,"key":"SkillPotion"},{"floor":10,"key":"LiquidBronze"},{"floor":18,"key":"PowerPotion"}],"is_trial":false,"path_per_floor":["M","?","?","$","T","?","?","E","T","M","M","M","M","$","R","B",null,"M","?","M","?","$","E","R","M","T","?","M","?","M"],"character_chosen":"IRONCLAD","items_purchased":["Apotheosis","Vajra","Panacea","Cleave"],"campfire_rested":0,"item_purchase_floors":[14,14,22,22],"current_hp_per_floor":[74,67,67,67,67,67,56,62,62,68,67,70,69,69,69,43,67,62,62,61,39,39,28,28,31,37,25,21,21,0],"gold":135,"neow_bonus":"THREE_ENEMY_KILL","is_prod":false,"is_daily":false,"chose_seed":false,"campfire_upgraded":2,"win_rate":0,"timestamp":1553115292,"path_taken":["M","?","?","$","?","?","?","E","T","?","M","M","M","$","R","BOSS","M","?","M","?","?","E","R","M","T","?","?","?","M"],"build_version":"2019-01-23","purchased_purges":1,"victory":false,"max_hp_per_floor":[75,75,75,75,75,75,75,75,75,75,75,75,75,75,75,75,75,75,75,75,75,75,75,75,75,81,81,81,81,81],"card_choices":[{"not_picked":["Perfected Strike","Body Slam"],"picked":"Anger","floor":1},{"not_picked":["Uppercut","Metallicize"],"picked":"Flex","floor":8},{"not_picked":["Pummel","Flex"],"picked":"Rampage","floor":10},{"not_picked":["Sword Boomerang","Bloodletting"],"picked":"Pommel Strike","floor":11},{"not_picked":["Perfected Strike","Pummel","Berserk"],"picked":"SKIP","floor":12},{"not_picked":["Rupture","Heavy Blade"],"picked":"Shrug It Off","floor":13},{"not_picked":["Juggernaut","Feed"],"picked":"Impervious","floor":16},{"not_picked":["Wild Strike","Flex"],"picked":"Shrug It Off","floor":18},{"not_picked":["Twin Strike","Infernal Blade","Carnage"],"picked":"SKIP","floor":20},{"not_picked":["True Grit","Bludgeon","Power Through"],"picked":"SKIP","floor":23},{"not_picked":["Clothesline","Perfected Strike+1","Second Wind","Disarm"],"picked":"SKIP","floor":25},{"not_picked":["Hemokinesis+1","Dual Wield+1","Warcry","Havoc"],"picked":"SKIP","floor":28}],"player_experience":618551,"relics_obtained":[{"floor":8,"key":"PreservedInsect"},{"floor":9,"key":"Darkstone Periapt"},{"floor":21,"key":"Red Mask"},{"floor":23,"key":"Question Card"},{"floor":26,"key":"Molten Egg 2"}],"event_choices":[{"cards_removed":["Strike_R"],"damage_healed":0,"gold_gain":0,"player_choice":"Card Removal","damage_taken":7,"max_hp_gain":0,"max_hp_loss":0,"event_name":"Golden Wing","floor":2,"gold_loss":0},{"cards_removed":["Strike_R"],"damage_healed":0,"gold_gain":0,"player_choice":"Card Removal","damage_taken":0,"max_hp_gain":0,"max_hp_loss":0,"event_name":"The Cleric","floor":3,"gold_loss":75},{"damage_healed":0,"gold_gain":150,"player_choice":"AGREE","damage_taken":0,"max_hp_gain":0,"max_hp_loss":0,"event_name":"Liars Game","floor":6,"gold_loss":0,"cards_obtained":["Doubt"]},{"damage_healed":0,"gold_gain":75,"player_choice":"Gather Gold","damage_taken":11,"max_hp_gain":0,"max_hp_loss":0,"event_name":"World of Goop","floor":7,"gold_loss":0},{"cards_removed":["Strike_R"],"damage_healed":0,"gold_gain":0,"player_choice":"Elegance","damage_taken":0,"max_hp_gain":0,"max_hp_loss":0,"event_name":"Back to Basics","floor":19,"gold_loss":0},{"damage_healed":0,"gold_gain":0,"player_choice":"Fought Bandits","damage_taken":0,"max_hp_gain":0,"max_hp_loss":0,"event_name":"Masked Bandits","floor":21,"gold_loss":0},{"damage_healed":0,"gold_gain":0,"player_choice":"Damaged","damage_taken":12,"max_hp_gain":0,"max_hp_loss":0,"event_name":"Wheel of Change","floor":27,"gold_loss":0},{"damage_healed":0,"gold_gain":50,"player_choice":"Pray","damage_taken":0,"max_hp_gain":0,"max_hp_loss":0,"event_name":"Golden Shrine","floor":29,"gold_loss":0}],"is_beta":false,"boss_relics":[{"not_picked":["Lizard Tail","Astrolabe"],"picked":"Cursed Key"}],"items_purged_floors":[14],"is_endless":false,"potions_floor_spawned":[8,10,12,18,20],"killed_by":"Snecko","ascension_level":15}