{"gold_per_floor":[110,129,28,28,45,45,78,78,152,152,218,268,300,12,12,88,88,103,118,168,3,22,22,22,39,39,56,56,66,66,101,101,101],"floor_reached":33,"playtime":1842,"items_purged":["Strike_G","Strike_G"],"score":650,"play_id":"cd262a7c-299d-4294-8d06-d893a4cc5bf1","local_time":"20190330021311","is_ascension_mode":true,"campfire_choices":[{"data":"Dagger Spray","floor":6,"key":"SMITH"},{"data":"Neutralize","floor":10,"key":"SMITH"},{"data":"Leg Sweep","floor":15,"key":"SMITH"},{"floor":23,"key":"REST"},{"floor":28,"key":"REST"},{"floor":30,"key":"REST"},{"floor":32,"key":"REST"}],"neow_cost":"NONE","seed_source_timestamp":452597487555085,"circlet_count":0,"master_deck":["AscendersBane","Defend_G","Defend_G+1","Defend_G+1","Defend_G","Defend_G","Strike_G","Survivor","Neutralize+1","PiercingWail","Dagger Spray+1","Cloak And Dagger","Masterful Stab","Caltrops","All Out Attack","Corpse Explosion","Leg Sweep+1","Adrenaline","Predator","Cloak And Dagger+1","Terror","Eviscerate","Noxious Fumes","Poisoned Stab","Flechettes+1","Malaise","Blade Dance+1","Acrobatics+1"],"relics":["Ring of the Snake","Anchor","SsserpentHead","Blue Candle","Smiling Mask","OrangePellets","Lizard Tail","Tingsha","Bronze Scales"],"potions_floor_usage":[7,7,16,16,22,31,33],"damage_taken":[{"damage":2,"enemies":"Jaw Worm","floor":1,"turns":8},{"damage":2,"enemies":"2 Louse","floor":2,"turns":3},{"damage":1,"enemies":"Cultist","floor":5,"turns":5},{"damage":0,"enemies":"Gremlin Nob","floor":7,"turns":4},{"damage":0,"enemies":"Blue Slaver","floor":11,"turns":4},{"damage":0,"enemies":"3 Sentries","floor":13,"turns":6},{"damage":19,"enemies":"The Guardian","floor":16,"turns":16},{"damage":5,"enemies":"3 Byrds","floor":18,"turns":4},{"damage":24,"enemies":"Spheric Guardian","floor":19,"turns":6},{"damage":18,"enemies":"Snake Plant","floor":22,"turns":3},{"damage":9,"enemies":"3 Cultists","floor":25,"turns":4},{"damage":4,"enemies":"Centurion and Healer","floor":27,"turns":6},{"damage":15,"enemies":"Shelled Parasite and Fungi","floor":29,"turns":8},{"damage":23,"enemies":"Gremlin Leader","floor":31,"turns":8},{"damage":142,"enemies":"Automaton","floor":33,"turns":12}],"seed_played":"2969744427125962800","potions_obtained":[{"floor":2,"key":"PowerPotion"},{"floor":5,"key":"AttackPotion"},{"floor":11,"key":"EssenceOfSteel"},{"floor":13,"key":"Dexterity Potion"},{"floor":19,"key":"SkillPotion"},{"floor":22,"key":"GhostInAJar"},{"floor":25,"key":"LiquidBronze"},{"floor":29,"key":"Block Potion"}],"is_trial":false,"path_per_floor":["M","M","$","?","M","R","E","?","T","R","M","?","E","$","R","B",null,"M","M","?","$","M","R","$","M","T","M","R","M","R","E","R","B"],"character_chosen":"THE_SILENT","items_purchased":["Cloak And Dagger","OrangePellets","Leg Sweep","Noxious Fumes","Poisoned Stab"],"campfire_rested":4,"item_purchase_floors":[3,14,14,21,21],"current_hp_per_floor":[63,61,61,61,60,60,60,60,60,60,60,38,38,38,38,19,59,54,30,30,30,12,33,33,24,24,20,41,26,47,24,45,0],"gold":101,"neow_bonus":"TEN_PERCENT_HP_BONUS","is_prod":false,"is_daily":false,"chose_seed":false,"campfire_upgraded":3,"win_rate":0,"timestamp":1553904791,"path_taken":["M","M","$","?","M","R","E","?","T","R","?","?","E","$","R","BOSS","M","M","?","$","M","R","$","M","T","M","R","M","R","E","R","BOSS"],"build_version":"2019-01-23","purchased_purges":2,"victory":false,"max_hp_per_floor":[72,72,72,72,72,72,72,72,72,72,72,72,72,72,72,72,72,72,72,72,72,72,72,72,72,72,72,72,72,72,72,72,72],"card_choices":[{"not_picked":["Blade Dance","Bane"],"picked":"PiercingWail","floor":1},{"not_picked":["Endless Agony","PiercingWail"],"picked":"Dagger Spray","floor":2},{"not_picked":["Distraction","Sucker Punch"],"picked":"Masterful Stab","floor":5},{"not_picked":["Night Terror","Deadly Poison"],"picked":"Caltrops","floor":7},{"not_picked":["Flying Knee","Dagger Spray"],"picked":"All Out Attack","floor":11},{"not_picked":["Bane","Accuracy"],"picked":"Corpse Explosion","floor":13},{"not_picked":["Burst","Tools of the Trade"],"picked":"Adrenaline","floor":16},{"not_picked":["Cloak And Dagger","Blade Dance"],"picked":"Predator","floor":18},{"not_picked":["Deflect","Bane"],"picked":"Cloak And Dagger+1","floor":19},{"not_picked":["All Out Attack","Escape Plan"],"picked":"Flechettes+1","floor":22},{"not_picked":["Flying Knee","Underhanded Strike+1","Slice"],"picked":"SKIP","floor":25},{"not_picked":["Infinite Blades","Flying Knee"],"picked":"Malaise","floor":27},{"not_picked":["Caltrops","Dagger Spray"],"picked":"Blade Dance+1","floor":29},{"not_picked":["Dagger Throw","Skewer"],"picked":"Acrobatics+1","floor":31}],"player_experience":1623454,"relics_obtained":[{"floor":7,"key":"Anchor"},{"floor":9,"key":"Blue Candle"},{"floor":13,"key":"Smiling Mask"},{"floor":26,"key":"Tingsha"},{"floor":31,"key":"Bronze Scales"}],"event_choices":[{"damage_healed":0,"gold_gain":0,"player_choice":"Ignored","damage_taken":0,"max_hp_gain":0,"max_hp_loss":0,"event_name":"Liars Game","floor":4,"gold_loss":0},{"damage_healed":0,"gold_gain":0,"player_choice":"Trade","damage_taken":0,"relics_obtained":["SsserpentHead"],"max_hp_gain":0,"max_hp_loss":0,"event_name":"FaceTrader","floor":8,"gold_loss":0},{"damage_healed":0,"gold_gain":0,"player_choice":"Entered Light","damage_taken":22,"max_hp_gain":0,"max_hp_loss":0,"event_name":"Shining Light","floor":12,"gold_loss":0,"cards_upgraded":["Defend_G","Defend_G"]},{"damage_healed":0,"gold_gain":0,"cards_transformed":["Strike_G","Strike_G"],"player_choice":"Became Test Subject","damage_taken":0,"max_hp_gain":0,"max_hp_loss":0,"event_name":"Drug Dealer","floor":20,"gold_loss":0,"cards_obtained":["Terror","Eviscerate"]}],"is_beta":false,"boss_relics":[{"not_picked":["Coffee Dripper","Tiny House"],"picked":"Lizard Tail"}],"items_purged_floors":[3,21],"is_endless":false,"potions_floor_spawned":[2,5,11,13,19,22,25,29],"killed_by":"Automaton","ascension_level":20}