{"gold_per_floor":[20,34,50,61,61,61,71,87,113,113,113,132,132,147,147,266,266,281,281,271,20,20,20,41,41,67,82,82,116,130,143,143,143],"floor_reached":33,"playtime":1573,"items_purged":[],"score":329,"play_id":"47f1e8af-14ec-457e-8997-888122acf9da","local_time":"20180902215101","is_ascension_mode":true,"campfire_choices":[{"data":"Bash","floor":6,"key":"SMITH"},{"data":"Flex","floor":11,"key":"SMITH"},{"data":"Iron Wave","floor":13,"key":"SMITH"},{"floor":15,"key":"REST"},{"data":"Barricade","floor":23,"key":"SMITH"},{"data":"Entrench","floor":25,"key":"SMITH"},{"floor":32,"key":"REST"}],"neow_cost":"NO_GOLD","seed_source_timestamp":1041126113450747,"circlet_count":0,"master_deck":["Strike_R+1","Strike_R+1","Strike_R+1","Defend_R+1","Defend_R+1","Defend_R+1","Defend_R+1","Bash+1","Flex+1","Iron Wave+1","Shrug It Off","Twin Strike","Brutality","Barricade+1","Entrench+1","Shrug It Off","Dropkick","Master of Strategy","Discovery","Battle Trance+1","Cleave+1","Writhe","Body Slam"],"relics":["Burning Blood","Darkstone Periapt","Blood Vial","Golden Idol","Mark of Pain","Pen Nib","Lantern","Ancient Tea Set"],"potions_floor_usage":[18,20,29,31,33,33,33],"damage_taken":[{"damage":7,"enemies":"Small Slimes","floor":1,"turns":4},{"damage":2,"enemies":"Jaw Worm","floor":2,"turns":3},{"damage":1,"enemies":"Cultist","floor":3,"turns":3},{"damage":7,"enemies":"Looter","floor":4,"turns":4},{"damage":8,"enemies":"Blue Slaver","floor":7,"turns":3},{"damage":22,"enemies":"Large Slime","floor":8,"turns":6},{"damage":6,"enemies":"Red Slaver","floor":12,"turns":4},{"damage":1,"enemies":"Blue Slaver","floor":14,"turns":2},{"damage":41,"enemies":"The Guardian","floor":16,"turns":10},{"damage":38,"enemies":"3 Byrds","floor":18,"turns":8},{"damage":14,"enemies":"2 Thieves","floor":20,"turns":4},{"damage":38,"enemies":"Snake Plant","floor":24,"turns":7},{"damage":0,"enemies":"Snecko","floor":27,"turns":7},{"damage":23,"enemies":"Book of Stabbing","floor":29,"turns":6},{"damage":5,"enemies":"Centurion and Healer","floor":30,"turns":8},{"damage":20,"enemies":"Shelled Parasite and Fungi","floor":31,"turns":8},{"damage":66,"enemies":"Collector","floor":33,"turns":9}],"seed_played":"3479260638285093537","potions_obtained":[{"floor":4,"key":"Regen Potion"},{"floor":7,"key":"FearPotion"},{"floor":16,"key":"Regen Potion"},{"floor":27,"key":"FearPotion"},{"floor":29,"key":"SteroidPotion"},{"floor":30,"key":"Weak Potion"},{"floor":31,"key":"Swift Potion"}],"is_trial":false,"path_per_floor":["M","M","M","M","?","R","M","M","T","?","R","M","R","M","R","B",null,"M","?","M","$","?","R","M","R","T","M","?","E","M","M","R"],"character_chosen":"IRONCLAD","items_purchased":["Dropkick","Master of Strategy"],"campfire_rested":2,"item_purchase_floors":[21,21],"current_hp_per_floor":[79,80,80,79,76,76,74,58,58,38,38,40,40,47,71,38,70,55,55,63,63,63,63,33,33,33,41,47,32,35,23,48,0],"gold":143,"neow_bonus":"REMOVE_TWO","is_prod":false,"is_daily":false,"chose_seed":false,"campfire_upgraded":5,"win_rate":0,"timestamp":1535921461,"path_taken":["M","M","M","M","?","R","M","M","T","?","R","?","R","M","R","BOSS","M","?","M","$","?","R","M","R","T","M","?","E","M","M","R","BOSS"],"build_version":"2018-08-30","purchased_purges":0,"victory":false,"max_hp_per_floor":[80,80,80,80,80,80,80,80,80,80,80,80,80,80,80,80,80,80,80,80,80,80,80,80,80,80,80,86,86,86,86,86,86],"card_choices":[{"not_picked":["Clothesline","Body Slam"],"picked":"Flex","floor":1},{"not_picked":["Sever Soul","Pummel","Rampage"],"picked":"SKIP","floor":2},{"not_picked":["Clothesline","Body Slam","Burning Pact"],"picked":"SKIP","floor":3},{"not_picked":["True Grit","Thunderclap"],"picked":"Iron Wave","floor":4},{"not_picked":["Wild Strike","Corruption","Havoc"],"picked":"SKIP","floor":7},{"not_picked":["Dual Wield","Rampage"],"picked":"Shrug It Off","floor":8},{"not_picked":["True Grit","Power Through"],"picked":"Twin Strike","floor":12},{"not_picked":["Anger","Cleave"],"picked":"Brutality","floor":14},{"not_picked":["Fiend Fire","Brutality"],"picked":"Barricade","floor":16},{"not_picked":["Headbutt","Clash+1"],"picked":"Entrench","floor":18},{"not_picked":["Body Slam","Feel No Pain"],"picked":"Shrug It Off","floor":20},{"not_picked":["Warcry","Uppercut"],"picked":"Battle Trance+1","floor":24},{"not_picked":["Havoc+1","Dropkick"],"picked":"Cleave+1","floor":27},{"not_picked":["Sword Boomerang","Brutality","Headbutt"],"picked":"SKIP","floor":29},{"not_picked":["Thunderclap","Headbutt","Wild Strike"],"picked":"SKIP","floor":30},{"not_picked":["Clash+1","Power Through"],"picked":"Body Slam","floor":31}],"player_experience":304088,"relics_obtained":[{"floor":9,"key":"Blood Vial"},{"floor":26,"key":"Pen Nib"},{"floor":29,"key":"Ancient Tea Set"}],"event_choices":[{"event_name":"Scrap Ooze","player_choice":"success","floor":5,"damage_taken":3},{"event_name":"Golden Idol","player_choice":"Take Damage","floor":10,"damage_taken":0},{"event_name":"Back to Basics","player_choice":"Simplicity","floor":19,"damage_taken":0},{"event_name":"Match and Keep!","player_choice":"1 cards matched","floor":22,"damage_taken":0},{"event_name":"The Mausoleum","player_choice":"Yes","floor":28,"damage_taken":0}],"is_beta":false,"boss_relics":[{"not_picked":["Lizard Tail","Eternal Feather"],"picked":"Mark of Pain"}],"items_purged_floors":[],"is_endless":false,"potions_floor_spawned":[4,7,16,27,29,30,31],"killed_by":"Collector","ascension_level":5}