{"gold_per_floor":[18,29,44,44,44,44,44,85,85,85],"floor_reached":10,"playtime":292,"items_purged":[],"score":99,"play_id":"f2242b47-c5f8-469b-8d78-2a358024da68","local_time":"20190308175854","is_ascension_mode":true,"campfire_choices":[{"data":"True Grit","floor":6,"key":"SMITH"}],"neow_cost":"NO_GOLD","seed_source_timestamp":664864632242963,"circlet_count":0,"master_deck":["AscendersBane","Strike_R","Strike_R","Strike_R","Strike_R","Strike_R","Defend_R","Defend_R","Defend_R","Defend_R","Bash","Heavy Blade","True Grit+1","Clothesline","Intimidate"],"relics":["Burning Blood","Peace Pipe","Golden Idol","FossilizedHelix","Turnip"],"potions_floor_usage":[10],"damage_taken":[{"damage":1,"enemies":"Cultist","floor":1,"turns":4},{"damage":1,"enemies":"2 Louse","floor":2,"turns":3},{"damage":0,"enemies":"Small Slimes","floor":3,"turns":3},{"damage":43,"enemies":"3 Sentries","floor":8,"turns":9},{"damage":42,"enemies":"Gremlin Nob","floor":10,"turns":4}],"seed_played":"5129918042300157396","potions_obtained":[{"floor":1,"key":"PowerPotion"}],"is_trial":false,"path_per_floor":["M","M","M","?","?","R","$","E","T","E"],"character_chosen":"IRONCLAD","items_purchased":[],"campfire_rested":0,"item_purchase_floors":[],"current_hp_per_floor":[77,80,80,74,74,74,74,37,37,0],"gold":85,"neow_bonus":"ONE_RARE_RELIC","is_prod":false,"is_daily":false,"chose_seed":false,"campfire_upgraded":1,"win_rate":0,"timestamp":1552085934,"path_taken":["M","M","M","?","?","R","$","E","T","E"],"build_version":"2019-01-23","purchased_purges":0,"victory":false,"max_hp_per_floor":[80,80,80,74,74,74,74,74,74,74],"card_choices":[{"not_picked":["Rage","Iron Wave"],"picked":"Heavy Blade","floor":1},{"not_picked":["Cleave","Iron Wave"],"picked":"True Grit","floor":2},{"not_picked":["Cleave","Wild Strike"],"picked":"Clothesline","floor":3},{"not_picked":["Hemokinesis","Heavy Blade"],"picked":"Intimidate","floor":8}],"player_experience":279704,"relics_obtained":[{"floor":8,"key":"FossilizedHelix"},{"floor":9,"key":"Turnip"}],"event_choices":[{"damage_healed":0,"gold_gain":0,"player_choice":"Lose Max HP","damage_taken":0,"relics_obtained":["Golden Idol"],"max_hp_gain":0,"max_hp_loss":6,"event_name":"Golden Idol","floor":4,"gold_loss":0},{"damage_healed":0,"gold_gain":0,"player_choice":"Leave","damage_taken":0,"max_hp_gain":0,"max_hp_loss":0,"event_name":"The Cleric","floor":5,"gold_loss":0}],"is_beta":false,"boss_relics":[],"items_purged_floors":[],"is_endless":false,"potions_floor_spawned":[1],"killed_by":"Gremlin Nob","ascension_level":10}