{"gold_per_floor":[109,109,70,90,102,127,127,142,142,142,158,158,158,176,176,176],"floor_reached":16,"playtime":701,"items_purged":[],"score":102,"play_id":"5efa7d35-668f-482e-9ae8-e11653df4c67","local_time":"20190325184442","is_ascension_mode":false,"campfire_choices":[{"data":"Backflip","floor":7,"key":"SMITH"},{"data":"Strike_G","floor":10,"key":"PURGE"},{"data":"Caltrops","floor":13,"key":"SMITH"},{"floor":15,"key":"REST"}],"neow_cost":"NONE","seed_source_timestamp":773276087396700,"circlet_count":0,"master_deck":["Defend_G","Defend_G","Defend_G","Defend_G","Defend_G","Strike_G","Strike_G","Strike_G","Strike_G","Survivor","Neutralize+1","Poisoned Stab+1","Skewer","Backflip+1","Poisoned Stab","Caltrops+1","Dagger Spray","Dash","Injury","Phantasmal Killer"],"relics":["Ring of the Snake","Unceasing Top","Peace Pipe","Golden Idol"],"potions_floor_usage":[6,8],"damage_taken":[{"damage":0,"enemies":"2 Louse","floor":1,"turns":3},{"damage":0,"enemies":"Small Slimes","floor":4,"turns":2},{"damage":0,"enemies":"Cultist","floor":5,"turns":3},{"damage":16,"enemies":"Gremlin Nob","floor":6,"turns":5},{"damage":0,"enemies":"3 Louse","floor":8,"turns":5},{"damage":23,"enemies":"Gremlin Gang","floor":11,"turns":3},{"damage":1,"enemies":"2 Fungi Beasts","floor":14,"turns":3},{"damage":53,"enemies":"The Guardian","floor":16,"turns":8}],"seed_played":"-1311670877614087406","potions_obtained":[{"floor":1,"key":"Weak Potion"},{"floor":4,"key":"GamblersBrew"}],"is_trial":false,"path_per_floor":["M","?","$","M","M","E","R","M","T","R","M","?","R","M","R","B"],"character_chosen":"THE_SILENT","items_purchased":["Skewer"],"campfire_rested":1,"item_purchase_floors":[3],"current_hp_per_floor":[70,70,70,70,70,54,54,54,54,54,31,31,31,30,51,0],"gold":176,"neow_bonus":"UPGRADE_CARD","is_prod":false,"is_daily":false,"chose_seed":false,"campfire_upgraded":2,"win_rate":0.0,"timestamp":1553553882,"path_taken":["M","?","$","M","M","E","R","M","T","R","M","?","R","M","R","BOSS"],"build_version":"2019-01-23","purchased_purges":0,"victory":false,"max_hp_per_floor":[70,70,70,70,70,70,70,70,70,70,70,70,70,70,70,70],"card_choices":[{"not_picked":["Predator","Outmaneuver"],"picked":"Poisoned Stab","floor":1},{"not_picked":["Blade Dance","Choke"],"picked":"Backflip","floor":4},{"not_picked":["Outmaneuver","Expertise"],"picked":"Poisoned Stab","floor":5},{"not_picked":["Deadly Poison","Underhanded Strike"],"picked":"Caltrops","floor":6},{"not_picked":["Poisoned Stab","Flechettes"],"picked":"Dagger Spray","floor":8},{"not_picked":["Catalyst","Quick Slash"],"picked":"Dash","floor":11},{"not_picked":["Outmaneuver","Dagger Spray"],"picked":"Phantasmal Killer","floor":14}],"player_experience":61022,"relics_obtained":[{"floor":6,"key":"Unceasing Top"},{"floor":9,"key":"Peace Pipe"}],"event_choices":[{"damage_healed":0,"gold_gain":0,"player_choice":"Grow","damage_taken":0,"max_hp_gain":0,"max_hp_loss":0,"event_name":"Living Wall","floor":2,"gold_loss":0,"cards_upgraded":["Poisoned Stab"]},{"damage_healed":0,"gold_gain":0,"player_choice":"Take Wound","damage_taken":0,"relics_obtained":["Golden Idol"],"max_hp_gain":0,"max_hp_loss":0,"event_name":"Golden Idol","floor":12,"gold_loss":0,"cards_obtained":["Injury"]}],"is_beta":false,"boss_relics":[],"items_purged_floors":[],"is_endless":false,"potions_floor_spawned":[1,4],"killed_by":"The Guardian","ascension_level":0}