{"gold_per_floor":[115,132,207,2,17,17,50,15,15,46,108,108,120,120,120,251,251,244,169,169,187,187,187,231,231,303,303,346,346,365,375,375,478,478,494,64,77,90,15,41,41,57,84,84,97,197,207,207,207,207],"floor_reached":50,"playtime":2380,"items_purged":["Strike_R"],"score":828,"play_id":"4c9576fe-7959-4416-9ba9-3133adf99578","local_time":"20190309165040","is_ascension_mode":true,"campfire_choices":[{"data":"Body Slam","floor":6,"key":"SMITH"},{"data":"Bash","floor":12,"key":"SMITH"},{"data":"Rage","floor":15,"key":"SMITH"},{"data":"Double Tap","floor":23,"key":"SMITH"},{"floor":25,"key":"REST"},{"floor":32,"key":"REST"},{"floor":41,"key":"DIG"},{"data":"Armaments","floor":49,"key":"SMITH"}],"neow_cost":"PERCENT_DAMAGE","seed_source_timestamp":745082565918814,"circlet_count":0,"master_deck":["AscendersBane","Strike_R","Strike_R","Strike_R","Defend_R","Defend_R+1","Defend_R","Defend_R","Bash+1","Inflame","Body Slam+1","Anger","Double Tap+1","Warcry","Rage+1","Offering+1","Uppercut+1","Thunderclap","Spot Weakness","Writhe","Armaments+1","Sever Soul+1","Battle Trance","Impervious","Shrug It Off+1","Shrug It Off","True Grit+1"],"relics":["Burning Blood","FossilizedHelix","HandDrill","Charon\u0027s Ashes","Bottled Flame","Happy Flower","Gambling Chip","Bloody Idol","Velvet Choker","MutagenicStrength","Ancient Tea Set","Blue Candle","Shovel","War Paint","Sozu","Oddly Smooth Stone","StoneCalendar","Champion Belt","Omamori","Orichalcum","Unceasing Top"],"potions_floor_usage":[11,16,33,33],"damage_taken":[{"damage":0,"enemies":"Jaw Worm","floor":1,"turns":2},{"damage":0,"enemies":"Small Slimes","floor":2,"turns":3},{"damage":1,"enemies":"2 Louse","floor":5,"turns":3},{"damage":16,"enemies":"Gremlin Nob","floor":7,"turns":4},{"damage":25,"enemies":"3 Sentries","floor":10,"turns":6},{"damage":8,"enemies":"Gremlin Nob","floor":11,"turns":4},{"damage":0,"enemies":"Exordium Wildlife","floor":13,"turns":2},{"damage":45,"enemies":"Hexaghost","floor":16,"turns":9},{"damage":29,"enemies":"2 Thieves","floor":18,"turns":4},{"damage":0,"enemies":"Spheric Guardian","floor":21,"turns":3},{"damage":10,"enemies":"Slavers","floor":24,"turns":5},{"damage":24,"enemies":"Book of Stabbing","floor":28,"turns":4},{"damage":0,"enemies":"Snecko","floor":30,"turns":4},{"damage":34,"enemies":"Centurion and Healer","floor":31,"turns":4},{"damage":65,"enemies":"Automaton","floor":33,"turns":10},{"damage":0,"enemies":"3 Darklings","floor":35,"turns":3},{"damage":0,"enemies":"Orb Walker","floor":37,"turns":2},{"damage":10,"enemies":"Maw","floor":38,"turns":7},{"damage":35,"enemies":"Nemesis","floor":40,"turns":5},{"damage":0,"enemies":"3 Darklings","floor":42,"turns":5},{"damage":0,"enemies":"Jaw Worm Horde","floor":45,"turns":2},{"damage":20,"enemies":"Mind Bloom Boss Battle","floor":46,"turns":6},{"damage":12,"enemies":"Writhing Mass","floor":47,"turns":6},{"damage":78,"enemies":"Time Eater","floor":50,"turns":11}],"seed_played":"7385220967238413653","potions_obtained":[{"floor":2,"key":"GamblersBrew"},{"floor":7,"key":"Poison Potion"},{"floor":10,"key":"Fire Potion"},{"floor":11,"key":"Ancient Potion"},{"floor":18,"key":"Regen Potion"},{"floor":28,"key":"Block Potion"}],"is_trial":false,"path_per_floor":["M","M","?","$","M","R","E","?","T","E","?","R","M","?","R","B",null,"M","?","?","M","?","R","E","R","T","?","E","?","M","M","R","B",null,"M","$","M","M","$","E","R","M","T","$","M","?","M","?","R","B"],"character_chosen":"IRONCLAD","items_purchased":["HandDrill","Oddly Smooth Stone","StoneCalendar"],"campfire_rested":2,"item_purchase_floors":[4,36,36],"current_hp_per_floor":[57,63,52,52,57,57,47,67,67,48,46,46,52,52,52,13,59,36,36,36,42,42,42,38,60,60,60,42,42,53,30,52,13,59,70,70,74,74,74,50,50,61,66,66,74,65,64,64,64,0],"gold":207,"neow_bonus":"ONE_RARE_RELIC","is_prod":false,"is_daily":false,"chose_seed":false,"campfire_upgraded":5,"win_rate":0,"timestamp":1552168240,"path_taken":["M","M","?","?","M","R","E","?","T","E","?","R","?","?","R","BOSS","M","?","?","M","?","R","E","R","T","?","E","?","M","?","R","BOSS","M","$","M","M","?","E","R","M","T","$","M","?","M","?","R","BOSS"],"build_version":"2019-01-23","purchased_purges":1,"victory":false,"max_hp_per_floor":[80,80,80,80,80,80,80,80,80,80,80,80,80,74,74,74,74,74,74,74,74,74,74,74,74,74,74,74,74,74,74,74,74,74,74,74,74,74,74,74,74,74,74,74,74,74,74,74,74,74],"card_choices":[{"not_picked":["Havoc","Anger"],"picked":"Inflame","floor":1},{"not_picked":["Wild Strike","Dual Wield"],"picked":"Body Slam","floor":2},{"not_picked":["Sword Boomerang","Sever Soul"],"picked":"Anger","floor":5},{"not_picked":["Seeing Red","Cleave"],"picked":"Double Tap","floor":7},{"not_picked":["Infernal Blade","Twin Strike"],"picked":"Warcry","floor":10},{"not_picked":["Perfected Strike","Armaments"],"picked":"Cleave","floor":11},{"not_picked":["Infernal Blade","Rupture"],"picked":"Rage","floor":13},{"not_picked":["Berserk","Barricade"],"picked":"Offering","floor":16},{"not_picked":["Warcry","Sentinel"],"picked":"Uppercut+1","floor":18},{"not_picked":["Anger","Twin Strike"],"picked":"Thunderclap","floor":21},{"not_picked":["Infernal Blade+1","Perfected Strike"],"picked":"Spot Weakness","floor":24},{"not_picked":["Clash","Barricade"],"picked":"Armaments","floor":28},{"not_picked":["Warcry+1","Metallicize"],"picked":"Sever Soul+1","floor":30},{"not_picked":["Warcry","Pummel"],"picked":"Battle Trance","floor":31},{"not_picked":["Offering","Barricade"],"picked":"Impervious","floor":33},{"not_picked":["Clash","Thunderclap+1"],"picked":"Shrug It Off+1","floor":35},{"not_picked":["Entrench+1","Clothesline"],"picked":"Shrug It Off","floor":37},{"not_picked":["Sword Boomerang+1","Spot Weakness","Blood for Blood"],"picked":"SKIP","floor":38},{"not_picked":["Twin Strike","Armaments","Bloodletting"],"picked":"SKIP","floor":40},{"not_picked":["Thunderclap","Entrench+1"],"picked":"True Grit+1","floor":42},{"not_picked":["Sentinel","Cleave+1","Perfected Strike+1"],"picked":"SKIP","floor":45},{"not_picked":["Flex","Thunderclap+1","Iron Wave"],"picked":"SKIP","floor":47}],"player_experience":287813,"relics_obtained":[{"floor":7,"key":"Charon\u0027s Ashes"},{"floor":9,"key":"Bottled Flame"},{"floor":10,"key":"Happy Flower"},{"floor":11,"key":"Gambling Chip"},{"floor":24,"key":"Ancient Tea Set"},{"floor":26,"key":"Blue Candle"},{"floor":28,"key":"War Paint"},{"floor":40,"key":"Champion Belt"},{"floor":41,"key":"Omamori"},{"floor":43,"key":"Orichalcum"},{"floor":46,"key":"Unceasing Top"}],"event_choices":[{"damage_healed":0,"gold_gain":75,"player_choice":"Gather Gold","damage_taken":11,"max_hp_gain":0,"max_hp_loss":0,"event_name":"World of Goop","floor":3,"gold_loss":0},{"damage_healed":20,"gold_gain":0,"player_choice":"Healed","damage_taken":0,"max_hp_gain":0,"max_hp_loss":0,"event_name":"The Cleric","floor":8,"gold_loss":35},{"damage_healed":0,"gold_gain":0,"player_choice":"Searched \u00271\u0027 times","damage_taken":0,"max_hp_gain":0,"max_hp_loss":0,"event_name":"Dead Adventurer","floor":11,"gold_loss":0},{"damage_healed":0,"gold_gain":0,"player_choice":"Lose Max HP","damage_taken":0,"relics_obtained":["Golden Idol"],"max_hp_gain":0,"max_hp_loss":6,"event_name":"Golden Idol","floor":14,"gold_loss":0},{"cards_removed":["Strike_R"],"damage_healed":0,"gold_gain":0,"player_choice":"Gave Gold","damage_taken":0,"max_hp_gain":0,"max_hp_loss":0,"event_name":"Beggar","floor":19,"gold_loss":75},{"damage_healed":0,"gold_gain":0,"player_choice":"Inject Mutagens","damage_taken":0,"relics_obtained":["MutagenicStrength"],"max_hp_gain":0,"max_hp_loss":0,"event_name":"Drug Dealer","floor":20,"gold_loss":0},{"damage_healed":0,"gold_gain":0,"player_choice":"Ignored","damage_taken":0,"max_hp_gain":0,"max_hp_loss":0,"event_name":"Vampires","floor":22,"gold_loss":0},{"damage_healed":0,"gold_gain":0,"player_choice":"Opened","damage_taken":0,"relics_obtained":["Shovel"],"max_hp_gain":0,"max_hp_loss":0,"event_name":"The Mausoleum","floor":27,"gold_loss":0,"cards_obtained":["Writhe"]},{"damage_healed":0,"gold_gain":0,"player_choice":"Gave Idol","damage_taken":0,"relics_obtained":["Bloody Idol"],"max_hp_gain":0,"max_hp_loss":0,"event_name":"Forgotten Altar","floor":29,"relics_lost":["Golden Idol"],"gold_loss":0},{"damage_healed":0,"gold_gain":0,"player_choice":"Fight","damage_taken":0,"max_hp_gain":0,"max_hp_loss":0,"event_name":"MindBloom","floor":46,"gold_loss":0},{"cards_removed":["Cleave"],"damage_healed":0,"gold_gain":0,"player_choice":"Removed Attack","damage_taken":0,"max_hp_gain":0,"max_hp_loss":0,"event_name":"Falling","floor":48,"gold_loss":0}],"is_beta":false,"boss_relics":[{"not_picked":["Eternal Feather","Fusion Hammer"],"picked":"Velvet Choker"},{"not_picked":["Pandora\u0027s Box","Philosopher\u0027s Stone"],"picked":"Sozu"}],"items_purged_floors":[39],"is_endless":false,"potions_floor_spawned":[2,7,10,11,18,24,28,35,38,45],"killed_by":"Time Eater","ascension_level":11}