{"gold_per_floor":[314,187,202,45,45,75,75,107,107,107,135,170,170,210,210,306,306,330,330,346,98,122,122,122,122,200,223,223,273,47,90,90,183,183,204,204,220,241,163,201,51,91,161,161,0,43,74,74,74,74],"floor_reached":51,"playtime":3259,"items_purged":["Strike_R","Strike_R","Strike_R"],"score":1908,"play_id":"eda93082-b706-4bf9-9c39-54b697abc012","local_time":"20190328151217","is_ascension_mode":true,"campfire_choices":[{"data":"Uppercut","floor":7.0,"key":"SMITH"},{"floor":13.0,"key":"REST"},{"data":"Fiend Fire","floor":15.0,"key":"SMITH"},{"data":"Exhume","floor":23.0,"key":"SMITH"},{"data":"Burning Pact","floor":25.0,"key":"SMITH"},{"data":"Seeing Red","floor":28.0,"key":"SMITH"},{"data":"Dual Wield","floor":32.0,"key":"SMITH"},{"data":"Battle Trance","floor":44.0,"key":"SMITH"},{"data":"Corruption","floor":49.0,"key":"SMITH"}],"neow_cost":"NO_GOLD","seed_source_timestamp":0,"circlet_count":0,"master_deck":["AscendersBane","Strike_R","Strike_R","Defend_R","Defend_R","Defend_R","Defend_R","Bash","Inflame","Uppercut+1","Power Through","Sentinel","Fiend Fire+1","True Grit","Exhume+1","Burning Pact+1","Ghostly","Ghostly","Ghostly","Sever Soul","Seeing Red+1","Evolve","Battle Trance+1","Dual Wield+1","Fiend Fire","Corruption+1","True Grit+1","Power Through","Sentinel","True Grit","Corruption+1"],"special_seed":0,"relics":["Burning Blood","Old Coin","PreservedInsect","Dead Branch","Ornamental Fan","Matryoshka","Golden Idol","Odd Mushroom","FossilizedHelix","Oddly Smooth Stone","Sozu","Vajra","Bag of Preparation","Singing Bowl","Blood Vial","Orrery","WingedGreaves","Strawberry","Centennial Puzzle","Paper Frog","Red Mask","Bronze Scales","Letter Opener"],"potions_floor_usage":[50],"damage_taken":[{"damage":5.0,"enemies":"2 Louse","floor":1.0,"turns":4.0},{"damage":8.0,"enemies":"Small Slimes","floor":3.0,"turns":5.0},{"damage":6.0,"enemies":"Gremlin Nob","floor":6.0,"turns":3.0},{"damage":10.0,"enemies":"3 Sentries","floor":8.0,"turns":9.0},{"damage":28.0,"enemies":"The Mushroom Lair","floor":11.0,"turns":5.0},{"damage":11.0,"enemies":"Lagavulin","floor":12.0,"turns":6.0},{"damage":0.0,"enemies":"Gremlin Nob","floor":14.0,"turns":3.0},{"damage":33.0,"enemies":"Hexaghost","floor":16.0,"turns":9.0},{"damage":0.0,"enemies":"2 Thieves","floor":18.0,"turns":3.0},{"damage":0.0,"enemies":"Chosen","floor":20.0,"turns":3.0},{"damage":1.0,"enemies":"Shelled Parasite and Fungi","floor":22.0,"turns":3.0},{"damage":0.0,"enemies":"Snake Plant","floor":27.0,"turns":2.0},{"damage":0.0,"enemies":"Book of Stabbing","floor":31.0,"turns":4.0},{"damage":1.0,"enemies":"Collector","floor":33.0,"turns":5.0},{"damage":0.0,"enemies":"3 Shapes","floor":35.0,"turns":3.0},{"damage":0.0,"enemies":"Orb Walker","floor":37.0,"turns":1.0},{"damage":0.0,"enemies":"Sphere and 2 Shapes","floor":38.0,"turns":4.0},{"damage":3.0,"enemies":"Giant Head","floor":40.0,"turns":2.0},{"damage":0.0,"enemies":"Nemesis","floor":42.0,"turns":3.0},{"damage":0.0,"enemies":"Giant Head","floor":46.0,"turns":2.0},{"damage":2.0,"enemies":"Reptomancer","floor":47.0,"turns":5.0},{"damage":29,"enemies":"Awakened One","floor":50,"turns":5}],"seed_played":"2865492585940982547","potions_obtained":[{"floor":1.0,"key":"Ancient Potion"},{"floor":3.0,"key":"GamblersBrew"},{"floor":16.0,"key":"Swift Potion"}],"is_trial":false,"path_per_floor":["M","$","M","$","?","E","R","E","T","?","?","E","R","E","R","B",null,"M","?","M","$","M","R","?","R","T","M","R","?","$","E","R","B",null,"M","?","M","M","$","E","$","E","T","R","?","E","E","?","R","B",null],"character_chosen":"IRONCLAD","items_purchased":["Inflame","Uppercut","PreservedInsect","Vajra","Evolve","Battle Trance","Sentinel","True Grit"],"campfire_rested":1,"item_purchase_floors":[2,2,4,21,30,30,39,41],"current_hp_per_floor":[69,69,67,67,67,67,67,63,63,37,15,10,32,38,38,11,59,65,37,37,37,37,37,37,37,37,39,39,39,39,39,39,39,43,45,45,47,49,49,51,51,60,60,60,60,62,62,62,62,39],"gold":74,"neow_bonus":"ONE_RARE_RELIC","is_prod":false,"is_daily":false,"chose_seed":false,"campfire_upgraded":8,"win_rate":0,"timestamp":1553782337,"path_taken":["M","$","M","$","?","E","R","E","T","?","?","E","R","E","R","BOSS","M","?","M","$","M","R","?","R","T","M","R","?","$","E","R","BOSS","M","?","M","?","$","E","?","E","T","R","?","E","E","?","R","BOSS"],"build_version":"2019-01-23","purchased_purges":3,"victory":true,"max_hp_per_floor":[75,75,75,75,75,75,75,75,75,75,75,75,75,75,75,75,75,75,37,37,37,37,37,37,37,37,39,39,39,39,39,39,39,43,45,45,47,49,49,51,51,60,60,60,60,62,62,62,62,62],"card_choices":[{"not_picked":["Twin Strike","Flex","Corruption"],"picked":"SKIP","floor":1.0},{"not_picked":["Wild Strike","Body Slam","Fire Breathing"],"picked":"SKIP","floor":3.0},{"not_picked":["Flex","Burning Pact"],"picked":"Power Through","floor":6.0},{"not_picked":["Armaments","Rupture","Body Slam"],"picked":"SKIP","floor":8.0},{"not_picked":["Intimidate","Anger"],"picked":"Sentinel","floor":11.0},{"not_picked":["Inflame","True Grit"],"picked":"Fiend Fire","floor":12.0},{"not_picked":["Armaments","Headbutt"],"picked":"True Grit","floor":14.0},{"not_picked":["Barricade","Berserk"],"picked":"Exhume","floor":16.0},{"not_picked":["Sword Boomerang+1","Cleave"],"picked":"Burning Pact","floor":18.0},{"not_picked":["Wild Strike","Sword Boomerang"],"picked":"Sever Soul","floor":20.0},{"not_picked":["Burning Pact","Warcry"],"picked":"Seeing Red","floor":22.0},{"not_picked":["Juggernaut","Cleave","Heavy Blade"],"picked":"Singing Bowl","floor":27.0},{"not_picked":["Havoc","Shockwave"],"picked":"Dual Wield","floor":31.0},{"not_picked":["Berserk","Limit Break"],"picked":"Fiend Fire","floor":33.0},{"not_picked":["Reckless Charge+1","Infernal Blade"],"picked":"Corruption","floor":34.0},{"not_picked":["Anger","Searing Blow"],"picked":"True Grit+1","floor":34.0},{"not_picked":["True Grit","Clothesline"],"picked":"Power Through","floor":34.0},{"not_picked":["Headbutt+1","Pommel Strike","Combust"],"picked":"Singing Bowl","floor":34.0},{"not_picked":["Entrench","Armaments","Whirlwind"],"picked":"Singing Bowl","floor":34.0},{"not_picked":["Rage","Dual Wield","Cleave"],"picked":"Singing Bowl","floor":35.0},{"not_picked":["Iron Wave+1","Disarm","Heavy Blade"],"picked":"Singing Bowl","floor":37.0},{"not_picked":["Hemokinesis","Entrench+1","Anger"],"picked":"Singing Bowl","floor":38.0},{"not_picked":["Iron Wave","Armaments","Shockwave"],"picked":"Singing Bowl","floor":40.0},{"not_picked":["Rupture","Flex+1","Intimidate"],"picked":"Singing Bowl","floor":42.0},{"not_picked":["Shockwave","Body Slam+1","Feed"],"picked":"Singing Bowl","floor":46.0},{"not_picked":["Pommel Strike","Shrug It Off+1"],"picked":"Corruption","floor":47.0}],"player_experience":805674,"relics_obtained":[{"floor":6.0,"key":"Dead Branch"},{"floor":8.0,"key":"Ornamental Fan"},{"floor":9.0,"key":"Matryoshka"},{"floor":11.0,"key":"Odd Mushroom"},{"floor":12.0,"key":"FossilizedHelix"},{"floor":14.0,"key":"Oddly Smooth Stone"},{"floor":26.0,"key":"Bag of Preparation"},{"floor":26.0,"key":"Singing Bowl"},{"floor":31.0,"key":"Blood Vial"},{"floor":40.0,"key":"WingedGreaves"},{"floor":42.0,"key":"Strawberry"},{"floor":43.0,"key":"Centennial Puzzle"},{"floor":43.0,"key":"Paper Frog"},{"floor":46.0,"key":"Bronze Scales"},{"floor":47.0,"key":"Letter Opener"}],"event_choices":[{"damage_healed":0.0,"max_hp_gain":0.0,"max_hp_loss":0.0,"gold_gain":0.0,"event_name":"Shining Light","player_choice":"Ignored","floor":5.0,"gold_loss":0.0,"damage_taken":0.0},{"damage_healed":0.0,"max_hp_gain":0.0,"max_hp_loss":0.0,"gold_gain":0.0,"event_name":"Golden Idol","player_choice":"Take Damage","floor":10.0,"gold_loss":0.0,"damage_taken":26.0,"relics_obtained":["Golden Idol"]},{"damage_healed":0.0,"max_hp_gain":0.0,"max_hp_loss":0.0,"gold_gain":0.0,"event_name":"Mushrooms","player_choice":"Fought Mushrooms","floor":11.0,"gold_loss":0.0,"damage_taken":0.0},{"damage_healed":0.0,"max_hp_gain":0.0,"max_hp_loss":38.0,"gold_gain":0.0,"event_name":"Ghosts","player_choice":"Became a Ghost","floor":19.0,"gold_loss":0.0,"damage_taken":0.0,"cards_obtained":["Ghostly","Ghostly","Ghostly"]},{"damage_healed":0.0,"max_hp_gain":0.0,"max_hp_loss":0.0,"gold_gain":0.0,"event_name":"Beggar","player_choice":"Ignored","floor":24.0,"gold_loss":0.0,"damage_taken":0.0},{"damage_healed":0.0,"max_hp_gain":0.0,"max_hp_loss":0.0,"gold_gain":50.0,"event_name":"Nest","player_choice":"Stole From Cult","floor":29.0,"gold_loss":0.0,"damage_taken":0.0},{"damage_healed":0.0,"max_hp_gain":0.0,"max_hp_loss":0.0,"gold_gain":0.0,"event_name":"Upgrade Shrine","player_choice":"Upgraded","floor":36.0,"gold_loss":0.0,"damage_taken":0.0,"cards_upgraded":["Corruption"]},{"damage_healed":0.0,"max_hp_gain":0.0,"max_hp_loss":0.0,"gold_gain":0.0,"event_name":"Tomb of Lord Red Mask","player_choice":"Paid","floor":45.0,"gold_loss":161.0,"damage_taken":0.0,"relics_obtained":["Red Mask"]},{"damage_healed":0.0,"max_hp_gain":0.0,"max_hp_loss":0.0,"gold_gain":0.0,"event_name":"Mysterious Sphere","player_choice":"Ignored","floor":48.0,"gold_loss":0.0,"damage_taken":0.0}],"is_beta":false,"boss_relics":[{"not_picked":["Busted Crown","Calling Bell"],"picked":"Sozu"},{"not_picked":["Runic Pyramid","Runic Dome"],"picked":"Orrery"}],"items_purged_floors":[21,30,41],"is_endless":false,"potions_floor_spawned":[1,3,16,20,31,33,37,46],"ascension_level":19}