{"gold_per_floor":[109,109,127,202,202,236,246,271,297,312,312,347,367,385,385,485,485,498,597,611,611,611,636,656,656],"floor_reached":25,"playtime":2663,"items_purged":[],"score":267,"play_id":"aae85aca-c796-4ee1-a7e9-1be3d75d032a","local_time":"20190126001621","is_ascension_mode":true,"campfire_choices":[{"floor":11,"key":"REST"},{"floor":15,"key":"REST"}],"neow_cost":"NONE","seed_source_timestamp":44415580502700,"circlet_count":0,"master_deck":["Strike_B","Strike_B","Strike_B","Strike_B+1","Defend_B","Defend_B","Defend_B","Defend_B+1","Zap","Dualcast","Beam Cell","Core Surge","Doom and Gloom","Machine Learning","Auto Shields+1","Reprogram+1","Leap+1","Streamline","Echo Form","Chill+1","Ball Lightning","Self Repair","FTL"],"relics":["Cracked Core","Anchor","Omamori","DataDisk","Toxic Egg 2","Pocketwatch","Eternal Feather","Boot","MutagenicStrength","Turnip"],"potions_floor_usage":[8,10],"damage_taken":[{"damage":0,"enemies":"Small Slimes","floor":1,"turns":2},{"damage":0,"enemies":"Cultist","floor":3,"turns":3},{"damage":23,"enemies":"3 Sentries","floor":6,"turns":8},{"damage":0,"enemies":"Jaw Worm","floor":7,"turns":2},{"damage":10,"enemies":"Gremlin Nob","floor":8,"turns":3},{"damage":2,"enemies":"Looter","floor":10,"turns":3},{"damage":7,"enemies":"3 Sentries","floor":12,"turns":5},{"damage":0,"enemies":"3 Louse","floor":13,"turns":2},{"damage":0,"enemies":"2 Fungi Beasts","floor":14,"turns":2},{"damage":22,"enemies":"The Guardian","floor":16,"turns":10},{"damage":22,"enemies":"Spheric Guardian","floor":18,"turns":5},{"damage":0,"enemies":"Chosen","floor":20,"turns":4},{"damage":1,"enemies":"Gremlin Leader","floor":23,"turns":5},{"damage":34,"enemies":"Centurion and Healer","floor":24,"turns":7},{"damage":34,"enemies":"Book of Stabbing","floor":25,"turns":5}],"seed_played":"-1210832629459714587","potions_obtained":[{"floor":3,"key":"Weak Potion"},{"floor":8,"key":"Regen Potion"},{"floor":10,"key":"GamblersBrew"},{"floor":12,"key":"Ancient Potion"},{"floor":16,"key":"Poison Potion"},{"floor":18,"key":"LiquidBronze"}],"is_trial":false,"path_per_floor":["M","?","M","?","?","E","M","E","T","M","R","E","M","M","R","B",null,"M","?","M","?","?","E","M","E"],"character_chosen":"DEFECT","items_purchased":[],"campfire_rested":2,"item_purchase_floors":[],"current_hp_per_floor":[75,75,75,64,49,26,26,16,16,23,45,38,38,38,60,38,75,53,53,53,53,53,52,32,0],"gold":656,"neow_bonus":"RANDOM_COMMON_RELIC","is_prod":false,"is_daily":false,"chose_seed":false,"campfire_upgraded":0,"win_rate":0,"timestamp":1548468981,"path_taken":["M","?","?","?","?","E","M","E","T","M","R","E","M","M","R","BOSS","M","?","M","?","?","E","M","E"],"build_version":"2019-01-23","purchased_purges":0,"victory":false,"max_hp_per_floor":[75,75,75,75,75,75,75,75,75,75,75,75,75,75,75,75,75,75,75,75,75,75,75,75,75],"card_choices":[{"not_picked":["Steam","Chaos"],"picked":"Coolheaded","floor":1},{"not_picked":["Barrage","Leap"],"picked":"Beam Cell","floor":3},{"not_picked":["Auto Shields","Glacier"],"picked":"Core Surge","floor":6},{"not_picked":["Fusion","Barrage"],"picked":"Doom and Gloom","floor":7},{"not_picked":["Cold Snap","Storm"],"picked":"Machine Learning","floor":8},{"not_picked":["Beam Cell","Compile Driver"],"picked":"Auto Shields+1","floor":10},{"not_picked":["Turbo+1","Steam Power+1"],"picked":"Reprogram+1","floor":12},{"not_picked":["Rebound","Hologram+1"],"picked":"Leap+1","floor":13},{"not_picked":["Chaos+1","Cold Snap"],"picked":"Streamline","floor":14},{"not_picked":["Creative AI","Meteor Strike"],"picked":"Echo Form","floor":16},{"not_picked":["Barrage","Loop"],"picked":"Chill+1","floor":18},{"not_picked":["Leap+1","Coolheaded+1"],"picked":"Ball Lightning","floor":20},{"not_picked":["Aggregate+1","Rebound"],"picked":"Self Repair","floor":23},{"not_picked":["Sweeping Beam+1","Hologram+1"],"picked":"FTL","floor":24}],"player_experience":272447,"relics_obtained":[{"floor":6,"key":"DataDisk"},{"floor":8,"key":"Toxic Egg 2"},{"floor":12,"key":"Pocketwatch"},{"floor":23,"key":"Turnip"}],"event_choices":[{"cards_removed":["Coolheaded"],"damage_healed":0,"gold_gain":0,"player_choice":"Gave Card","damage_taken":0,"relics_obtained":["Omamori"],"max_hp_gain":0,"max_hp_loss":0,"event_name":"WeMeetAgain","floor":2,"gold_loss":0},{"damage_healed":0,"gold_gain":75,"player_choice":"Gather Gold","damage_taken":11,"max_hp_gain":0,"max_hp_loss":0,"event_name":"World of Goop","floor":4,"gold_loss":0},{"damage_healed":0,"gold_gain":0,"player_choice":"Entered Light","damage_taken":15,"max_hp_gain":0,"max_hp_loss":0,"event_name":"Shining Light","floor":5,"gold_loss":0,"cards_upgraded":["Strike_B","Defend_B"]},{"damage_healed":0,"gold_gain":99,"player_choice":"Stole From Cult","damage_taken":0,"max_hp_gain":0,"max_hp_loss":0,"event_name":"Nest","floor":19,"gold_loss":0},{"damage_healed":0,"gold_gain":0,"player_choice":"Opened","damage_taken":0,"relics_obtained":["Boot"],"max_hp_gain":0,"max_hp_loss":0,"event_name":"The Mausoleum","floor":21,"gold_loss":0},{"damage_healed":0,"gold_gain":0,"player_choice":"Inject Mutagens","damage_taken":0,"relics_obtained":["MutagenicStrength"],"max_hp_gain":0,"max_hp_loss":0,"event_name":"Drug Dealer","floor":22,"gold_loss":0}],"is_beta":false,"boss_relics":[{"not_picked":["Pandora\u0027s Box","Empty Cage"],"picked":"Eternal Feather"}],"items_purged_floors":[],"is_endless":false,"potions_floor_spawned":[3,8,10,12,16,18],"killed_by":"Book of Stabbing","ascension_level":2}