{"gold_per_floor":[119,138,88,105,121,121,137,137,160,175,22,37,37,55,55,154,154,169,77,77,96,114,141,141,141,141,2,12,23,39,54,54,158,158,176,188,113,158,178,178,178],"floor_reached":41,"playtime":2742,"items_purged":["Strike_G"],"score":646,"play_id":"25056361-7a6f-4d41-b3d9-56bf2ededf25","local_time":"20180907222247","is_ascension_mode":true,"campfire_choices":[{"data":"Infinite Blades","floor":6,"key":"SMITH"},{"data":"Neutralize","floor":8,"key":"SMITH"},{"floor":13,"key":"REST"},{"data":"Footwork","floor":15,"key":"SMITH"},{"floor":24,"key":"REST"},{"floor":32,"key":"REST"},{"floor":40,"key":"REST"}],"neow_cost":"NONE","seed_source_timestamp":113590662292144,"circlet_count":0,"master_deck":["Defend_G","Defend_G","Defend_G","Defend_G","Defend_G","Strike_G","Strike_G","Strike_G","Survivor","Neutralize+1","Infinite Blades+1","Escape Plan","Footwork+1","Doppelganger","Backflip","Backflip","Storm of Steel","Flying Knee","Dash","Cloak And Dagger","Heel Hook+1","Deflect","Blur","Footwork","Flash of Steel","Deflect","Slice+1","Escape Plan+1","Dodge and Roll","Slice+1","Poisoned Stab","Sucker Punch+1","Accuracy+1","After Image","Accuracy+1","Infinite Blades+1","PiercingWail+1"],"relics":["Cursed Key","Happy Flower","Omamori","Runic Pyramid","Spirit Poop","Boot","Peace Pipe","Orrery","Girya"],"potions_floor_usage":[10,21,23,28,31,33,33,41],"damage_taken":[{"damage":3,"enemies":"Small Slimes","floor":1,"turns":4},{"damage":0,"enemies":"Cultist","floor":2,"turns":4},{"damage":1,"enemies":"2 Louse","floor":4,"turns":3},{"damage":6,"enemies":"Lots of Slimes","floor":5,"turns":8},{"damage":29,"enemies":"Gremlin Gang","floor":7,"turns":7},{"damage":6,"enemies":"Blue Slaver","floor":10,"turns":5},{"damage":0,"enemies":"2 Fungi Beasts","floor":12,"turns":5},{"damage":0,"enemies":"Large Slime","floor":14,"turns":9},{"damage":0,"enemies":"The Guardian","floor":16,"turns":19},{"damage":6,"enemies":"3 Byrds","floor":18,"turns":6},{"damage":1,"enemies":"Spheric Guardian","floor":21,"turns":3},{"damage":2,"enemies":"Cultist and Chosen","floor":22,"turns":8},{"damage":21,"enemies":"Slavers","floor":23,"turns":12},{"damage":0,"enemies":"Shelled Parasite and Fungi","floor":28,"turns":6},{"damage":6,"enemies":"Centurion and Healer","floor":29,"turns":7},{"damage":5,"enemies":"Sentry and Sphere","floor":30,"turns":7},{"damage":6,"enemies":"Snecko","floor":31,"turns":6},{"damage":20,"enemies":"Champ","floor":33,"turns":16},{"damage":27,"enemies":"3 Shapes","floor":35,"turns":4},{"damage":6,"enemies":"Orb Walker","floor":36,"turns":4},{"damage":27,"enemies":"Mysterious Sphere","floor":38,"turns":6},{"damage":0,"enemies":"Maw","floor":39,"turns":8},{"damage":26,"enemies":"2 Orb Walkers","floor":41,"turns":3}],"seed_played":"2827905763866517538","potions_obtained":[{"floor":1,"key":"Ancient Potion"},{"floor":4,"key":"Energy Potion"},{"floor":7,"key":"LiquidBronze"},{"floor":12,"key":"SkillPotion"},{"floor":14,"key":"GhostInAJar"},{"floor":18,"key":"AttackPotion"},{"floor":23,"key":"FearPotion"},{"floor":28,"key":"Weak Potion"},{"floor":30,"key":"Poison Potion"},{"floor":39,"key":"Swift Potion"}],"is_trial":false,"path_per_floor":["M","M","?","M","M","R","M","R","T","M","$","M","R","M","R","B",null,"M","$","?","M","M","E","R","?","T","$","M","M","M","M","R","B",null,"M","M","$","?","M","R"],"character_chosen":"THE_SILENT","items_purchased":["Omamori","Dash","Cloak And Dagger","Footwork","Flash of Steel"],"campfire_rested":4,"item_purchase_floors":[11,19,19,27,27],"current_hp_per_floor":[60,60,60,59,53,53,24,24,24,18,18,18,39,39,39,39,62,56,56,56,55,53,32,53,53,53,53,53,47,42,36,57,37,62,35,29,29,2,2,23,0],"gold":178,"neow_bonus":"BOSS_RELIC","is_prod":false,"is_daily":false,"chose_seed":false,"campfire_upgraded":3,"win_rate":0,"timestamp":1536355367,"path_taken":["M","M","?","M","M","R","M","R","T","?","?","?","R","M","R","BOSS","M","$","?","M","M","E","R","?","T","?","?","M","M","M","R","BOSS","M","M","$","?","?","R","E"],"build_version":"2018-09-06","purchased_purges":1,"victory":false,"max_hp_per_floor":[70,70,70,70,70,70,70,70,70,70,70,70,70,70,70,70,70,70,70,70,70,70,70,70,70,70,70,70,70,70,70,70,70,70,70,70,70,70,70,70,70],"card_choices":[{"not_picked":["Endless Agony","Acrobatics","Bane"],"picked":"SKIP","floor":1},{"not_picked":["Prepared","Endless Agony","Sucker Punch"],"picked":"SKIP","floor":2},{"not_picked":["Acrobatics","Prepared"],"picked":"Infinite Blades","floor":4},{"not_picked":["Expertise","Flying Knee"],"picked":"Escape Plan","floor":5},{"not_picked":["Acrobatics","Outmaneuver"],"picked":"Footwork","floor":7},{"not_picked":["Dagger Throw","Quick Slash"],"picked":"Doppelganger","floor":10},{"not_picked":["Flechettes","Escape Plan"],"picked":"Backflip","floor":12},{"not_picked":["Backstab","Distraction"],"picked":"Backflip","floor":14},{"not_picked":["Wraith Form v2","Grand Finale"],"picked":"Storm of Steel","floor":16},{"not_picked":["Endless Agony","Bane"],"picked":"Flying Knee","floor":18},{"not_picked":["Outmaneuver","Choke+1"],"picked":"Heel Hook+1","floor":21},{"not_picked":["Dodge and Roll","Calculated Gamble"],"picked":"Deflect","floor":22},{"not_picked":["Underhanded Strike","Corpse Explosion","Eviscerate+1"],"picked":"SKIP","floor":23},{"not_picked":["Backstab","Leg Sweep"],"picked":"Deflect","floor":28},{"not_picked":["Dodge and Roll","Blade Dance"],"picked":"Slice+1","floor":29},{"not_picked":["Calculated Gamble+1","Predator+1"],"picked":"Escape Plan+1","floor":30},{"not_picked":["Setup","Dagger Spray"],"picked":"Dodge and Roll","floor":31},{"not_picked":["Dodge and Roll","Backflip"],"picked":"Slice+1","floor":34},{"not_picked":["Dash","Slice"],"picked":"Poisoned Stab","floor":34},{"not_picked":["Dodge and Roll","Poisoned Stab+1"],"picked":"Sucker Punch+1","floor":34},{"not_picked":["Flying Knee","Dagger Throw"],"picked":"Accuracy+1","floor":34},{"not_picked":["Flechettes","Acrobatics"],"picked":"After Image","floor":35},{"not_picked":["Leg Sweep+1","Infinite Blades+1"],"picked":"Accuracy+1","floor":36},{"not_picked":["Dagger Spray","Caltrops+1"],"picked":"Infinite Blades+1","floor":38},{"not_picked":["Reflex+1","Bouncing Flask+1"],"picked":"PiercingWail+1","floor":39}],"player_experience":341370,"relics_obtained":[{"floor":9,"key":"Happy Flower"},{"floor":23,"key":"Boot"},{"floor":26,"key":"Peace Pipe"},{"floor":38,"key":"Girya"}],"event_choices":[{"event_name":"The Cleric","player_choice":"Card Removal","floor":3,"damage_taken":0},{"event_name":"Bonfire Elementals","player_choice":"CURSE","floor":20,"damage_taken":0},{"event_name":"The Library","player_choice":"Read","floor":25,"damage_taken":0},{"event_name":"Mysterious Sphere","player_choice":"Fight","floor":38,"damage_taken":0}],"is_beta":false,"boss_relics":[{"not_picked":["Snecko Eye","Empty Cage"],"picked":"Runic Pyramid"},{"not_picked":["Coffee Dripper","HoveringKite"],"picked":"Orrery"}],"items_purged_floors":[37],"is_endless":false,"potions_floor_spawned":[1,4,7,12,14,18,23,28,30,39],"killed_by":"2 Orb Walkers","ascension_level":7}