{"gold_per_floor":[118,118,138,138,138,164,164,199,199,199,218,218,251,322,322,426,426,441,441,459,36,36,66,66,92,92,92,92,92,426,508,508,603,603,613,613,613,573,573,608,24,24,24,24,24,55,55,55],"floor_reached":48,"playtime":3615,"items_purged":[],"score":730,"play_id":"63a16518-28cb-4d8b-870e-e734098ababb","local_time":"20181128154417","is_ascension_mode":true,"campfire_choices":[{"floor":7,"key":"REST"},{"floor":10,"key":"REST"},{"data":"Caltrops","floor":12,"key":"SMITH"},{"data":"Leg Sweep","floor":15,"key":"SMITH"},{"floor":27,"key":"REST"},{"floor":32,"key":"REST"},{"floor":42,"key":"REST"},{"floor":44,"key":"REST"},{"floor":47,"key":"REST"}],"neow_cost":"NONE","seed_source_timestamp":83234585905200,"circlet_count":0,"master_deck":["Defend_G","Defend_G","Defend_G","Defend_G","Defend_G+1","Strike_G","Strike_G","Strike_G+1","Strike_G","Strike_G","Survivor","Neutralize+1","Deadly Poison","Acrobatics","Leg Sweep+1","Caltrops+1","Backstab+1","Tools of the Trade","Writhe","Shame","Doubt","Poisoned Stab+1","Caltrops+1","Cloak And Dagger+1","Dramatic Entrance+1","A Thousand Cuts+1","Well Laid Plans+1","Quick Slash+1","Predator+1","Phantasmal Killer","Flying Knee+1","Blur+1","Quick Slash+1","Prepared","Dagger Throw+1","Riddle With Holes+1"],"relics":["Ring of the Snake","Singing Bowl","Art of War","Molten Egg 2","Blue Candle","Mummified Hand","Calling Bell","Omamori","Shuriken","WingedGreaves","Kunai","Torii","Juzu Bracelet","Mercury Hourglass","Gremlin Horn","Old Coin","Pear","Busted Crown","Ancient Tea Set","Dream Catcher","FossilizedHelix","Frozen Eye","Ninja Scroll","The Courier","Snake Skull"],"potions_floor_usage":[20,23,40,40],"damage_taken":[{"damage":0,"enemies":"2 Louse","floor":1,"turns":2},{"damage":0,"enemies":"Small Slimes","floor":3,"turns":4},{"damage":27,"enemies":"3 Sentries","floor":6,"turns":12},{"damage":8,"enemies":"Lagavulin","floor":8,"turns":8},{"damage":0,"enemies":"Cultist","floor":11,"turns":3},{"damage":7,"enemies":"3 Sentries","floor":13,"turns":9},{"damage":22,"enemies":"Hexaghost","floor":16,"turns":9},{"damage":6,"enemies":"3 Byrds","floor":18,"turns":5},{"damage":8,"enemies":"Shell Parasite","floor":20,"turns":2},{"damage":27,"enemies":"Slavers","floor":23,"turns":5},{"damage":26,"enemies":"Gremlin Leader","floor":25,"turns":6},{"damage":11,"enemies":"Book of Stabbing","floor":30,"turns":5},{"damage":29,"enemies":"Automaton","floor":33,"turns":8},{"damage":8,"enemies":"Orb Walker","floor":35,"turns":3},{"damage":102,"enemies":"Nemesis","floor":40,"turns":7},{"damage":21,"enemies":"Giant Head","floor":46,"turns":9},{"damage":101,"enemies":"Reptomancer","floor":48,"turns":3}],"seed_played":"-3524580692505666639","potions_obtained":[{"floor":3,"key":"FairyPotion"},{"floor":11,"key":"Poison Potion"},{"floor":16,"key":"Fire Potion"},{"floor":23,"key":"PowerPotion"},{"floor":30,"key":"Regen Potion"}],"is_trial":false,"path_per_floor":["M","?","M","?","?","E","R","E","T","R","M","R","E","T","R","B",null,"M","?","M","$","?","E","$","E","T","R","?","?","E","T","R","B",null,"M","?","?","?","T","E","$","R","T","R","T","E","R","E"],"character_chosen":"THE_SILENT","items_purchased":["Kunai","Fruit Juice","Dramatic Entrance+1","FossilizedHelix","Frozen Eye","Quick Slash+1","Prepared"],"campfire_rested":7,"item_purchase_floors":[21,21,21,41,41,41,41],"current_hp_per_floor":[77,77,77,77,62,35,58,50,50,73,73,73,66,66,66,44,77,71,71,63,63,63,41,41,15,15,39,39,39,28,38,65,36,92,84,84,84,84,84,9,9,36,36,65,65,44,74,0],"gold":55,"neow_bonus":"TEN_PERCENT_HP_BONUS","is_prod":false,"is_daily":false,"chose_seed":false,"campfire_upgraded":2,"win_rate":0,"timestamp":1543427057,"path_taken":["M","?","M","?","?","E","R","E","T","R","M","R","E","?","R","BOSS","M","?","?","?","?","E","?","E","T","R","?","?","E","?","R","BOSS","M","?","?","?","?","E","$","R","T","R","?","E","R","E"],"build_version":"2018-11-15","purchased_purges":0,"victory":false,"max_hp_per_floor":[77,77,77,77,77,77,77,77,77,77,77,77,77,77,77,77,77,77,77,77,77,77,82,82,82,82,82,82,82,82,92,92,92,92,92,92,92,92,92,92,92,92,92,94,94,94,96,96],"card_choices":[{"not_picked":["Blade Dance","PiercingWail"],"picked":"Deadly Poison","floor":1},{"not_picked":["Bane","Masterful Stab"],"picked":"Acrobatics","floor":3},{"not_picked":["Wraith Form v2","Dodge and Roll"],"picked":"Leg Sweep","floor":6},{"not_picked":["Wraith Form v2","Corpse Explosion"],"picked":"Caltrops","floor":8},{"not_picked":["Backflip","Flying Knee+1"],"picked":"Backstab+1","floor":11},{"not_picked":["Blade Dance","Dagger Throw+1"],"picked":"All Out Attack+1","floor":13},{"not_picked":["A Thousand Cuts","Night Terror"],"picked":"Tools of the Trade","floor":16},{"not_picked":["Heel Hook+1","Distraction"],"picked":"Poisoned Stab+1","floor":18},{"not_picked":["Flechettes+1","Outmaneuver"],"picked":"Cloak And Dagger+1","floor":20},{"not_picked":["Catalyst","Tools of the Trade"],"picked":"Well Laid Plans+1","floor":23},{"not_picked":["Distraction","Prepared"],"picked":"Quick Slash+1","floor":25},{"not_picked":["Blade Dance","Calculated Gamble"],"picked":"Predator+1","floor":30},{"not_picked":["Storm of Steel","Grand Finale+1"],"picked":"Phantasmal Killer","floor":33},{"not_picked":[],"picked":"Flying Knee+1","floor":35},{"not_picked":[],"picked":"Blur+1","floor":40},{"not_picked":[],"picked":"Dagger Throw+1","floor":42},{"not_picked":["Flechettes+1"],"picked":"Singing Bowl","floor":44},{"not_picked":[],"picked":"Riddle With Holes+1","floor":46},{"not_picked":["Backflip"],"picked":"Singing Bowl","floor":47}],"player_experience":220251,"relics_obtained":[{"floor":6,"key":"Singing Bowl"},{"floor":8,"key":"Art of War"},{"floor":9,"key":"Molten Egg 2"},{"floor":13,"key":"Blue Candle"},{"floor":14,"key":"Mummified Hand"},{"floor":17,"key":"Omamori"},{"floor":17,"key":"Shuriken"},{"floor":17,"key":"WingedGreaves"},{"floor":23,"key":"Torii"},{"floor":25,"key":"Juzu Bracelet"},{"floor":26,"key":"Mercury Hourglass"},{"floor":30,"key":"Old Coin"},{"floor":31,"key":"Pear"},{"floor":39,"key":"Ancient Tea Set"},{"floor":40,"key":"Dream Catcher"},{"floor":43,"key":"Ninja Scroll"},{"floor":45,"key":"The Courier"},{"floor":46,"key":"Snake Skull"}],"event_choices":[{"damage_healed":0,"gold_gain":0,"player_choice":"Grow","damage_taken":0,"max_hp_gain":0,"max_hp_loss":0,"event_name":"Living Wall","floor":2,"gold_loss":0,"cards_upgraded":["Neutralize"]},{"damage_healed":0,"gold_gain":0,"player_choice":"Ignored","damage_taken":0,"max_hp_gain":0,"max_hp_loss":0,"event_name":"Golden Wing","floor":4,"gold_loss":0},{"damage_healed":0,"gold_gain":0,"player_choice":"Entered Light","damage_taken":15,"max_hp_gain":0,"max_hp_loss":0,"event_name":"Shining Light","floor":5,"gold_loss":0,"cards_upgraded":["Strike_G","Defend_G"]},{"damage_healed":0,"gold_gain":0,"player_choice":"Copied","damage_taken":0,"max_hp_gain":0,"max_hp_loss":0,"event_name":"Duplicator","floor":19,"gold_loss":0,"cards_obtained":["Caltrops"]},{"damage_healed":0,"gold_gain":0,"player_choice":"Read","damage_taken":0,"max_hp_gain":0,"max_hp_loss":0,"event_name":"The Library","floor":22,"gold_loss":0,"cards_obtained":["A Thousand Cuts"]},{"damage_healed":0,"gold_gain":0,"player_choice":"Gave Potion","damage_taken":0,"relics_obtained":["Gremlin Horn"],"max_hp_gain":0,"max_hp_loss":0,"event_name":"WeMeetAgain","floor":28,"gold_loss":0},{"damage_healed":0,"gold_gain":0,"player_choice":"Cursed","damage_taken":0,"max_hp_gain":0,"max_hp_loss":0,"event_name":"Wheel of Change","floor":29,"gold_loss":0,"cards_obtained":["Decay"]},{"cards_removed":["All Out Attack"],"damage_healed":0,"gold_gain":0,"player_choice":"Removed Attack","damage_taken":0,"max_hp_gain":0,"max_hp_loss":0,"event_name":"Falling","floor":36,"gold_loss":0},{"damage_healed":0,"gold_gain":0,"player_choice":"Bought 0 Potions","damage_taken":0,"max_hp_gain":0,"max_hp_loss":0,"event_name":"The Woman in Blue","floor":37,"gold_loss":0},{"damage_healed":0,"gold_gain":0,"player_choice":"Upgrade","damage_taken":0,"max_hp_gain":0,"max_hp_loss":0,"event_name":"Designer","floor":38,"gold_loss":40,"cards_upgraded":["A Thousand Cuts"]}],"is_beta":false,"boss_relics":[{"not_picked":["Orrery","Velvet Choker"],"picked":"Calling Bell"},{"not_picked":["Eternal Feather","Runic Dome"],"picked":"Busted Crown"}],"items_purged_floors":[],"is_endless":false,"potions_floor_spawned":[3,11,16,23,30,33,35],"killed_by":"Reptomancer","ascension_level":1}