{"gold_per_floor":[118,118,131,146,146,146,158,158,183,213,240,427,439,476,488,500],"floor_reached":16,"playtime":860,"items_purged":[],"score":122,"play_id":"4a266451-f9c8-4d1e-9278-0a79e61e0640","local_time":"20180903145720","is_ascension_mode":true,"campfire_choices":[{"data":"Dodge and Roll","floor":6,"key":"SMITH"},{"data":"Defend_G","floor":8,"key":"SMITH"},{"data":"Terror","floor":15,"key":"SMITH"}],"neow_cost":"TEN_PERCENT_HP_LOSS","seed_source_timestamp":12353775075992,"circlet_count":0,"master_deck":["Defend_G","Defend_G","Defend_G","Defend_G+1","Strike_G","Strike_G","Strike_G","Survivor","Neutralize+1","Acrobatics","Dodge and Roll+1","Leg Sweep","Flying Knee","Doubt","Terror+1"],"relics":["Ring of the Snake","MawBank","Golden Idol"],"potions_floor_usage":[16],"damage_taken":[{"damage":2,"enemies":"Cultist","floor":1,"turns":5},{"damage":1,"enemies":"Jaw Worm","floor":3,"turns":5},{"damage":0,"enemies":"Small Slimes","floor":4,"turns":6},{"damage":2,"enemies":"3 Louse","floor":7,"turns":6},{"damage":0,"enemies":"Looter","floor":10,"turns":4},{"damage":1,"enemies":"Blue Slaver","floor":11,"turns":6},{"damage":9,"enemies":"Large Slime","floor":14,"turns":12},{"damage":54,"enemies":"Slime Boss","floor":16,"turns":16}],"seed_played":"-7874618124508683433","potions_obtained":[{"floor":4,"key":"PowerPotion"},{"floor":7,"key":"LiquidBronze"},{"floor":11,"key":"SpeedPotion"},{"floor":14,"key":"SpeedPotion"}],"is_trial":false,"path_per_floor":["M","?","M","M","?","R","M","R","T","M","M","?","?","M","R"],"character_chosen":"THE_SILENT","items_purchased":[],"campfire_rested":0,"item_purchase_floors":[],"current_hp_per_floor":[61,54,53,53,53,53,51,51,51,51,50,50,50,41,41,0],"gold":500,"neow_bonus":"REMOVE_TWO","is_prod":false,"is_daily":false,"chose_seed":false,"campfire_upgraded":3,"win_rate":0,"timestamp":1535983040,"path_taken":["M","?","M","M","?","R","M","R","T","M","M","?","?","M","R","BOSS"],"build_version":"2018-08-30","purchased_purges":0,"victory":false,"max_hp_per_floor":[63,63,63,63,63,63,63,63,63,63,63,63,58,58,58,58],"card_choices":[{"not_picked":["Prepared","Reflex"],"picked":"Acrobatics","floor":1},{"not_picked":["Quick Slash","Catalyst"],"picked":"Dodge and Roll","floor":3},{"not_picked":["Dagger Throw","Caltrops","Prepared"],"picked":"SKIP","floor":4},{"not_picked":["Expertise","Night Terror","Prepared"],"picked":"SKIP","floor":7},{"not_picked":["Sucker Punch","Accuracy"],"picked":"Leg Sweep","floor":10},{"not_picked":["Calculated Gamble","Setup"],"picked":"Flying Knee","floor":11},{"not_picked":["Masterful Stab","Reflex"],"picked":"Terror","floor":14}],"player_experience":308408,"relics_obtained":[{"floor":9,"key":"MawBank"}],"event_choices":[{"event_name":"Golden Wing","player_choice":"Card Removal","floor":2,"damage_taken":0},{"event_name":"Living Wall","player_choice":"Grow","floor":5,"damage_taken":0},{"event_name":"Liars Game","player_choice":"agreed","floor":12,"damage_taken":0},{"event_name":"Golden Idol","player_choice":"Lose Max HP","floor":13,"damage_taken":0}],"is_beta":false,"boss_relics":[],"items_purged_floors":[],"is_endless":false,"potions_floor_spawned":[4,7,11,14],"killed_by":"Slime Boss","ascension_level":6}