{"gold_per_floor":[117,117,131,145,145,145,160,179,179,2,37,50,50,125,125,221,221,235,218,69,81,93,93,93],"floor_reached":24,"playtime":1642,"items_purged":["Strike_R"],"score":240,"play_id":"0eae9ad5-6375-465f-93ef-471318522cdb","local_time":"20180813002420","is_ascension_mode":true,"campfire_choices":[{"data":"Bash","floor":6,"key":"SMITH"},{"floor":15,"key":"REST"},{"floor":23,"key":"REST"}],"neow_cost":"NONE","seed_source_timestamp":255040076068007,"circlet_count":0,"master_deck":["Strike_R","Strike_R+1","Defend_R","Defend_R","Defend_R","Defend_R","Bash+1","Rage+1","Brutality","Armaments","Feel No Pain","Dropkick","Shrug It Off","Dark Embrace","Exhume","Battle Trance","Flex","Warcry","Flex+1"],"relics":["Burning Blood","Dream Catcher","Red Skull","Black Star","Oddly Smooth Stone"],"potions_floor_usage":[11,16,21,22,22,22,24,24,24],"damage_taken":[{"damage":5,"enemies":"2 Louse","floor":1,"turns":4},{"damage":4,"enemies":"Cultist","floor":3,"turns":4},{"damage":0,"enemies":"Small Slimes","floor":4,"turns":3},{"damage":17,"enemies":"Exordium Wildlife","floor":7,"turns":6},{"damage":8,"enemies":"Red Slaver","floor":8,"turns":3},{"damage":35,"enemies":"Lagavulin","floor":11,"turns":8},{"damage":0,"enemies":"2 Fungi Beasts","floor":12,"turns":4},{"damage":37,"enemies":"The Guardian","floor":16,"turns":15},{"damage":31,"enemies":"Shell Parasite","floor":18,"turns":12},{"damage":19,"enemies":"2 Thieves","floor":19,"turns":4},{"damage":20,"enemies":"Centurion and Healer","floor":21,"turns":9},{"damage":24,"enemies":"3 Cultists","floor":22,"turns":8},{"damage":50,"enemies":"Book of Stabbing","floor":24,"turns":5}],"seed_played":"4867617561018998326","potions_obtained":[{"floor":4,"key":"EntropicBrew"},{"floor":8,"key":"EntropicBrew"},{"floor":12,"key":"AttackPotion"},{"floor":16,"key":"Swift Potion"},{"floor":22,"key":"SneckoOil"}],"is_trial":false,"path_per_floor":["M","?","M","M","?","R","M","M","T","$","E","M","$","?","R","B",null,"M","M","$","M","M","R"],"character_chosen":"IRONCLAD","items_purchased":["Dropkick","Shrug It Off","Oddly Smooth Stone"],"campfire_rested":2,"item_purchase_floors":[10,10,20],"current_hp_per_floor":[80,80,80,80,64,64,53,51,51,51,22,28,28,17,41,10,80,55,42,42,28,10,34,0],"gold":93,"neow_bonus":"REMOVE_CARD","is_prod":false,"is_daily":false,"chose_seed":false,"campfire_upgraded":1,"win_rate":0,"timestamp":1534116260,"path_taken":["M","?","M","M","?","R","M","?","T","$","E","M","?","?","R","BOSS","M","?","$","M","M","R","E"],"build_version":"2018-08-09","purchased_purges":1,"victory":false,"max_hp_per_floor":[80,80,80,80,80,80,80,80,80,80,80,80,80,80,80,80,80,80,80,80,80,80,80,80],"card_choices":[{"not_picked":["Anger","Heavy Blade"],"picked":"Rage","floor":1},{"not_picked":["Body Slam","Cleave","Sword Boomerang"],"picked":"SKIP","floor":3},{"not_picked":["Headbutt","Havoc"],"picked":"Brutality","floor":4},{"not_picked":["Havoc","Anger"],"picked":"Armaments","floor":7},{"not_picked":["Power Through","Sword Boomerang"],"picked":"Feel No Pain","floor":8},{"not_picked":["Dropkick","Heavy Blade"],"picked":"Dark Embrace","floor":11},{"not_picked":["Uppercut","Clothesline","Spot Weakness"],"picked":"SKIP","floor":12},{"not_picked":["Feed","Reaper"],"picked":"Exhume","floor":16},{"not_picked":["Infernal Blade","Clash+1"],"picked":"Battle Trance","floor":18},{"not_picked":["Second Wind","Hemokinesis"],"picked":"Flex","floor":19},{"not_picked":["Feel No Pain","True Grit","Rupture"],"picked":"SKIP","floor":21},{"not_picked":["Bloodletting","Sever Soul"],"picked":"Warcry","floor":22},{"not_picked":["Twin Strike","Body Slam"],"picked":"Flex+1","floor":23}],"player_experience":259507,"relics_obtained":[{"floor":9,"key":"Dream Catcher"},{"floor":11,"key":"Red Skull"}],"event_choices":[{"event_name":"Purifier","player_choice":"One Purge","floor":2,"damage_taken":0},{"event_name":"Shining Light","player_choice":"Entered Light","floor":5,"damage_taken":0},{"event_name":"World of Goop","player_choice":"Gather Gold","floor":14,"damage_taken":0}],"is_beta":false,"boss_relics":[{"not_picked":["Pandora\u0027s Box","Runic Dome"],"picked":"Black Star"}],"items_purged_floors":[10],"is_endless":false,"potions_floor_spawned":[4,8,12,16,22],"killed_by":"Book of Stabbing","ascension_level":4}