{"path_per_floor":["M","?","?","M","?","R","E","M","T","R","M","M","$","E","R","B",null,"M","M","?","M","?","R","$","E","T","?","R","$","M","M","R","B",null,"M","?","?","$","M","R","M","R","T","E","R","M","E","M","R","B"],"character_chosen":"THE_SILENT","items_purchased":["Thread and Needle","Finesse","Well Laid Plans","Prepared","Gambling Chip","Well Laid Plans"],"gold_per_floor":[119,119,119,144,394,394,434,455,478,478,491,510,24,60,60,186,186,205,223,223,244,244,244,122,158,158,73,73,73,88,106,106,229,229,245,578,625,144,162,162,182,182,236,265,265,282,317,337,337,337],"floor_reached":51,"campfire_rested":1,"playtime":5264,"current_hp_per_floor":[63,63,48,48,48,48,31,23,23,41,35,34,34,34,34,18,63,55,53,53,52,52,52,52,52,52,52,52,52,52,52,52,52,63,63,63,63,63,63,63,63,63,63,63,63,53,51,51,51,51],"items_purged":["Regret","Strike_G"],"gold":337,"score":1112,"play_id":"f63f3ebe-8c2b-4150-9799-3bd12a04951e","local_time":"20180417234945","is_prod":false,"is_daily":false,"chose_seed":false,"is_ascension_mode":true,"campfire_upgraded":9,"timestamp":1524005385,"path_taken":["M","?","?","M","?","R","E","M","T","R","M","?","$","E","R","BOSS","M","M","?","M","?","R","$","E","T","?","R","$","M","M","R","BOSS","M","?","?","$","M","R","M","R","T","E","R","M","E","?","R","BOSS"],"build_version":"2018-04-12","seed_source_timestamp":462966575881291,"purchased_purges":2,"victory":true,"master_deck":["Defend_G","Defend_G","Defend_G","Defend_G","Defend_G+1","Strike_G","Strike_G","Neutralize+1","Noxious Fumes+1","Backflip","Blur+1","Noxious Fumes+1","Dodge and Roll+1","Acrobatics","Finesse","Wraith Form v2+1","Corpse Explosion+1","Malaise+1","Footwork+1","Well Laid Plans","Prepared+1","Backflip+1","Adrenaline","Envenom+1","Bane+1","Distraction+1","Glass Knife+1","Bane","Flying Knee","Well Laid Plans","Cloak And Dagger+1","Quick Slash+1","Leg Sweep+1","Bouncing Flask","Quick Slash+1"],"max_hp_per_floor":[63,63,63,63,63,63,63,63,63,63,63,63,63,63,63,63,63,63,63,63,63,63,63,63,63,63,63,63,63,63,63,63,63,63,63,63,63,63,63,63,63,63,63,63,63,63,63,63,63,63],"relics":["Ring of the Snake","Calipers","Ancient Tea Set","War Paint","Thread and Needle","Prayer Wheel","Sozu","Dream Catcher","Omamori","Bag of Preparation","Lantern","Astrolabe","Torii","Gambling Chip","Vajra","Darkstone Periapt","Paper Crane"],"card_choices":[{"not_picked":["Heel Hook","Dash"],"picked":"Noxious Fumes","floor":1},{"not_picked":["Outmaneuver","Dagger Throw"],"picked":"Backflip","floor":4},{"not_picked":["PiercingWail","Leg Sweep"],"picked":"Blur","floor":7},{"not_picked":["Terror","Cloak And Dagger"],"picked":"Noxious Fumes","floor":8},{"not_picked":["Sucker Punch","Setup"],"picked":"Dodge and Roll","floor":11},{"not_picked":["Choke","Blade Dance"],"picked":"Acrobatics","floor":12},{"not_picked":["Slice","Cloak And Dagger"],"picked":"Wraith Form v2","floor":14},{"not_picked":["Phantasmal Killer","After Image"],"picked":"Corpse Explosion","floor":16},{"not_picked":["Cloak And Dagger","Prepared"],"picked":"Malaise","floor":18},{"not_picked":["Deflect","Reflex"],"picked":"Footwork","floor":19},{"not_picked":["Caltrops","Prepared"],"picked":"Backflip","floor":25},{"not_picked":["Flechettes","Acrobatics"],"picked":"Adrenaline","floor":31},{"not_picked":["Tools of the Trade","After Image"],"picked":"Envenom","floor":33},{"not_picked":["Skewer","Choke"],"picked":"Bane","floor":35},{"not_picked":["Malaise","Choke"],"picked":"Flying Knee","floor":37},{"not_picked":["Dagger Throw","Deadly Poison"],"picked":"Cloak And Dagger","floor":39},{"not_picked":["Dodge and Roll","Concentrate"],"picked":"Quick Slash","floor":43},{"not_picked":["Dagger Throw","Finisher"],"picked":"Leg Sweep","floor":44},{"not_picked":["Crippling Poison","Dagger Spray"],"picked":"Bouncing Flask","floor":46},{"not_picked":["Concentrate","Dodge and Roll"],"picked":"Quick Slash","floor":47}],"player_experience":192801,"potions_floor_usage":[],"damage_taken":[{"damage":0,"enemies":"2 Louse","floor":1,"turns":3},{"damage":0,"enemies":"Cultist","floor":4,"turns":4},{"damage":17,"enemies":"3 Sentries","floor":7,"turns":7},{"damage":8,"enemies":"Jaw Worm","floor":8,"turns":5},{"damage":6,"enemies":"Large Slime","floor":11,"turns":6},{"damage":1,"enemies":"Blue Slaver","floor":12,"turns":5},{"damage":0,"enemies":"Lagavulin","floor":14,"turns":7},{"damage":16,"enemies":"Slime Boss","floor":16,"turns":12},{"damage":8,"enemies":"Spheric Guardian","floor":18,"turns":6},{"damage":2,"enemies":"3 Byrds","floor":19,"turns":5},{"damage":1,"enemies":"Snake Plant","floor":21,"turns":7},{"damage":0,"enemies":"Gremlin Leader","floor":25,"turns":8},{"damage":0,"enemies":"Chosen and Byrds","floor":30,"turns":6},{"damage":0,"enemies":"Snecko","floor":31,"turns":7},{"damage":0,"enemies":"Automaton","floor":33,"turns":12},{"damage":0,"enemies":"3 Shapes","floor":35,"turns":4},{"damage":0,"enemies":"Mysterious Sphere","floor":37,"turns":6},{"damage":0,"enemies":"3 Darklings","floor":39,"turns":4},{"damage":0,"enemies":"Maw","floor":41,"turns":8},{"damage":0,"enemies":"Giant Head","floor":44,"turns":7},{"damage":10,"enemies":"Sphere and 2 Shapes","floor":46,"turns":7},{"damage":2,"enemies":"Nemesis","floor":47,"turns":7},{"damage":0,"enemies":"4 Shapes","floor":48,"turns":6},{"damage":0,"enemies":"Time Eater","floor":50,"turns":12}],"event_choices":[{"event_name":"Upgrade Shrine","player_choice":"Upgraded","floor":2,"damage_taken":0},{"event_name":"Golden Idol","player_choice":"Take Damage","floor":3,"damage_taken":0},{"event_name":"Golden Shrine","player_choice":"Desecrate","floor":5,"damage_taken":0},{"event_name":"The Mausoleum","player_choice":"Yes","floor":20,"damage_taken":0},{"event_name":"Ghosts","player_choice":"Ignored","floor":22,"damage_taken":0},{"event_name":"Addict","player_choice":"Obtained Relic","floor":27,"damage_taken":0},{"event_name":"The Moai Head","player_choice":"Gave Idol","floor":36,"damage_taken":0},{"event_name":"Mysterious Sphere","player_choice":"Fight","floor":37,"damage_taken":0}],"boss_relics":[{"not_picked":["Orrery","Snecko Eye"],"picked":"Sozu"},{"not_picked":["Pandora\u0027s Box","White Beast Statue"],"picked":"Astrolabe"}],"potions_floor_spawned":[1,4,11,16,19,25,33,37,39,46,48],"seed_played":"-8124763431079038049","ascension_level":4,"is_trial":false}