{"gold_per_floor":[117,117,117,117,136,136,147,180,261,275,275,275,292,302,302,400,400,417,451,451,50,63,96,96,37,64,64,74,74,100,29,29,127,127,143,162,212,434,434,8,19,19,71,83,83,97,114,129,129,129],"floor_reached":51,"playtime":2602,"items_purged":["Strike_R","Pain"],"score":936,"play_id":"a3fb0ea3-8ab8-4ecc-9501-85b5e8bb9e66","local_time":"20180913145109","is_ascension_mode":true,"campfire_choices":[{"data":"Double Tap","floor":6,"key":"SMITH"},{"data":"Pommel Strike","floor":12,"key":"SMITH"},{"data":"Armaments","floor":15,"key":"SMITH"},{"data":"Intimidate","floor":24,"key":"SMITH"},{"data":"Armaments","floor":32,"key":"SMITH"},{"data":"Metallicize","floor":42,"key":"SMITH"},{"data":"Panache","floor":45,"key":"SMITH"},{"data":"Inflame","floor":49,"key":"SMITH"}],"neow_cost":"TEN_PERCENT_HP_LOSS","seed_source_timestamp":84940500253826,"circlet_count":0,"master_deck":["Strike_R+1","Strike_R+1","Strike_R+1","Strike_R+1","Defend_R+1","Defend_R+1","Defend_R+1","Defend_R+1","Bash+1","Double Tap+1","Shrug It Off","Shrug It Off","Pommel Strike+1","Battle Trance","Armaments+1","Disarm","Offering","Cleave+1","Flex","Intimidate+1","Searing Blow+1","Armaments+1","Exhume","Evolve","Feel No Pain+1","Panache+1","Metallicize+1","Inflame+1","Iron Wave+1","Whirlwind+1"],"relics":["Burning Blood","Strawberry","Bag of Marbles","Darkstone Periapt","Mercury Hourglass","Velvet Choker","Red Mask","Membership Card","Oddly Smooth Stone","Pen Nib","The Courier","Potion Belt","Vajra","WarpedTongs","Lantern","Black Star","StoneCalendar","Bird Faced Urn","Sundial","Red Skull","Orichalcum"],"potions_floor_usage":[14,16,19,23,23,33,37,48,50,50,50],"damage_taken":[{"damage":10,"enemies":"2 Louse","floor":1,"turns":3},{"damage":1,"enemies":"Cultist","floor":5,"turns":3},{"damage":7,"enemies":"Jaw Worm","floor":7,"turns":3},{"damage":32,"enemies":"Lagavulin","floor":8,"turns":5},{"damage":6,"enemies":"Red Slaver","floor":10,"turns":2},{"damage":12,"enemies":"3 Louse","floor":13,"turns":3},{"damage":0,"enemies":"Blue Slaver","floor":14,"turns":4},{"damage":2,"enemies":"The Guardian","floor":16,"turns":14},{"damage":21,"enemies":"2 Thieves","floor":18,"turns":4},{"damage":22,"enemies":"Masked Bandits","floor":19,"turns":4},{"damage":7,"enemies":"Colosseum Slavers","floor":20,"turns":3},{"damage":0,"enemies":"Chosen","floor":22,"turns":4},{"damage":9,"enemies":"Slavers","floor":23,"turns":4},{"damage":10,"enemies":"Centurion and Healer","floor":28,"turns":5},{"damage":8,"enemies":"Book of Stabbing","floor":30,"turns":3},{"damage":31,"enemies":"Collector","floor":33,"turns":7},{"damage":8,"enemies":"3 Darklings","floor":35,"turns":5},{"damage":9,"enemies":"Orb Walker","floor":36,"turns":3},{"damage":25,"enemies":"Mysterious Sphere","floor":37,"turns":4},{"damage":18,"enemies":"Spire Growth","floor":41,"turns":4},{"damage":3,"enemies":"3 Darklings","floor":44,"turns":2},{"damage":6,"enemies":"Maw","floor":46,"turns":7},{"damage":0,"enemies":"Sphere and 2 Shapes","floor":47,"turns":3},{"damage":0,"enemies":"Reptomancer","floor":48,"turns":3},{"damage":45,"enemies":"Donu and Deca","floor":50,"turns":8}],"seed_played":"-3894252115795643581","potions_obtained":[{"floor":8,"key":"EssenceOfSteel"},{"floor":10,"key":"Regen Potion"},{"floor":14,"key":"Fruit Juice"},{"floor":16,"key":"Explosive Potion"},{"floor":19,"key":"AttackPotion"},{"floor":22,"key":"Poison Potion"},{"floor":23,"key":"FearPotion"},{"floor":30,"key":"GamblersBrew"},{"floor":35,"key":"PowerPotion"},{"floor":37,"key":"LiquidBronze"},{"floor":41,"key":"Regen Potion"},{"floor":46,"key":"GamblersBrew"}],"is_trial":false,"path_per_floor":["M","?","?","?","M","R","M","E","T","M","T","R","M","M","R","B",null,"M","?","?","$","M","E","R","$","T","?","M","?","E","$","R","B",null,"M","M","?","?","?","$","M","R","T","M","R","M","M","M","R","B"],"character_chosen":"IRONCLAD","items_purchased":["Membership Card","Oddly Smooth Stone","Pen Nib","Potion Belt","Armaments","Metallicize","Bird Faced Urn","Sundial","Red Skull","LiquidBronze"],"campfire_rested":0,"item_purchase_floors":[21,21,21,25,31,40,40,40,40,40],"current_hp_per_floor":[68,68,75,68,73,73,72,46,46,46,46,46,40,51,51,55,77,62,46,45,45,51,60,60,60,60,66,62,62,60,60,60,35,76,74,71,52,52,52,52,48,48,48,51,51,61,71,83,83,70],"gold":129,"neow_bonus":"THREE_RARE_CARDS","is_prod":false,"is_daily":false,"chose_seed":false,"campfire_upgraded":8,"win_rate":0,"timestamp":1536846669,"path_taken":["M","?","?","?","M","R","M","E","T","M","?","R","M","?","R","BOSS","M","?","?","$","M","E","R","$","T","?","M","?","E","?","R","BOSS","M","M","?","?","?","$","M","R","T","M","R","M","M","M","R","BOSS"],"build_version":"2018-09-06","purchased_purges":2,"victory":true,"max_hp_per_floor":[72,72,79,79,79,79,79,79,79,79,79,79,79,84,84,84,84,84,84,84,84,84,84,84,84,84,90,90,90,90,90,90,90,90,90,90,90,90,90,90,90,90,90,90,90,90,90,90,90,90],"card_choices":[{"not_picked":["Exhume","Limit Break"],"picked":"Double Tap","floor":0},{"not_picked":["Perfected Strike","Anger"],"picked":"Shrug It Off","floor":1},{"not_picked":["Twin Strike","Dual Wield"],"picked":"Shrug It Off","floor":5},{"not_picked":["Perfected Strike","Warcry"],"picked":"Pommel Strike","floor":7},{"not_picked":["Brutality","Carnage","Perfected Strike"],"picked":"SKIP","floor":8},{"not_picked":["Clash","Sword Boomerang"],"picked":"Battle Trance","floor":10},{"not_picked":["Shockwave","Perfected Strike"],"picked":"Armaments","floor":13},{"not_picked":["Bloodletting","Body Slam"],"picked":"Disarm","floor":14},{"not_picked":["Fiend Fire","Immolate"],"picked":"Offering","floor":16},{"not_picked":["Clothesline","Wild Strike"],"picked":"Cleave+1","floor":18},{"not_picked":["Headbutt+1","Twin Strike+1"],"picked":"Flex","floor":22},{"not_picked":["Fiend Fire","Havoc"],"picked":"Intimidate","floor":23},{"not_picked":["Anger","Feel No Pain","Thunderclap+1"],"picked":"SKIP","floor":28},{"not_picked":["Sword Boomerang","Burning Pact+1"],"picked":"Searing Blow+1","floor":30},{"not_picked":["Bludgeon","Dark Embrace"],"picked":"Exhume","floor":33},{"not_picked":["Pommel Strike+1","Carnage+1","Clash+1"],"picked":"SKIP","floor":35},{"not_picked":["Searing Blow+1","Entrench"],"picked":"Evolve","floor":36},{"not_picked":["Shrug It Off","Wild Strike"],"picked":"Feel No Pain+1","floor":37},{"not_picked":["Bandage Up","The Bomb"],"picked":"Panache","floor":39},{"not_picked":["Headbutt","Clothesline","Twin Strike"],"picked":"SKIP","floor":41},{"not_picked":["Infernal Blade","Heavy Blade"],"picked":"Inflame","floor":44},{"not_picked":["Metallicize","Headbutt","Carnage+1"],"picked":"SKIP","floor":46},{"not_picked":["True Grit+1","Warcry"],"picked":"Iron Wave+1","floor":47},{"not_picked":["Shrug It Off+1","Body Slam+1"],"picked":"Whirlwind+1","floor":48}],"player_experience":358786,"relics_obtained":[{"floor":8,"key":"Bag of Marbles"},{"floor":9,"key":"Darkstone Periapt"},{"floor":11,"key":"Mercury Hourglass"},{"floor":19,"key":"Red Mask"},{"floor":23,"key":"The Courier"},{"floor":26,"key":"Vajra"},{"floor":30,"key":"Lantern"},{"floor":37,"key":"StoneCalendar"},{"floor":43,"key":"Orichalcum"}],"event_choices":[{"event_name":"Living Wall","player_choice":"Grow","floor":2,"damage_taken":0},{"event_name":"Big Fish","player_choice":"Box","floor":3,"damage_taken":0},{"event_name":"Golden Wing","player_choice":"Card Removal","floor":4,"damage_taken":0},{"event_name":"Masked Bandits","player_choice":"Fought Bandits","floor":19,"damage_taken":0},{"event_name":"Colosseum","player_choice":"Fight","floor":20,"damage_taken":0},{"event_name":"Colosseum","player_choice":"Fled From Nobs","floor":20,"damage_taken":0},{"event_name":"Accursed Blacksmith","player_choice":"Rummage","floor":27,"damage_taken":0},{"event_name":"Back to Basics","player_choice":"Simplicity","floor":29,"damage_taken":0},{"event_name":"Mysterious Sphere","player_choice":"Fight","floor":37,"damage_taken":0},{"event_name":"Tomb of Lord Red Mask","player_choice":"Wore Mask","floor":38,"damage_taken":0},{"event_name":"SensoryStone","player_choice":"Memory 1","floor":39,"damage_taken":0}],"is_beta":false,"boss_relics":[{"not_picked":["Tiny House","Runic Dome"],"picked":"Velvet Choker"},{"not_picked":["Astrolabe","Coffee Dripper"],"picked":"Black Star"}],"items_purged_floors":[21,31],"is_endless":false,"potions_floor_spawned":[8,10,14,16,19,22,23,30,35,37,41,46],"ascension_level":6}