{"path_per_floor":["M","?","M","M","M","R","?","$","T","R","M","R","E","M","R","B",null,"M","$","M","M","?","R","E","R","T","?","R","M","?","E","R","B",null,"M","M","$","M","M","R","M","R","T","E","$","M","?","M","R","B"],"character_chosen":"IRONCLAD","items_purchased":["Armaments","Battle Trance","Whirlwind","Good Instincts","Dropkick","Shuriken"],"gold_per_floor":[118,118,133,153,171,171,171,41,41,41,55,55,91,111,111,236,236,261,106,127,151,51,51,94,94,94,94,94,112,112,145,145,265,265,281,304,172,190,215,215,236,236,259,297,49,65,134,158,158,158],"floor_reached":51,"campfire_rested":1,"playtime":3543,"current_hp_per_floor":[77,77,80,80,80,80,60,60,60,60,63,63,57,62,62,61,80,70,70,49,52,52,60,36,44,44,44,52,54,54,37,45,10,80,80,80,80,80,72,80,70,80,80,79,79,80,44,36,72,33],"items_purged":["Strike_R"],"gold":158,"score":570,"play_id":"8be687e1-6086-413b-9e07-d85055062d26","local_time":"20180303192941","is_prod":false,"is_daily":false,"is_ascension_mode":true,"campfire_upgraded":9,"timestamp":1520105381,"path_taken":["M","?","M","M","M","R","?","$","T","R","M","R","E","M","R","BOSS","M","$","M","M","?","R","E","R","T","?","R","?","?","E","R","BOSS","M","M","$","M","M","R","?","R","T","E","$","M","?","M","R","BOSS"],"build_version":"2018-03-01-PROD1","purchased_purges":1,"victory":true,"master_deck":["Strike_R","Strike_R","Strike_R+1","Defend_R","Defend_R","Defend_R+1","Defend_R+1","Bash+1","Shockwave+1","Anger+1","Body Slam+1","Armaments+1","Battle Trance+1","Thunderclap","Berserk+1","Shrug It Off+1","Whirlwind+1","Disarm+1","Shrug It Off+1","J.A.X.","Iron Wave","Inflame+1","Flex","Flex+1","Barricade+1","Shrug It Off+1","Flame Barrier+1","Good Instincts+1","Dropkick","Body Slam","Anger+1","Feel No Pain+1","Seeing Red+1","Heavy Blade"],"max_hp_per_floor":[80,80,80,80,80,80,80,80,80,80,80,80,80,80,80,80,80,80,80,80,80,80,80,80,80,80,80,80,80,80,80,80,80,80,80,80,80,80,80,80,80,80,80,80,80,80,80,80,80,80],"relics":["Burning Blood","War Paint","Golden Idol","Peace Pipe","Orichalcum","Eternal Feather","Whetstone","Unceasing Top","Anchor","Toxic Egg 2","Sozu","Omamori","Blood Vial","Shuriken","Shovel"],"card_choices":[{"not_picked":["Headbutt","Impervious"],"picked":"Shockwave"},{"not_picked":["True Grit","Pummel"],"picked":"Anger"},{"not_picked":["Thunderclap","Wild Strike"],"picked":"Body Slam"},{"not_picked":["Reckless Charge","Cleave"],"picked":"Thunderclap"},{"not_picked":["Exhume","Reaper"],"picked":"Berserk"},{"not_picked":["True Grit","Headbutt"],"picked":"Shrug It Off"},{"not_picked":["Sword Boomerang","Blood for Blood"],"picked":"Disarm"},{"not_picked":["Headbutt","Pummel"],"picked":"Shrug It Off"},{"not_picked":["Dual Wield","Pummel"],"picked":"Iron Wave"},{"not_picked":["Cleave","Armaments"],"picked":"Inflame"},{"not_picked":["Entrench","Shrug It Off"],"picked":"Flex"},{"not_picked":["Immolate","Brutality"],"picked":"Barricade"},{"not_picked":["Headbutt","Wild Strike"],"picked":"Shrug It Off"},{"not_picked":["Thunderclap","Wild Strike"],"picked":"Flame Barrier"},{"not_picked":["Havoc","Cleave"],"picked":"Body Slam"},{"not_picked":["Power Through","Disarm"],"picked":"Anger"},{"not_picked":["Shockwave","Warcry"],"picked":"Feel No Pain"},{"not_picked":["Body Slam","Thunderclap"],"picked":"Seeing Red"},{"not_picked":["Flame Barrier","Havoc"],"picked":"Heavy Blade"}],"player_experience":139552,"potions_floor_usage":[50],"damage_taken":[{"damage":9.0,"enemies":"Jaw Worm","floor":1.0,"turns":4.0},{"damage":0.0,"enemies":"Cultist","floor":3.0,"turns":4.0},{"damage":0.0,"enemies":"Small Slimes","floor":4.0,"turns":3.0},{"damage":2.0,"enemies":"Looter","floor":5.0,"turns":3.0},{"damage":3.0,"enemies":"3 Louse","floor":11.0,"turns":3.0},{"damage":12.0,"enemies":"3 Sentries","floor":13.0,"turns":7.0},{"damage":1.0,"enemies":"Blue Slaver","floor":14.0,"turns":2.0},{"damage":7.0,"enemies":"Hexaghost","floor":16.0,"turns":9.0},{"damage":16.0,"enemies":"Shell Parasite","floor":18.0,"turns":6.0},{"damage":27.0,"enemies":"2 Thieves","floor":20.0,"turns":5.0},{"damage":3.0,"enemies":"Snake Plant","floor":21.0,"turns":7.0},{"damage":30.0,"enemies":"Slavers","floor":24.0,"turns":5.0},{"damage":4.0,"enemies":"Chosen and Byrds","floor":29.0,"turns":5.0},{"damage":23.0,"enemies":"Gremlin Leader","floor":31.0,"turns":6.0},{"damage":41.0,"enemies":"Automaton","floor":33.0,"turns":9.0},{"damage":3.0,"enemies":"3 Shapes","floor":35.0,"turns":3.0},{"damage":3.0,"enemies":"Orb Walker","floor":36.0,"turns":3.0},{"damage":3.0,"enemies":"3 Darklings","floor":38.0,"turns":5.0},{"damage":14.0,"enemies":"Maw","floor":39.0,"turns":8.0},{"damage":16.0,"enemies":"4 Shapes","floor":41.0,"turns":4.0},{"damage":7,"enemies":"Giant Head","floor":44,"turns":8},{"damage":4,"enemies":"Sphere and 2 Shapes","floor":46,"turns":6},{"damage":42,"enemies":"Mysterious Sphere","floor":47,"turns":8},{"damage":16,"enemies":"Maw","floor":48,"turns":6},{"damage":47,"enemies":"Time Eater","floor":50,"turns":11}],"event_choices":[{"event_name":"Accursed Blacksmith","player_choice":"Forge","floor":2.0,"damage_taken":0.0},{"event_name":"Golden Idol","player_choice":"Take Damage","floor":7.0,"damage_taken":0.0},{"event_name":"Drug Dealer","player_choice":"Got JAXXED","floor":22.0,"damage_taken":0.0},{"event_name":"The Mausoleum","player_choice":"Yes","floor":27.0,"damage_taken":0.0},{"event_name":"The Library","player_choice":"Read","floor":30.0,"damage_taken":0.0},{"event_name":"Mysterious Sphere","player_choice":"Fight","floor":47,"damage_taken":0}],"boss_relics":[],"potions_floor_spawned":[4,5,13,14,18,29,31,33,35,39,41,46,48],"seed_played":"-8309742672893990679","ascension_level":1,"is_trial":false}