{"gold_per_floor":[117,117,292,302,282,282,299,299,299,12,40,60,60,70,70,142,142,155,167,180,180,280,280,307,307,362,397,397,467,478,377,377,453,453,466,521,521,75,94,94,70,70,70,90,108,108,108,118,118,118],"floor_reached":51,"playtime":3098,"items_purged":["Doubt","Decay"],"score":1169,"play_id":"0a0ca4d1-5c68-4e8e-9244-54eea189e708","local_time":"20190308235424","is_ascension_mode":true,"campfire_choices":[{"data":"Body Slam","floor":6,"key":"SMITH"},{"data":"Juggernaut","floor":8,"key":"SMITH"},{"data":"Battle Trance","floor":13,"key":"SMITH"},{"data":"Ghostly Armor","floor":15,"key":"SMITH"},{"data":"Entrench","floor":23,"key":"SMITH"},{"data":"Armaments","floor":25,"key":"SMITH"},{"data":"Body Slam","floor":32,"key":"SMITH"},{"floor":40,"key":"REST"},{"data":"Exhume","floor":42,"key":"SMITH"},{"data":"Battle Trance","floor":49,"key":"SMITH"}],"neow_cost":"NONE","seed_source_timestamp":23222332122111,"circlet_count":0,"master_deck":["AscendersBane","Strike_R","Strike_R","Strike_R","Defend_R","Defend_R","Defend_R","Defend_R","Bash","Juggernaut+1","Body Slam+1","Impervious","Battle Trance+1","Ghostly Armor+1","Ghostly Armor","Impervious","Body Slam+1","Warcry","Entrench+1","Limit Break","Metallicize+1","Armaments+1","Iron Wave","Necronomicurse","Injury","Warcry","Bludgeon","Shrug It Off","Shrug It Off","Exhume+1","Iron Wave","Regret","Battle Trance+1","Whirlwind+1","Flash of Steel"],"relics":["Burning Blood","Mercury Hourglass","Ornamental Fan","TheAbacus","Turnip","Cursed Key","Pocketwatch","Kunai","Shuriken","Anchor","Frozen Egg 2","Necronomicon","Mummified Hand","Lizard Tail","Girya","Thread and Needle","FossilizedHelix"],"potions_floor_usage":[11,11,16,16,33,33,44,50,50],"damage_taken":[{"damage":15,"enemies":"Small Slimes","floor":1,"turns":6},{"damage":2,"enemies":"2 Louse","floor":4,"turns":3},{"damage":1,"enemies":"Cultist","floor":7,"turns":4},{"damage":6,"enemies":"3 Sentries","floor":11,"turns":6},{"damage":2,"enemies":"Exordium Thugs","floor":12,"turns":3},{"damage":0,"enemies":"Blue Slaver","floor":14,"turns":4},{"damage":36,"enemies":"The Guardian","floor":16,"turns":8},{"damage":0,"enemies":"Shell Parasite","floor":18,"turns":5},{"damage":2,"enemies":"Chosen","floor":19,"turns":3},{"damage":12,"enemies":"Sentry and Sphere","floor":20,"turns":5},{"damage":3,"enemies":"Colosseum Slavers","floor":22,"turns":6},{"damage":0,"enemies":"Colosseum Nobs","floor":22,"turns":4},{"damage":0,"enemies":"Gremlin Leader","floor":24,"turns":6},{"damage":14,"enemies":"Slavers","floor":27,"turns":6},{"damage":0,"enemies":"3 Cultists","floor":30,"turns":4},{"damage":15,"enemies":"Champ","floor":33,"turns":8},{"damage":33,"enemies":"3 Darklings","floor":35,"turns":5},{"damage":19,"enemies":"2 Orb Walkers","floor":36,"turns":4},{"damage":0,"enemies":"Orb Walker","floor":39,"turns":2},{"damage":4,"enemies":"3 Darklings","floor":44,"turns":10},{"damage":18,"enemies":"Transient","floor":45,"turns":5},{"damage":0,"enemies":"Sphere and 2 Shapes","floor":48,"turns":4},{"damage":40,"enemies":"Awakened One","floor":50,"turns":10}],"seed_played":"768421910519597342","potions_obtained":[{"floor":4,"key":"AttackPotion"},{"floor":5,"key":"Energy Potion"},{"floor":11,"key":"Swift Potion"},{"floor":14,"key":"PowerPotion"},{"floor":18,"key":"EntropicBrew"},{"floor":19,"key":"Ancient Potion"},{"floor":30,"key":"Dexterity Potion"},{"floor":44,"key":"Strength Potion"}],"is_trial":false,"path_per_floor":["M","?","?","M","?","R","M","R","T","$","E","M","R","M","R","B",null,"M","M","M","?","?","R","E","R","T","E","?","T","M","$","R","B",null,"M","?","?","$","M","R","$","R","T","M","M","?","$","M","R","B",null],"character_chosen":"IRONCLAD","items_purchased":["TheAbacus","Battle Trance","Warcry","Thread and Needle","Shrug It Off","Iron Wave"],"campfire_rested":1,"item_purchase_floors":[10,10,31,38,38,41],"current_hp_per_floor":[59,41,41,45,45,45,50,50,50,50,50,54,54,60,60,30,64,70,74,68,68,75,75,75,75,75,67,51,51,57,57,57,48,68,41,28,28,28,34,56,56,56,56,65,53,53,53,59,59,25],"gold":118,"neow_bonus":"ONE_RANDOM_RARE_CARD","is_prod":false,"is_daily":false,"chose_seed":false,"campfire_upgraded":9,"win_rate":0,"timestamp":1552085664,"path_taken":["M","?","?","M","?","R","M","R","T","$","E","?","R","M","R","BOSS","M","M","M","?","?","R","E","R","T","E","?","?","M","$","R","BOSS","M","?","?","$","?","R","$","R","T","M","M","?","$","M","R","BOSS"],"build_version":"2019-01-23","purchased_purges":2,"victory":true,"max_hp_per_floor":[75,75,75,75,75,75,75,75,75,75,75,75,75,75,75,75,75,75,75,75,75,75,75,75,75,75,75,75,75,75,75,75,75,75,75,75,75,75,75,75,75,75,75,75,75,75,75,75,75,75],"card_choices":[{"not_picked":["Sword Boomerang","Heavy Blade"],"picked":"Body Slam","floor":1},{"not_picked":["Heavy Blade","Dropkick"],"picked":"Impervious","floor":4},{"not_picked":["Second Wind","Perfected Strike","Rage"],"picked":"SKIP","floor":7},{"not_picked":["Second Wind","Perfected Strike","Rage"],"picked":"SKIP","floor":7},{"not_picked":["Iron Wave","Pommel Strike"],"picked":"Ghostly Armor","floor":11},{"not_picked":["Rupture","Clash"],"picked":"Ghostly Armor","floor":12},{"not_picked":["Perfected Strike","Anger","Burning Pact"],"picked":"SKIP","floor":14},{"not_picked":["Brutality","Dark Embrace"],"picked":"Impervious","floor":16},{"not_picked":["Flex","Perfected Strike"],"picked":"Body Slam","floor":18},{"not_picked":["Iron Wave","Headbutt"],"picked":"Warcry","floor":19},{"not_picked":["Pummel","Anger","Clash"],"picked":"SKIP","floor":20},{"not_picked":["Thunderclap","Heavy Blade"],"picked":"Metallicize+1","floor":22},{"not_picked":["Thunderclap","Limit Break"],"picked":"Armaments","floor":24},{"not_picked":["Corruption+1","Dropkick"],"picked":"Iron Wave","floor":27},{"not_picked":["Sentinel","Clash","Hemokinesis"],"picked":"SKIP","floor":30},{"not_picked":["Demon Form+1","Reaper"],"picked":"Bludgeon","floor":33},{"not_picked":["Flex+1","Power Through","Blood for Blood"],"picked":"SKIP","floor":35},{"not_picked":["Headbutt","Warcry"],"picked":"Shrug It Off","floor":36},{"not_picked":["Second Wind","Corruption+1"],"picked":"Exhume","floor":39},{"not_picked":["Dual Wield","Headbutt"],"picked":"Battle Trance","floor":44},{"not_picked":["Armaments+1","Perfected Strike+1"],"picked":"Whirlwind+1","floor":45},{"not_picked":["PanicButton","Magnetism+1"],"picked":"Flash of Steel","floor":46},{"not_picked":["Searing Blow","True Grit","Headbutt"],"picked":"SKIP","floor":48}],"player_experience":701728,"relics_obtained":[{"floor":9,"key":"Ornamental Fan"},{"floor":11,"key":"Turnip"},{"floor":22,"key":"Pocketwatch"},{"floor":22,"key":"Kunai"},{"floor":24,"key":"Shuriken"},{"floor":26,"key":"Anchor"},{"floor":27,"key":"Frozen Egg 2"},{"floor":28,"key":"Necronomicon"},{"floor":29,"key":"Mummified Hand"},{"floor":36,"key":"Girya"},{"floor":43,"key":"FossilizedHelix"}],"event_choices":[{"damage_healed":0,"gold_gain":0,"player_choice":"Success","damage_taken":18,"relics_obtained":["Mercury Hourglass"],"max_hp_gain":0,"max_hp_loss":0,"event_name":"Scrap Ooze","floor":2,"gold_loss":0},{"damage_healed":0,"gold_gain":175,"player_choice":"AGREE","damage_taken":0,"max_hp_gain":0,"max_hp_loss":0,"event_name":"Liars Game","floor":3,"gold_loss":0,"cards_obtained":["Doubt"]},{"damage_healed":0,"gold_gain":0,"player_choice":"Bought 1 Potion","damage_taken":0,"max_hp_gain":0,"max_hp_loss":0,"event_name":"The Woman in Blue","floor":5,"gold_loss":0},{"damage_healed":0,"gold_gain":0,"cards_transformed":["Strike_R","Strike_R"],"player_choice":"Became Test Subject","damage_taken":0,"max_hp_gain":0,"max_hp_loss":0,"event_name":"Drug Dealer","floor":21,"gold_loss":0,"cards_obtained":["Entrench","Limit Break"]},{"damage_healed":0,"gold_gain":0,"player_choice":"Fight","damage_taken":0,"max_hp_gain":0,"max_hp_loss":0,"event_name":"Colosseum","floor":22,"gold_loss":0},{"damage_healed":0,"gold_gain":0,"player_choice":"Fought Nobs","damage_taken":0,"max_hp_gain":0,"max_hp_loss":0,"event_name":"Colosseum","floor":22,"gold_loss":0},{"damage_healed":0,"gold_gain":0,"player_choice":"Obtained Book","damage_taken":16,"max_hp_gain":0,"max_hp_loss":0,"event_name":"Cursed Tome","floor":28,"gold_loss":0},{"damage_healed":0,"gold_gain":0,"player_choice":"Fight","damage_taken":0,"max_hp_gain":0,"max_hp_loss":0,"event_name":"Mysterious Sphere","floor":36,"gold_loss":0},{"damage_healed":0,"gold_gain":0,"player_choice":"Ignored","damage_taken":0,"max_hp_gain":0,"max_hp_loss":0,"event_name":"SecretPortal","floor":37,"gold_loss":0},{"damage_healed":0,"gold_gain":0,"player_choice":"Memory 1","damage_taken":0,"max_hp_gain":0,"max_hp_loss":0,"event_name":"SensoryStone","floor":46,"gold_loss":0}],"is_beta":false,"boss_relics":[{"not_picked":["White Beast Statue","Black Star"],"picked":"Cursed Key"},{"not_picked":["Runic Dome","Pandora\u0027s Box"],"picked":"Lizard Tail"}],"items_purged_floors":[31,38],"is_endless":false,"potions_floor_spawned":[4,11,14,18,19,20,30,35,36,39,44],"ascension_level":14}