{"gold_per_floor":[117,128,52,22,34,34,51,51,51,95,111,124,149,180,180,303,303,323,238,261,186,205,205,304,304,304,304,342,342,204,219,219,350,413,426,426,426,62,82,82,415,415,415,425,436,446,154,167,167,167],"floor_reached":51,"playtime":3318,"items_purged":["Strike_G","Strike_G","Strike_G"],"score":704,"play_id":"8cc2d242-0adc-4609-84b0-a0e1f1c4d1d1","local_time":"20190325223809","is_ascension_mode":false,"campfire_choices":[{"data":"A Thousand Cuts","floor":6,"key":"SMITH"},{"floor":15,"key":"REST"},{"data":"After Image","floor":23,"key":"SMITH"},{"floor":25,"key":"REST"},{"floor":32,"key":"REST"},{"data":"Infinite Blades","floor":42,"key":"SMITH"},{"data":"Infinite Blades","floor":49,"key":"SMITH"}],"neow_cost":"NONE","seed_source_timestamp":0,"circlet_count":0,"master_deck":["Defend_G","Defend_G","Defend_G","Defend_G","Defend_G","Strike_G","Survivor+1","Neutralize","A Thousand Cuts+1","Blade Dance","Cloak And Dagger","Burst","Infinite Blades+1","Dagger Spray","Infinite Blades+1","Acrobatics","Choke","After Image+1","Deflect","Blade Dance","Finisher","Well Laid Plans","PiercingWail","Dash+1","Madness","Madness","Terror+1","Backflip","Infinite Blades","Footwork"],"special_seed":0,"relics":["Ring of the Snake","Darkstone Periapt","Orichalcum","Tingsha","Busted Crown","Mummified Hand","Pear","Ornamental Fan","Bottled Flame","Bottled Tornado","Tiny House","Bird Faced Urn","The Courier"],"potions_floor_usage":[7,10,14,16,18,22,31,33,44,45,50,50,50],"damage_taken":[{"damage":0.0,"enemies":"Small Slimes","floor":1.0,"turns":4.0},{"damage":0.0,"enemies":"Cultist","floor":2.0,"turns":4.0},{"damage":0,"enemies":"2 Louse","floor":5,"turns":2},{"damage":1,"enemies":"Looter","floor":7,"turns":4},{"damage":3,"enemies":"Gremlin Nob","floor":10,"turns":4},{"damage":3,"enemies":"Blue Slaver","floor":11,"turns":3},{"damage":9,"enemies":"Gremlin Gang","floor":12,"turns":4},{"damage":0,"enemies":"3 Louse","floor":13,"turns":2},{"damage":9,"enemies":"3 Sentries","floor":14,"turns":5},{"damage":12,"enemies":"Hexaghost","floor":16,"turns":8},{"damage":18,"enemies":"2 Thieves","floor":18,"turns":3},{"damage":1,"enemies":"3 Byrds","floor":20,"turns":5},{"damage":19,"enemies":"Cultist and Chosen","floor":22,"turns":7},{"damage":26,"enemies":"Slavers","floor":28,"turns":4},{"damage":0,"enemies":"Snecko","floor":31,"turns":4},{"damage":36,"enemies":"Automaton","floor":33,"turns":8},{"damage":8,"enemies":"3 Darklings","floor":35,"turns":4},{"damage":0,"enemies":"3 Shapes","floor":39,"turns":2},{"damage":0,"enemies":"Transient","floor":44,"turns":5},{"damage":11,"enemies":"Spire Growth","floor":45,"turns":5},{"damage":12,"enemies":"Maw","floor":46,"turns":7},{"damage":9,"enemies":"Sphere and 2 Shapes","floor":48,"turns":3},{"damage":70,"enemies":"Time Eater","floor":50,"turns":11}],"seed_played":"5368975988349555518","potions_obtained":[{"floor":2.0,"key":"GhostInAJar"},{"floor":4.0,"key":"GhostInAJar"},{"floor":4.0,"key":"GhostInAJar"},{"floor":11,"key":"Block Potion"},{"floor":16,"key":"Regen Potion"},{"floor":20,"key":"Fire Potion"},{"floor":22,"key":"Strength Potion"},{"floor":28,"key":"Block Potion"},{"floor":33,"key":"LiquidBronze"},{"floor":34,"key":"Ancient Potion"},{"floor":35,"key":"Block Potion"},{"floor":45,"key":"Strength Potion"},{"floor":48,"key":"Block Potion"}],"is_trial":false,"path_per_floor":["M","M","$","?","M","R","M","?","T","E","M","M","M","E","R","B",null,"M","?","M","$","M","R","?","R","T","T","E","T","$","M","R","B",null,"M","?","?","$","M","?","?","R","T","M","M","M","$","M","R","B",null],"character_chosen":"THE_SILENT","items_purchased":["Burst","Well Laid Plans","Bird Faced Urn","PiercingWail","Backflip","Infinite Blades","SteroidPotion","Footwork"],"campfire_rested":3,"item_purchase_floors":[3,30,38,38,47,47,47,47],"current_hp_per_floor":[70,70,70,70,70,70,69,52,52,49,46,37,37,28,49,37,70,56,56,55,55,36,36,36,57,67,67,41,41,41,41,65,29,85,77,77,77,77,85,74,74,74,74,84,74,72,72,71,71,15],"gold":167,"neow_bonus":"ONE_RANDOM_RARE_CARD","is_prod":false,"is_daily":false,"chose_seed":false,"campfire_upgraded":4,"win_rate":0.0,"timestamp":1553567889,"path_taken":["M","M","$","?","?","R","M","?","T","E","M","M","M","E","R","BOSS","M","?","M","$","M","R","?","R","T","?","E","?","$","?","R","BOSS","M","?","?","$","M","?","?","R","T","M","?","M","$","M","R","BOSS"],"build_version":"2019-01-23","purchased_purges":3,"victory":true,"max_hp_per_floor":[70,70,70,70,70,70,70,70,70,70,70,70,70,70,70,70,70,70,70,70,70,70,70,70,70,80,80,80,80,80,80,80,80,85,85,85,85,85,85,85,85,85,85,85,85,85,85,85,85,85],"card_choices":[{"not_picked":["Prepared","Underhanded Strike"],"picked":"Blade Dance","floor":1.0},{"not_picked":["Underhanded Strike","Concentrate"],"picked":"Cloak And Dagger","floor":2.0},{"not_picked":["Prepared","Eviscerate","Reflex"],"picked":"SKIP","floor":5},{"not_picked":["Backflip","Poisoned Stab"],"picked":"Infinite Blades","floor":7},{"not_picked":["Eviscerate","Caltrops"],"picked":"Dagger Spray","floor":10},{"not_picked":["Blade Dance","Acrobatics"],"picked":"Infinite Blades","floor":11},{"not_picked":["All Out Attack","Tactician"],"picked":"Acrobatics","floor":12},{"not_picked":["Flying Knee","Dagger Spray"],"picked":"Choke","floor":13},{"not_picked":["Unload","Prepared","Flying Knee"],"picked":"SKIP","floor":14},{"not_picked":["Doppelganger","Storm of Steel"],"picked":"After Image","floor":16},{"not_picked":["Acrobatics+1"],"picked":"SKIP","floor":18},{"not_picked":[],"picked":"Deflect","floor":20},{"not_picked":[],"picked":"Blade Dance","floor":22},{"not_picked":[],"picked":"Finisher","floor":28},{"not_picked":["Quick Slash"],"picked":"SKIP","floor":31},{"not_picked":["Acrobatics"],"picked":"SKIP","floor":35},{"not_picked":[],"picked":"Dash+1","floor":39},{"not_picked":[],"picked":"Terror+1","floor":44},{"not_picked":["Caltrops+1"],"picked":"SKIP","floor":46},{"not_picked":["Poisoned Stab+1"],"picked":"SKIP","floor":48}],"player_experience":61723,"relics_obtained":[{"floor":9,"key":"Darkstone Periapt"},{"floor":10,"key":"Orichalcum"},{"floor":14,"key":"Tingsha"},{"floor":26,"key":"Pear"},{"floor":27,"key":"Ornamental Fan"},{"floor":28,"key":"Bottled Flame"},{"floor":29,"key":"Bottled Tornado"},{"floor":43,"key":"The Courier"}],"event_choices":[{"damage_healed":0.0,"max_hp_gain":0.0,"max_hp_loss":0.0,"gold_gain":0.0,"event_name":"The Woman in Blue","player_choice":"Bought 2 Potions","floor":4.0,"gold_loss":0.0,"damage_taken":0.0},{"damage_healed":0,"gold_gain":0,"player_choice":"Take Damage","damage_taken":17,"relics_obtained":["Golden Idol"],"max_hp_gain":0,"max_hp_loss":0,"event_name":"Golden Idol","floor":8,"gold_loss":0},{"damage_healed":0,"gold_gain":0,"player_choice":"Obtained Relic","damage_taken":0,"relics_obtained":["Mummified Hand"],"max_hp_gain":0,"max_hp_loss":0,"event_name":"Addict","floor":19,"gold_loss":85},{"damage_healed":0,"gold_gain":99,"player_choice":"Stole From Cult","damage_taken":0,"max_hp_gain":0,"max_hp_loss":0,"event_name":"Nest","floor":24,"gold_loss":0},{"damage_healed":0,"gold_gain":0,"player_choice":"Ignored","damage_taken":0,"max_hp_gain":0,"max_hp_loss":0,"event_name":"Tomb of Lord Red Mask","floor":36,"gold_loss":0},{"cards_removed":["Strike_G"],"damage_healed":0,"gold_gain":0,"player_choice":"Removed Attack","damage_taken":0,"max_hp_gain":0,"max_hp_loss":0,"event_name":"Falling","floor":37,"gold_loss":0},{"damage_healed":0,"gold_gain":0,"player_choice":"Embrace Madness","damage_taken":11,"max_hp_gain":0,"max_hp_loss":0,"event_name":"Winding Halls","floor":40,"gold_loss":0,"cards_obtained":["Madness","Madness"]},{"damage_healed":0,"gold_gain":333,"player_choice":"Gave Idol","damage_taken":0,"max_hp_gain":0,"max_hp_loss":0,"event_name":"The Moai Head","floor":41,"relics_lost":["Golden Idol"],"gold_loss":0}],"is_beta":false,"boss_relics":[{"not_picked":["Sozu","Runic Dome"],"picked":"Busted Crown"},{"not_picked":["Fusion Hammer","HoveringKite"],"picked":"Tiny House"}],"items_purged_floors":[21,30,47],"is_endless":false,"potions_floor_spawned":[2,11,16,20,22,28,33,35,45,48],"ascension_level":0}