{"gold_per_floor":[116,116,135,135,310,350,350,350,423,423,438,453,159,197,197,321,321,342,342,157,157,180,219,219,250,332,347,415,436,436,460,460,460],"floor_reached":33,"playtime":2005,"items_purged":["Doubt"],"score":581,"play_id":"c5a24a9c-3725-4a1d-8d22-010b3e2ebe87","local_time":"20190219194355","is_ascension_mode":true,"campfire_choices":[{"floor":8,"key":"REST"},{"data":"Neutralize","floor":10,"key":"SMITH"},{"data":"Escape Plan","floor":15,"key":"SMITH"},{"floor":30,"key":"REST"},{"data":"After Image","floor":32,"key":"SMITH"}],"neow_cost":"NONE","seed_source_timestamp":13577886247656,"circlet_count":0,"master_deck":["AscendersBane","Defend_G","Defend_G","Defend_G","Strike_G","Strike_G","Strike_G","Strike_G","Survivor","Neutralize+1","Storm of Steel+1","Poisoned Stab+1","Heel Hook+1","Escape Plan+1","Dagger Throw","Choke","After Image+1","Infinite Blades","Terror","Envenom+1","Backstab","Backstab"],"relics":["Astrolabe","Golden Idol","Pear","Regal Pillow","Ninja Scroll","Sling","Blue Candle","WristBlade","PreservedInsect","MutagenicStrength","Tough Bandages","Spirit Poop","Frozen Egg 2","Bottled Tornado","Tiny Chest"],"potions_floor_usage":[14,16,27,33,33,33],"damage_taken":[{"damage":2,"enemies":"Small Slimes","floor":1,"turns":3},{"damage":9,"enemies":"Jaw Worm","floor":3,"turns":2},{"damage":55,"enemies":"3 Sentries","floor":6,"turns":10},{"damage":0,"enemies":"2 Louse","floor":11,"turns":2},{"damage":1,"enemies":"2 Fungi Beasts","floor":12,"turns":3},{"damage":0,"enemies":"Lagavulin","floor":14,"turns":2},{"damage":37,"enemies":"The Guardian","floor":16,"turns":11},{"damage":11,"enemies":"2 Thieves","floor":18,"turns":3},{"damage":1,"enemies":"3 Byrds","floor":22,"turns":5},{"damage":1,"enemies":"Gremlin Leader","floor":23,"turns":3},{"damage":18,"enemies":"Book of Stabbing","floor":25,"turns":3},{"damage":10,"enemies":"Snake Plant","floor":27,"turns":4},{"damage":0,"enemies":"Gremlin Leader","floor":28,"turns":3},{"damage":0,"enemies":"Centurion and Healer","floor":29,"turns":4},{"damage":0,"enemies":"Snecko","floor":31,"turns":2},{"damage":58,"enemies":"Automaton","floor":33,"turns":8}],"seed_played":"86997094924200483","potions_obtained":[{"floor":12,"key":"FearPotion"},{"floor":14,"key":"Fire Potion"},{"floor":23,"key":"FearPotion"},{"floor":25,"key":"GamblersBrew"},{"floor":28,"key":"LiquidBronze"},{"floor":31,"key":"Block Potion"}],"is_trial":false,"path_per_floor":["M","?","M","?","?","E","?","R","T","R","M","M","$","E","R","B",null,"M","?","$","?","M","E","?","E","T","M","E","M","R","M","R","B"],"character_chosen":"THE_SILENT","items_purchased":["Sling","Dagger Throw","Infinite Blades","PreservedInsect"],"campfire_rested":2,"item_purchase_floors":[13,13,20,20],"current_hp_per_floor":[61,61,52,62,62,7,7,44,44,44,44,43,43,43,43,6,58,47,47,47,47,46,45,45,27,27,17,17,17,54,54,54,0],"gold":460,"neow_bonus":"BOSS_RELIC","is_prod":false,"is_daily":false,"chose_seed":false,"campfire_upgraded":3,"win_rate":0,"timestamp":1550601835,"path_taken":["M","?","M","?","?","E","?","R","T","R","?","M","$","E","R","BOSS","M","?","$","?","M","E","?","E","T","?","E","M","R","M","R","BOSS"],"build_version":"2019-01-23","purchased_purges":1,"victory":false,"max_hp_per_floor":[70,65,65,75,75,75,75,75,75,75,75,75,75,75,75,75,75,75,75,75,75,75,75,75,75,75,75,75,75,75,75,75,75],"card_choices":[{"not_picked":["Quick Slash","Deadly Poison","Setup"],"picked":"SKIP","floor":1},{"not_picked":["Dodge and Roll","Underhanded Strike","Deflect"],"picked":"SKIP","floor":3},{"not_picked":["Setup","Outmaneuver"],"picked":"Escape Plan","floor":6},{"not_picked":["Deadly Poison","Concentrate","Dodge and Roll"],"picked":"SKIP","floor":11},{"not_picked":["Poisoned Stab","Skewer","Underhanded Strike"],"picked":"SKIP","floor":12},{"not_picked":["Dodge and Roll","Riddle With Holes"],"picked":"Choke","floor":14},{"not_picked":["Wraith Form v2","Die Die Die"],"picked":"After Image","floor":16},{"not_picked":["Caltrops+1","Prepared+1","All Out Attack"],"picked":"SKIP","floor":18},{"not_picked":["PiercingWail","Deadly Poison","Bane"],"picked":"SKIP","floor":22},{"not_picked":["Outmaneuver+1","Deadly Poison+1"],"picked":"Terror","floor":23},{"not_picked":["Predator","Skewer+1"],"picked":"Envenom","floor":25},{"not_picked":["Eviscerate","Slice"],"picked":"Backstab","floor":27},{"not_picked":["Infinite Blades+1","Deflect+1"],"picked":"Backstab","floor":28},{"not_picked":["Quick Slash","Deadly Poison","Dagger Spray"],"picked":"SKIP","floor":29},{"not_picked":["Concentrate","Poisoned Stab","Riddle With Holes"],"picked":"SKIP","floor":31}],"player_experience":651651,"relics_obtained":[{"floor":6,"key":"Regal Pillow"},{"floor":9,"key":"Ninja Scroll"},{"floor":14,"key":"Blue Candle"},{"floor":23,"key":"Tough Bandages"},{"floor":25,"key":"Frozen Egg 2"},{"floor":26,"key":"Bottled Tornado"},{"floor":28,"key":"Tiny Chest"}],"event_choices":[{"damage_healed":0,"gold_gain":0,"player_choice":"Lose Max HP","damage_taken":0,"relics_obtained":["Golden Idol"],"max_hp_gain":0,"max_hp_loss":5,"event_name":"Golden Idol","floor":2,"gold_loss":0},{"damage_healed":0,"gold_gain":0,"player_choice":"Box","damage_taken":0,"relics_obtained":["Pear"],"max_hp_gain":0,"max_hp_loss":0,"event_name":"Big Fish","floor":4,"gold_loss":0,"cards_obtained":["Regret"]},{"damage_healed":0,"gold_gain":175,"player_choice":"AGREE","damage_taken":0,"max_hp_gain":0,"max_hp_loss":0,"event_name":"Liars Game","floor":5,"gold_loss":0,"cards_obtained":["Doubt"]},{"damage_healed":0,"gold_gain":0,"player_choice":"Fled","damage_taken":0,"max_hp_gain":0,"max_hp_loss":0,"event_name":"Scrap Ooze","floor":7,"gold_loss":0},{"damage_healed":0,"gold_gain":0,"player_choice":"Ignored","damage_taken":0,"max_hp_gain":0,"max_hp_loss":0,"event_name":"Beggar","floor":19,"gold_loss":0},{"damage_healed":0,"gold_gain":0,"player_choice":"Inject Mutagens","damage_taken":0,"relics_obtained":["MutagenicStrength"],"max_hp_gain":0,"max_hp_loss":0,"event_name":"Drug Dealer","floor":21,"gold_loss":0},{"cards_removed":["Regret"],"damage_healed":0,"gold_gain":0,"player_choice":"Offered Curse","damage_taken":0,"relics_obtained":["Spirit Poop"],"max_hp_gain":0,"max_hp_loss":0,"event_name":"Bonfire Elementals","floor":24,"gold_loss":0}],"is_beta":false,"boss_relics":[{"not_picked":["Orrery","Coffee Dripper"],"picked":"WristBlade"}],"items_purged_floors":[13],"is_endless":false,"potions_floor_spawned":[12,14,23,25,28,31],"killed_by":"Automaton","ascension_level":10}