{"gold_per_floor":[111,127,77,77,90,119,119,139,165,197,210,210,226,240,240,337,337,326,346,364,383,402,402,422,422,422,43,43,43,143,154,154,253,253,273,74,121,121,131,131,145,145,200,200,220,238,238,248,248,248],"floor_reached":51,"playtime":3244,"items_purged":[],"score":665,"play_id":"fc8f1d1f-7757-4d43-89a4-e350cb1e5cf2","local_time":"20190202195620","is_ascension_mode":false,"campfire_choices":[{"data":"Loop","floor":7.0,"key":"SMITH"},{"floor":12.0,"key":"REST"},{"data":"Redo","floor":15.0,"key":"SMITH"},{"data":"Redo","floor":23.0,"key":"SMITH"},{"data":"Zap","floor":25.0,"key":"SMITH"},{"data":"Dualcast","floor":32.0,"key":"SMITH"},{"data":"Coolheaded","floor":40,"key":"SMITH"},{"data":"Capacitor","floor":42,"key":"SMITH"},{"data":"Glacier","floor":49,"key":"SMITH"}],"neow_cost":"NONE","seed_source_timestamp":0,"circlet_count":0,"master_deck":["Strike_B+1","Strike_B+1","Strike_B+1","Defend_B+1","Defend_B+1","Defend_B+1","Zap+1","Dualcast+1","Streamline+1","Redo+1","Thunder Strike+1","Bandage Up+1","Loop+1","Cold Snap+1","Go for the Eyes+1","Capacitor+1","Auto Shields+1","Sweeping Beam+1","Redo+1","Blizzard+1","All For One+1","Go for the Eyes+1","Coolheaded+1","Go for the Eyes+1","Chill+1","Electrodynamics+1","Normality","Injury","Decay","Hologram+1","Self Repair+1","Beam Cell+1","Gash+1","White Noise+1","Glacier+1","Gash+1"],"special_seed":0,"relics":["FrozenCore","NeowsBlessing","Orichalcum","Potion Belt","Art of War","Incense Burner","PreservedInsect","Lee\u0027s Waffle","Unceasing Top","Question Card","Calling Bell","Bag of Marbles","Blue Candle","Emotion Chip","Runic Capacitor","Du-Vu Doll","Bag of Preparation","Mark of the Bloom","Anchor"],"potions_floor_usage":[50,50,50,50,50],"damage_taken":[{"damage":0.0,"enemies":"Small Slimes","floor":1.0,"turns":1.0},{"damage":0.0,"enemies":"2 Louse","floor":2.0,"turns":1.0},{"damage":0.0,"enemies":"Cultist","floor":5.0,"turns":1.0},{"damage":29.0,"enemies":"Lagavulin","floor":6.0,"turns":6.0},{"damage":8.0,"enemies":"Blue Slaver","floor":8.0,"turns":3.0},{"damage":18.0,"enemies":"Gremlin Nob","floor":10.0,"turns":4.0},{"damage":12.0,"enemies":"3 Louse","floor":11.0,"turns":3.0},{"damage":2.0,"enemies":"Looter","floor":13.0,"turns":3.0},{"damage":8.0,"enemies":"2 Fungi Beasts","floor":14.0,"turns":4.0},{"damage":29.0,"enemies":"Hexaghost","floor":16.0,"turns":12.0},{"damage":7.0,"enemies":"2 Thieves","floor":18.0,"turns":4.0},{"damage":7.0,"enemies":"Shell Parasite","floor":19.0,"turns":9.0},{"damage":23.0,"enemies":"Sentry and Sphere","floor":20.0,"turns":10.0},{"damage":8.0,"enemies":"Snecko","floor":21.0,"turns":9.0},{"damage":6.0,"enemies":"Centurion and Healer","floor":22.0,"turns":9.0},{"damage":10.0,"enemies":"3 Cultists","floor":24.0,"turns":6.0},{"damage":20.0,"enemies":"Colosseum Slavers","floor":30.0,"turns":6.0},{"damage":0.0,"enemies":"Colosseum Nobs","floor":30.0,"turns":5.0},{"damage":8.0,"enemies":"Snake Plant","floor":31.0,"turns":7.0},{"damage":25.0,"enemies":"Champ","floor":33.0,"turns":16.0},{"damage":7,"enemies":"Orb Walker","floor":35,"turns":6},{"damage":38,"enemies":"2 Orb Walkers","floor":37,"turns":6},{"damage":16,"enemies":"3 Darklings","floor":39,"turns":7},{"damage":7,"enemies":"Sphere and 2 Shapes","floor":41,"turns":5},{"damage":14,"enemies":"4 Shapes","floor":45,"turns":4},{"damage":16,"enemies":"Jaw Worm Horde","floor":46,"turns":4},{"damage":0,"enemies":"Maw","floor":48,"turns":8},{"damage":6,"enemies":"Donu and Deca","floor":50,"turns":8}],"seed_played":"3789960714717839739","potions_obtained":[{"floor":2.0,"key":"Swift Potion"},{"floor":5.0,"key":"FearPotion"},{"floor":10.0,"key":"Energy Potion"},{"floor":16.0,"key":"AttackPotion"},{"floor":19.0,"key":"Energy Potion"},{"floor":20.0,"key":"Strength Potion"},{"floor":22.0,"key":"FocusPotion"},{"floor":30.0,"key":"SteroidPotion"},{"floor":35,"key":"GamblersBrew"},{"floor":41,"key":"SpeedPotion"},{"floor":48,"key":"Swift Potion"}],"is_trial":false,"path_per_floor":["M","M","?","?","M","E","R","M","T","E","M","R","M","M","R","B",null,"M","M","M","M","M","R","M","R","T","$","?","?","?","M","R","B",null,"M","$","?","?","M","R","M","R","T","?","M","M","T","M","R","B",null],"character_chosen":"DEFECT","items_purchased":["Coolheaded","PreservedInsect","Lee\u0027s Waffle","Runic Capacitor"],"campfire_rested":1,"item_purchase_floors":[27,27,27,36],"current_hp_per_floor":[75,75,75,75,75,50,50,42,42,24,16,38,40,36,36,11,75,72,69,50,46,44,44,38,38,38,82,82,66,54,50,50,29,87,80,80,42,42,37,37,41,41,41,41,27,11,11,11,11,5],"gold":248,"neow_bonus":"THREE_ENEMY_KILL","is_prod":false,"is_daily":false,"chose_seed":false,"campfire_upgraded":8,"win_rate":0,"timestamp":1549155380,"path_taken":["M","M","?","?","?","E","R","M","T","E","M","R","M","M","R","BOSS","M","M","M","M","M","R","M","R","T","$","?","?","?","M","R","BOSS","M","$","?","?","M","R","M","R","T","?","M","?","?","M","R","BOSS"],"build_version":"2019-01-23","purchased_purges":0,"victory":true,"max_hp_per_floor":[75,75,75,75,75,75,75,75,75,75,75,75,75,75,75,75,75,75,75,75,75,75,75,75,75,75,82,82,87,87,87,87,87,87,87,87,87,87,87,87,87,87,87,87,87,87,87,87,87,87],"card_choices":[{"not_picked":["Turbo","Rebound"],"picked":"Streamline","floor":1.0},{"not_picked":["Sweeping Beam","Beam Cell"],"picked":"Redo","floor":2.0},{"not_picked":["Cold Snap","Thunder Strike"],"picked":"Go for the Eyes","floor":5.0},{"not_picked":["Aggregate","Hello World","Multi-Cast"],"picked":"SKIP","floor":6.0},{"not_picked":["Chaos","FTL"],"picked":"Capacitor","floor":8.0},{"not_picked":["Turbo","Glacier"],"picked":"Auto Shields","floor":10.0},{"not_picked":["Static Discharge","Streamline","Barrage"],"picked":"SKIP","floor":11.0},{"not_picked":["Ball Lightning","Leap","Sweeping Beam"],"picked":"SKIP","floor":13.0},{"not_picked":["Leap","Consume","Ball Lightning"],"picked":"SKIP","floor":14.0},{"not_picked":["Rebound","Turbo"],"picked":"Sweeping Beam","floor":18.0},{"not_picked":["Steam+1","Gash","Auto Shields"],"picked":"SKIP","floor":19.0},{"not_picked":["Auto Shields","Rebound"],"picked":"Redo","floor":20.0},{"not_picked":["Gash","Darkness"],"picked":"Blizzard+1","floor":21.0},{"not_picked":["BootSequence","Rebound+1"],"picked":"All For One","floor":22.0},{"not_picked":["Self Repair","Melter"],"picked":"Go for the Eyes","floor":24.0},{"not_picked":["Sweeping Beam","Barrage"],"picked":"Go for the Eyes","floor":30.0},{"not_picked":["Reprogram","Turbo+1","Compile Driver"],"picked":"Chill+1","floor":31.0},{"not_picked":["Rainbow","Seek","Meteor Strike"],"picked":"Electrodynamics","floor":33.0},{"not_picked":["Streamline+1","Reinforced Body+1","Rebound"],"picked":"Hologram+1","floor":35},{"not_picked":["Reinforced Body+1","Sunder","Reprogram"],"picked":"Self Repair","floor":37},{"not_picked":["Leap","Skim+1","Barrage"],"picked":"Beam Cell+1","floor":39},{"not_picked":["Hello World+1","Streamline+1","Chaos+1"],"picked":"Gash+1","floor":41},{"not_picked":["Beam Cell","Sweeping Beam+1","Conserve Battery"],"picked":"White Noise+1","floor":45},{"not_picked":["Compile Driver","Chaos","Reinforced Body+1"],"picked":"Glacier","floor":46},{"not_picked":["Echo Form","Tempest+1","Coolheaded"],"picked":"Gash+1","floor":48}],"player_experience":231329,"relics_obtained":[{"floor":6.0,"key":"Orichalcum"},{"floor":9.0,"key":"Potion Belt"},{"floor":10.0,"key":"Art of War"},{"floor":26.0,"key":"Incense Burner"},{"floor":30.0,"key":"Unceasing Top"},{"floor":30.0,"key":"Question Card"},{"floor":34,"key":"Bag of Marbles"},{"floor":34,"key":"Blue Candle"},{"floor":34,"key":"Emotion Chip"},{"floor":37,"key":"Du-Vu Doll"},{"floor":43,"key":"Bag of Preparation"},{"floor":47,"key":"Anchor"}],"event_choices":[{"cards_removed":["Strike_B"],"damage_healed":0.0,"max_hp_gain":0.0,"max_hp_loss":0.0,"gold_gain":0.0,"event_name":"The Cleric","player_choice":"Card Removal","floor":3.0,"gold_loss":50.0,"damage_taken":0.0},{"damage_healed":0.0,"max_hp_gain":0.0,"max_hp_loss":0.0,"gold_gain":0.0,"event_name":"Match and Keep!","player_choice":"4 cards matched","floor":4.0,"gold_loss":0.0,"damage_taken":0.0,"cards_obtained":["Thunder Strike","Bandage Up","Loop","Cold Snap"]},{"damage_healed":0.0,"max_hp_gain":0.0,"max_hp_loss":0.0,"gold_gain":0.0,"event_name":"Back to Basics","player_choice":"Simplicity","floor":28.0,"gold_loss":0.0,"damage_taken":0.0,"cards_upgraded":["Strike_B","Strike_B","Strike_B","Defend_B","Defend_B","Defend_B","Defend_B"]},{"damage_healed":0.0,"max_hp_gain":5.0,"max_hp_loss":0.0,"gold_gain":0.0,"event_name":"Forgotten Altar","player_choice":"Shed Blood","floor":29.0,"gold_loss":0.0,"damage_taken":21.0},{"damage_healed":0.0,"max_hp_gain":0.0,"max_hp_loss":0.0,"gold_gain":0.0,"event_name":"Colosseum","player_choice":"Fight","floor":30.0,"gold_loss":0.0,"damage_taken":0.0},{"damage_healed":0.0,"max_hp_gain":0.0,"max_hp_loss":0.0,"gold_gain":0.0,"event_name":"Colosseum","player_choice":"Fought Nobs","floor":30.0,"gold_loss":0.0,"damage_taken":0.0},{"damage_healed":0,"gold_gain":0,"player_choice":"Fight","damage_taken":0,"max_hp_gain":0,"max_hp_loss":0,"event_name":"Mysterious Sphere","floor":37,"gold_loss":0},{"cards_removed":["Defend_B"],"damage_healed":0,"gold_gain":0,"player_choice":"Removed Skill","damage_taken":0,"max_hp_gain":0,"max_hp_loss":0,"event_name":"Falling","floor":38,"gold_loss":0},{"damage_healed":0,"gold_gain":0,"player_choice":"Upgrade","damage_taken":0,"relics_obtained":["Mark of the Bloom"],"max_hp_gain":0,"max_hp_loss":0,"event_name":"MindBloom","floor":44,"gold_loss":0,"cards_upgraded":["Streamline","Thunder Strike","Bandage Up","Cold Snap","Go for the Eyes","Auto Shields","Sweeping Beam","All For One","Go for the Eyes","Go for the Eyes","Electrodynamics","Self Repair"]}],"is_beta":false,"boss_relics":[{"not_picked":["Lizard Tail","Inserter"],"picked":"FrozenCore"},{"not_picked":["Philosopher\u0027s Stone","Pandora\u0027s Box"],"picked":"Calling Bell"}],"items_purged_floors":[],"is_endless":false,"potions_floor_spawned":[2,5,10,16,19,20,22,24,30,35,41,48],"ascension_level":0}