{"gold_per_floor":[114,11,22,22,22,53,53,53,79,96,124,137,137,157,157,157],"floor_reached":16,"playtime":463,"items_purged":[],"score":230,"play_id":"fccee9df-fef0-4c90-882b-879359d28fb6","local_time":"20190317171913","is_ascension_mode":true,"campfire_choices":[{"data":"Shockwave","floor":7,"key":"SMITH"},{"data":"Intimidate","floor":13,"key":"SMITH"},{"data":"Bash","floor":15,"key":"SMITH"}],"neow_cost":"NONE","seed_source_timestamp":323833099917100,"circlet_count":0,"master_deck":["AscendersBane","Strike_R","Strike_R","Strike_R","Strike_R","Strike_R","Defend_R","Defend_R","Defend_R","Defend_R","Bash+1","Shockwave+1","Armaments+1","Cleave","Iron Wave","Shrug It Off","Iron Wave","Intimidate+1","Twin Strike"],"relics":["Burning Blood","NeowsBlessing","Unceasing Top","PreservedInsect"],"potions_floor_usage":[16,16],"damage_taken":[{"damage":0,"enemies":"Jaw Worm","floor":1,"turns":1},{"damage":0,"enemies":"Small Slimes","floor":3,"turns":1},{"damage":0,"enemies":"Lagavulin","floor":6,"turns":1},{"damage":0,"enemies":"Cultist","floor":10,"turns":4},{"damage":50,"enemies":"Gremlin Nob","floor":11,"turns":7},{"damage":6,"enemies":"Looter","floor":12,"turns":4},{"damage":0,"enemies":"Large Slime","floor":14,"turns":5},{"damage":40,"enemies":"Slime Boss","floor":16,"turns":8}],"seed_played":"-5977514897611018592","potions_obtained":[{"floor":1,"key":"Energy Potion"},{"floor":12,"key":"SkillPotion"}],"is_trial":false,"path_per_floor":["M","$","M","?","?","E","R","$","T","M","E","M","R","M","R","B"],"character_chosen":"IRONCLAD","items_purchased":["Armaments","Cleave"],"campfire_rested":0,"item_purchase_floors":[2,2],"current_hp_per_floor":[74,74,75,75,75,75,75,75,75,75,31,31,31,37,37,0],"gold":157,"neow_bonus":"THREE_ENEMY_KILL","is_prod":false,"is_daily":false,"chose_seed":false,"campfire_upgraded":3,"win_rate":0,"timestamp":1552843153,"path_taken":["M","$","M","?","?","E","R","$","T","?","E","M","R","M","R","BOSS"],"build_version":"2019-01-23","purchased_purges":0,"victory":false,"max_hp_per_floor":[75,75,75,75,75,75,75,75,75,75,75,75,75,75,75,75],"card_choices":[{"not_picked":["Infernal Blade","Dropkick"],"picked":"Shockwave","floor":1},{"not_picked":["Thunderclap","Perfected Strike"],"picked":"Iron Wave","floor":3},{"not_picked":["Double Tap","Bludgeon"],"picked":"Shrug It Off","floor":6},{"not_picked":["Evolve","Wild Strike"],"picked":"Iron Wave","floor":10},{"not_picked":["Uppercut","Havoc"],"picked":"Intimidate","floor":11},{"not_picked":["Perfected Strike","Body Slam"],"picked":"Twin Strike","floor":12},{"not_picked":["Clothesline","Corruption","Clash"],"picked":"SKIP","floor":14}],"player_experience":612136,"relics_obtained":[{"floor":6,"key":"Unceasing Top"},{"floor":11,"key":"PreservedInsect"}],"event_choices":[{"damage_healed":0,"gold_gain":0,"player_choice":"Grow","damage_taken":0,"max_hp_gain":0,"max_hp_loss":0,"event_name":"Living Wall","floor":4,"gold_loss":0,"cards_upgraded":["Armaments"]},{"damage_healed":0,"gold_gain":0,"player_choice":"Full Heal","damage_taken":0,"max_hp_gain":0,"max_hp_loss":0,"event_name":"Wheel of Change","floor":5,"gold_loss":0}],"is_beta":false,"boss_relics":[],"items_purged_floors":[],"is_endless":false,"potions_floor_spawned":[1,12],"killed_by":"Slime Boss","ascension_level":14}