{"gold_per_floor":[99,99,99,14,14,14,14,14,14,14,14,14,14,14,14,14],"floor_reached":16,"playtime":451,"items_purged":[],"score":132,"play_id":"6905b47a-fb35-45a3-855a-446702a0813f","local_time":"20180914212827","is_ascension_mode":true,"campfire_choices":[{"data":"Neutralize","floor":6,"key":"SMITH"},{"data":"Caltrops","floor":11,"key":"SMITH"},{"data":"Backstab","floor":13,"key":"SMITH"},{"data":"Outmaneuver","floor":15,"key":"SMITH"}],"neow_cost":"NONE","seed_source_timestamp":11163477448759,"circlet_count":0,"master_deck":["Defend_G","Defend_G","Defend_G","Defend_G","Defend_G","Strike_G","Strike_G","Strike_G","Strike_G","Survivor","Neutralize+1","Deadly Poison","Backflip","Caltrops+1","Deadly Poison","Outmaneuver+1","Backstab+1"],"relics":["Ectoplasm","Golden Idol","Bag of Preparation","Unceasing Top"],"potions_floor_usage":[],"damage_taken":[{"damage":0,"enemies":"2 Louse","floor":1,"turns":3},{"damage":2,"enemies":"Jaw Worm","floor":2,"turns":4},{"damage":19,"enemies":"Lagavulin","floor":7,"turns":9},{"damage":0,"enemies":"Cultist","floor":10,"turns":3},{"damage":1,"enemies":"Large Slime","floor":12,"turns":6},{"damage":45,"enemies":"Slime Boss","floor":16,"turns":9}],"seed_played":"-2231373750827159788","potions_obtained":[{"floor":1,"key":"FearPotion"}],"is_trial":false,"path_per_floor":["M","M","?","$","?","R","E","$","T","M","R","M","R","?","R"],"character_chosen":"THE_SILENT","items_purchased":["Backflip","Caltrops"],"campfire_rested":0,"item_purchase_floors":[4,4],"current_hp_per_floor":[63,61,61,61,61,61,42,42,42,42,42,41,41,41,41,0],"gold":14,"neow_bonus":"BOSS_RELIC","is_prod":false,"is_daily":false,"chose_seed":false,"campfire_upgraded":4,"win_rate":0,"timestamp":1536956907,"path_taken":["M","M","?","?","?","R","E","?","T","M","R","M","R","?","R","BOSS"],"build_version":"2018-09-06","purchased_purges":0,"victory":false,"max_hp_per_floor":[70,70,65,65,65,65,65,65,65,65,65,65,65,65,65,65],"card_choices":[{"not_picked":["Bouncing Flask","Dagger Throw"],"picked":"Deadly Poison","floor":1},{"not_picked":["Finisher","Deflect","Slice"],"picked":"SKIP","floor":2},{"not_picked":["Eviscerate","Bane"],"picked":"Deadly Poison","floor":7},{"not_picked":["Dodge and Roll","Escape Plan"],"picked":"Outmaneuver","floor":10},{"not_picked":["Calculated Gamble","Deflect"],"picked":"Backstab","floor":12}],"player_experience":382759,"relics_obtained":[{"floor":7,"key":"Bag of Preparation"},{"floor":9,"key":"Unceasing Top"}],"event_choices":[{"event_name":"Golden Idol","player_choice":"Lose Max HP","floor":3,"damage_taken":0},{"event_name":"The Cleric","player_choice":"Leave","floor":5,"damage_taken":0},{"event_name":"Living Wall","player_choice":"Forget","floor":14,"damage_taken":0}],"is_beta":false,"boss_relics":[],"items_purged_floors":[],"is_endless":false,"potions_floor_spawned":[1],"killed_by":"Slime Boss","ascension_level":7}