{"gold_per_floor":[118,118,118,134,145,180,180,205,228,71,101,101,136,150,150,150],"floor_reached":16,"playtime":419,"items_purged":[],"score":207,"play_id":"637ba629-c1f7-4ada-bdea-2ad2fd0b426e","local_time":"20190322204920","is_ascension_mode":true,"campfire_choices":[{"floor":7,"key":"REST"},{"floor":12,"key":"REST"},{"data":"Sword Boomerang","floor":15,"key":"SMITH"}],"neow_cost":"NONE","seed_source_timestamp":160266837828537,"circlet_count":0,"master_deck":["AscendersBane","Strike_R","Strike_R","Strike_R","Strike_R+1","Defend_R","Defend_R+1","Defend_R","Defend_R","Bash","Sword Boomerang+1","Anger","Twin Strike","Anger","Offering","Reaper"],"relics":["Burning Blood","Vajra","Potion Belt","Omamori","Pen Nib","PreservedInsect","Toxic Egg 2"],"potions_floor_usage":[16],"damage_taken":[{"damage":11,"enemies":"Jaw Worm","floor":1,"turns":4},{"damage":0,"enemies":"2 Louse","floor":4,"turns":2},{"damage":0,"enemies":"Cultist","floor":5,"turns":2},{"damage":35,"enemies":"Lagavulin","floor":6,"turns":5},{"damage":2,"enemies":"Gremlin Nob","floor":8,"turns":3},{"damage":21,"enemies":"Lagavulin","floor":13,"turns":5},{"damage":6,"enemies":"Exordium Thugs","floor":14,"turns":3},{"damage":64,"enemies":"Hexaghost","floor":16,"turns":8}],"seed_played":"2028510985005013450","potions_obtained":[{"floor":4,"key":"Ancient Potion"},{"floor":14,"key":"EssenceOfSteel"}],"is_trial":false,"path_per_floor":["M","?","?","M","M","E","R","E","T","$","?","R","E","M","R","B"],"character_chosen":"IRONCLAD","items_purchased":["PreservedInsect"],"campfire_rested":2,"item_purchase_floors":[10],"current_hp_per_floor":[63,56,33,39,45,16,38,42,42,42,42,64,49,54,54,0],"gold":150,"neow_bonus":"RANDOM_COMMON_RELIC","is_prod":false,"is_daily":false,"chose_seed":false,"campfire_upgraded":1,"win_rate":0,"timestamp":1553302160,"path_taken":["M","?","?","M","M","E","R","E","T","$","?","R","E","M","R","BOSS"],"build_version":"2019-01-23","purchased_purges":0,"victory":false,"max_hp_per_floor":[75,75,75,75,75,75,75,75,75,75,75,75,75,75,75,75],"card_choices":[{"not_picked":["Cleave","Flex"],"picked":"Sword Boomerang","floor":1},{"not_picked":["Armaments","Havoc"],"picked":"Anger","floor":4},{"not_picked":["Headbutt","Evolve"],"picked":"Twin Strike","floor":5},{"not_picked":["Berserk","Bloodletting"],"picked":"Anger","floor":6},{"not_picked":["Heavy Blade","Entrench"],"picked":"Offering","floor":8},{"not_picked":["Headbutt","Thunderclap"],"picked":"Reaper","floor":13},{"not_picked":["Wild Strike","Hemokinesis","Iron Wave"],"picked":"SKIP","floor":14}],"player_experience":322792,"relics_obtained":[{"floor":6,"key":"Potion Belt"},{"floor":8,"key":"Omamori"},{"floor":9,"key":"Pen Nib"},{"floor":13,"key":"Toxic Egg 2"}],"event_choices":[{"cards_removed":["Strike_R"],"damage_healed":0,"gold_gain":0,"player_choice":"Card Removal","damage_taken":7,"max_hp_gain":0,"max_hp_loss":0,"event_name":"Golden Wing","floor":2,"gold_loss":0},{"damage_healed":0,"gold_gain":0,"player_choice":"Entered Light","damage_taken":23,"max_hp_gain":0,"max_hp_loss":0,"event_name":"Shining Light","floor":3,"gold_loss":0,"cards_upgraded":["Defend_R","Strike_R"]},{"damage_healed":0,"gold_gain":30,"player_choice":"Searched \u00271\u0027 times","damage_taken":0,"max_hp_gain":0,"max_hp_loss":0,"event_name":"Dead Adventurer","floor":11,"gold_loss":0}],"is_beta":false,"boss_relics":[],"items_purged_floors":[],"is_endless":false,"potions_floor_spawned":[4,14],"killed_by":"Hexaghost","ascension_level":15}