{"gold_per_floor":[114,114,133,133,154,154,173,173,173,196,196,50,125,139,139,270,270,293,293,316,70,89,89],"floor_reached":23,"playtime":1658,"items_purged":["Defend_B","Dualcast"],"score":183,"play_id":"cf77978b-b79c-4f9a-8ae0-b7123b201049","local_time":"20180623123225","is_ascension_mode":false,"campfire_choices":[{"floor":6,"key":"REST"},{"data":"Chaos","floor":8,"key":"SMITH"},{"floor":15,"key":"REST"}],"neow_cost":"NONE","seed_source_timestamp":94139618187222,"circlet_count":0,"master_deck":["Zap","Steam","Reinforced Body","Sweeping Beam","Chaos+1","Leap","Melter","Capacitor","Fission","Conserve Battery","White Noise","Coolheaded","Leap","Glacier","Hello World","Sweeping Beam","Leap","Creative AI","Aggregate"],"relics":["Cracked Core","Singing Bowl","Letter Opener","Golden Idol","Centennial Puzzle","Pandora\u0027s Box"],"potions_floor_usage":[22,22],"damage_taken":[{"damage":1,"enemies":"Jaw Worm","floor":1,"turns":3},{"damage":3,"enemies":"2 Louse","floor":3,"turns":3},{"damage":3,"enemies":"Small Slimes","floor":5,"turns":3},{"damage":11,"enemies":"Exordium Thugs","floor":7,"turns":5},{"damage":3,"enemies":"2 Fungi Beasts","floor":10,"turns":3},{"damage":2,"enemies":"Large Slime","floor":14,"turns":3},{"damage":19,"enemies":"The Guardian","floor":16,"turns":9},{"damage":22,"enemies":"Chosen","floor":18,"turns":7},{"damage":1,"enemies":"Shell Parasite","floor":20,"turns":5},{"damage":13,"enemies":"Centurion and Healer","floor":22,"turns":5},{"damage":56,"enemies":"Book of Stabbing","floor":23,"turns":8}],"seed_played":"-7696874808984674606","potions_obtained":[{"floor":1,"key":"Dexterity Potion"},{"floor":5,"key":"Swift Potion"},{"floor":10,"key":"Regen Potion"},{"floor":16,"key":"Ancient Potion"}],"is_trial":false,"path_per_floor":["M","?","M","?","M","R","M","R","T","M","?","$","?","M","R","B",null,"M","$","M","$","M"],"character_chosen":"DEFECT","items_purchased":["Melter","Creative AI"],"campfire_rested":2,"item_purchase_floors":[12,21],"current_hp_per_floor":[74,49,46,28,25,47,36,36,36,33,33,33,22,20,42,23,75,53,53,54,54,53,0],"gold":89,"neow_bonus":"RANDOM_COMMON_RELIC","is_prod":false,"is_daily":false,"chose_seed":false,"campfire_upgraded":1,"win_rate":0.0,"timestamp":1529767945,"path_taken":["M","?","M","?","M","R","M","R","T","?","?","$","?","?","R","BOSS","M","$","M","$","M","E"],"build_version":"2018-06-21v2","purchased_purges":2,"victory":false,"max_hp_per_floor":[75,75,75,75,75,75,75,75,75,75,75,75,75,75,75,75,75,75,75,77,77,77,77],"card_choices":[{"not_picked":["Chaos","Streamline"],"picked":"Steam","floor":1},{"not_picked":["Steam","Hello World"],"picked":"Reinforced Body","floor":3},{"not_picked":["Fission","Cold Snap"],"picked":"Sweeping Beam","floor":5},{"not_picked":["Beam Cell","Self Repair"],"picked":"Chaos","floor":7},{"not_picked":["Sweeping Beam","Heatsinks"],"picked":"Leap","floor":10},{"not_picked":["Reprogram","Storm"],"picked":"Capacitor","floor":14},{"not_picked":["Rainbow","Multi-Cast"],"picked":"Fission","floor":16},{"not_picked":["FTL","Sweeping Beam"],"picked":"Leap","floor":18},{"not_picked":["Darkness","Leap","Conserve Battery"],"picked":"Singing Bowl","floor":20},{"not_picked":["Sweeping Beam","Gash+1"],"picked":"Aggregate","floor":22}],"player_experience":137437,"relics_obtained":[{"floor":9,"key":"Centennial Puzzle"}],"event_choices":[{"event_name":"Scrap Ooze","player_choice":"success","floor":2,"damage_taken":25},{"event_name":"Golden Idol","player_choice":"Take Damage","floor":4,"damage_taken":0},{"event_name":"Liars Game","player_choice":"disagreed","floor":11,"damage_taken":0},{"event_name":"World of Goop","player_choice":"Gather Gold","floor":13,"damage_taken":0}],"boss_relics":[{"not_picked":["Velvet Choker","Tiny House"],"picked":"Pandora\u0027s Box"}],"items_purged_floors":[12,21],"is_endless":false,"potions_floor_spawned":[1,5,10,16,18,20],"killed_by":"Book of Stabbing","ascension_level":0}