{"gold_per_floor":[212,99,116,129,54,80,91,104,104,122,197,8,23,36,36,132,132,146,246,25,45,45,45,74,87,110,110,141,159,191,201,201,298,298,317,317,336,336,436,436,33,33,33,0,0,0,300,330,330,330],"floor_reached":51,"playtime":3020,"items_purged":["Strike_R","Strike_R"],"score":769,"play_id":"9e568010-db91-4d00-9b72-d65fb2bcb221","local_time":"20190327235824","is_ascension_mode":true,"campfire_choices":[{"data":"Bloodletting","floor":15,"key":"SMITH"},{"floor":23,"key":"REST"},{"floor":32,"key":"REST"},{"data":"Shockwave","floor":40,"key":"SMITH"},{"floor":42,"key":"REST"},{"data":"Offering","floor":45,"key":"SMITH"},{"floor":49,"key":"REST"}],"neow_cost":"NONE","seed_source_timestamp":962561429856200,"circlet_count":0,"master_deck":["Strike_R","Strike_R","Strike_R","Defend_R","Defend_R","Defend_R","Bash","Shrug It Off","Bloodletting+1","Inflame","Thunderclap","Heavy Blade","Reaper","Cleave","Pommel Strike","Reaper","Metallicize","Anger","Double Tap","Whirlwind","Dual Wield","Offering+1","Pain","Fiend Fire+1","Shrug It Off","Demon Form","Shockwave+1","Rampage+1","Regret"],"relics":["Burning Blood","Bag of Preparation","Sundial","Cursed Key","Pocketwatch","Self Forming Clay","Orichalcum","Paper Frog","Strawberry","Molten Egg 2","Juzu Bracelet","Philosopher\u0027s Stone","Thread and Needle","Ginger","Ice Cream","Red Mask","Old Coin","Centennial Puzzle"],"potions_floor_usage":[6,16,16,19,25,31,33,33,39],"damage_taken":[{"damage":9,"enemies":"Cultist","floor":1,"turns":4},{"damage":0,"enemies":"2 Louse","floor":3,"turns":3},{"damage":6,"enemies":"Jaw Worm","floor":4,"turns":3},{"damage":18,"enemies":"Gremlin Nob","floor":6,"turns":5},{"damage":15,"enemies":"Looter","floor":7,"turns":3},{"damage":10,"enemies":"3 Louse","floor":8,"turns":2},{"damage":0,"enemies":"2 Fungi Beasts","floor":10,"turns":3},{"damage":27,"enemies":"Exordium Wildlife","floor":13,"turns":4},{"damage":3,"enemies":"Large Slime","floor":14,"turns":4},{"damage":67,"enemies":"Hexaghost","floor":16,"turns":10},{"damage":28,"enemies":"Shell Parasite","floor":18,"turns":5},{"damage":37,"enemies":"Colosseum Slavers","floor":19,"turns":3},{"damage":43,"enemies":"Colosseum Nobs","floor":19,"turns":5},{"damage":13,"enemies":"Spheric Guardian","floor":21,"turns":4},{"damage":5,"enemies":"Slavers","floor":24,"turns":3},{"damage":20,"enemies":"Snake Plant","floor":25,"turns":3},{"damage":21,"enemies":"Gremlin Leader","floor":28,"turns":4},{"damage":15,"enemies":"Snecko","floor":29,"turns":4},{"damage":61,"enemies":"Book of Stabbing","floor":30,"turns":6},{"damage":16,"enemies":"Sentry and Sphere","floor":31,"turns":4},{"damage":41,"enemies":"Collector","floor":33,"turns":6},{"damage":71,"enemies":"3 Darklings","floor":35,"turns":4},{"damage":12,"enemies":"Orb Walker","floor":37,"turns":2},{"damage":33,"enemies":"Mind Bloom Boss Battle","floor":39,"turns":6},{"damage":36,"enemies":"Reptomancer","floor":48,"turns":5},{"damage":50,"enemies":"Donu and Deca","floor":50,"turns":6}],"seed_played":"6915738311582341857","potions_obtained":[{"floor":4,"key":"Energy Potion"},{"floor":13,"key":"Regen Potion"},{"floor":14,"key":"EssenceOfSteel"},{"floor":16,"key":"Dexterity Potion"},{"floor":21,"key":"SkillPotion"},{"floor":28,"key":"Strength Potion"},{"floor":29,"key":"Swift Potion"},{"floor":30,"key":"FairyPotion"},{"floor":31,"key":"Fire Potion"},{"floor":35,"key":"Ancient Potion"},{"floor":37,"key":"GamblersBrew"}],"is_trial":false,"path_per_floor":["M","$","M","M","$","E","M","M","T","M","?","$","M","M","R","B",null,"M","?","$","M","?","R","E","M","T","?","E","M","E","M","R","B",null,"M","?","M","?","?","R","$","R","T","?","R","$","?","E","R","B",null],"character_chosen":"IRONCLAD","items_purchased":["Bloodletting","Inflame","Pommel Strike","Reaper","Orichalcum","Dual Wield","Ginger"],"campfire_rested":4,"item_purchase_floors":[2,2,12,12,20,20,41],"current_hp_per_floor":[77,77,80,80,80,68,59,62,62,77,69,69,56,71,71,40,80,64,26,26,31,16,41,50,43,50,80,72,63,27,25,52,53,92,61,61,55,55,38,38,38,65,65,65,65,65,65,67,92,59],"gold":330,"neow_bonus":"HUNDRED_GOLD","is_prod":false,"is_daily":false,"chose_seed":false,"campfire_upgraded":3,"win_rate":0,"timestamp":1553745504,"path_taken":["M","?","M","?","$","E","M","M","T","M","?","$","?","M","R","BOSS","M","?","$","M","?","R","E","M","T","?","E","M","E","M","R","BOSS","M","?","M","?","?","R","$","R","T","?","R","$","?","E","R","BOSS"],"build_version":"2019-01-23","purchased_purges":2,"victory":true,"max_hp_per_floor":[80,80,80,80,80,80,80,80,80,80,80,80,80,80,80,80,80,80,80,80,80,85,85,85,85,92,92,92,92,92,92,92,92,92,92,92,92,92,92,92,92,92,92,92,92,92,92,92,92,92],"card_choices":[{"not_picked":["Iron Wave","Ghostly Armor"],"picked":"Shrug It Off","floor":1},{"not_picked":["Perfected Strike","Clothesline"],"picked":"Thunderclap","floor":3},{"not_picked":["Thunderclap","True Grit"],"picked":"Heavy Blade","floor":4},{"not_picked":["Intimidate","Sentinel"],"picked":"Reaper","floor":6},{"not_picked":["Sentinel","Havoc"],"picked":"Cleave","floor":7},{"not_picked":["Flex","Havoc","Fire Breathing"],"picked":"SKIP","floor":8},{"not_picked":["True Grit","Dual Wield","Sword Boomerang"],"picked":"SKIP","floor":10},{"not_picked":["Flex","Anger"],"picked":"Metallicize","floor":13},{"not_picked":["Clash","Infernal Blade"],"picked":"Anger","floor":14},{"not_picked":["Immolate","Juggernaut"],"picked":"Double Tap","floor":16},{"not_picked":["Wild Strike","Cleave"],"picked":"Whirlwind","floor":18},{"not_picked":["Searing Blow","Pommel Strike","Body Slam"],"picked":"SKIP","floor":21},{"not_picked":["Armaments","Uppercut+1"],"picked":"Offering","floor":24},{"not_picked":["Whirlwind","Warcry+1","Clash+1"],"picked":"SKIP","floor":25},{"not_picked":["Sentinel","Reckless Charge","Flex"],"picked":"SKIP","floor":28},{"not_picked":["Dual Wield","Power Through","Bloodletting"],"picked":"SKIP","floor":29},{"not_picked":["Armaments","Havoc+1"],"picked":"Fiend Fire+1","floor":30},{"not_picked":["Sentinel+1","Clash+1"],"picked":"Shrug It Off","floor":31},{"not_picked":["Dark Embrace","Immolate+1"],"picked":"Demon Form","floor":33},{"not_picked":["Burning Pact","Cleave+1","True Grit+1"],"picked":"SKIP","floor":35},{"not_picked":["Twin Strike+1","Sentinel"],"picked":"Shockwave","floor":37},{"not_picked":["Corruption+1","Intimidate"],"picked":"Rampage+1","floor":39},{"not_picked":["Warcry+1","Thunderclap+1","Twin Strike+1"],"picked":"SKIP","floor":48}],"player_experience":72518,"relics_obtained":[{"floor":6,"key":"Bag of Preparation"},{"floor":9,"key":"Sundial"},{"floor":19,"key":"Pocketwatch"},{"floor":19,"key":"Self Forming Clay"},{"floor":24,"key":"Paper Frog"},{"floor":26,"key":"Strawberry"},{"floor":28,"key":"Molten Egg 2"},{"floor":30,"key":"Juzu Bracelet"},{"floor":39,"key":"Thread and Needle"},{"floor":43,"key":"Ice Cream"},{"floor":48,"key":"Centennial Puzzle"}],"event_choices":[{"damage_healed":0,"gold_gain":75,"player_choice":"Touch","damage_taken":8,"max_hp_gain":0,"max_hp_loss":0,"event_name":"FaceTrader","floor":11,"gold_loss":0},{"damage_healed":0,"gold_gain":0,"player_choice":"Fight","damage_taken":0,"max_hp_gain":0,"max_hp_loss":0,"event_name":"Colosseum","floor":19,"gold_loss":0},{"damage_healed":0,"gold_gain":0,"player_choice":"Fought Nobs","damage_taken":0,"max_hp_gain":0,"max_hp_loss":0,"event_name":"Colosseum","floor":19,"gold_loss":0},{"damage_healed":0,"gold_gain":0,"player_choice":"Shed Blood","damage_taken":20,"max_hp_gain":5,"max_hp_loss":0,"event_name":"Forgotten Altar","floor":22,"gold_loss":0},{"damage_healed":30,"gold_gain":0,"player_choice":"Heal","damage_taken":0,"max_hp_gain":0,"max_hp_loss":0,"event_name":"The Library","floor":27,"gold_loss":0},{"damage_healed":0,"gold_gain":0,"player_choice":"Memory 1","damage_taken":0,"max_hp_gain":0,"max_hp_loss":0,"event_name":"SensoryStone","floor":36,"gold_loss":0},{"cards_removed":["Defend_R"],"damage_healed":0,"gold_gain":0,"player_choice":"Removed Skill","damage_taken":0,"max_hp_gain":0,"max_hp_loss":0,"event_name":"Falling","floor":38,"gold_loss":0},{"damage_healed":0,"gold_gain":0,"player_choice":"Fight","damage_taken":0,"max_hp_gain":0,"max_hp_loss":0,"event_name":"MindBloom","floor":39,"gold_loss":0},{"damage_healed":0,"gold_gain":0,"player_choice":"Paid","damage_taken":0,"relics_obtained":["Red Mask"],"max_hp_gain":0,"max_hp_loss":0,"event_name":"Tomb of Lord Red Mask","floor":44,"gold_loss":33},{"damage_healed":0,"gold_gain":0,"player_choice":"Gave Potion","damage_taken":0,"relics_obtained":["Old Coin"],"max_hp_gain":0,"max_hp_loss":0,"event_name":"WeMeetAgain","floor":47,"gold_loss":0}],"is_beta":false,"boss_relics":[{"not_picked":["Snecko Eye","Runic Cube"],"picked":"Cursed Key"},{"not_picked":["Black Blood","Velvet Choker"],"picked":"Philosopher\u0027s Stone"}],"items_purged_floors":[5,41],"is_endless":false,"potions_floor_spawned":[4,13,14,16,19,21,28,29,30,31,35,37],"ascension_level":1}