{"gold_per_floor":[11,86,86,103,178,178,188,188,188,206,206,41,60,90,90,195,195,214,214,154],"floor_reached":20,"playtime":982,"items_purged":["Strike_R"],"score":258,"play_id":"5288bb36-280a-462c-88a9-49150d0c5d06","local_time":"20180928145511","is_ascension_mode":true,"campfire_choices":[{"data":"Juggernaut","floor":6.0,"key":"SMITH"},{"data":"Shockwave","floor":8.0,"key":"SMITH"},{"data":"Bash","floor":11.0,"key":"SMITH"},{"floor":15,"key":"REST"}],"neow_cost":"NO_GOLD","seed_source_timestamp":0,"circlet_count":0,"master_deck":["Strike_R","Strike_R","Defend_R","Defend_R","Defend_R","Defend_R","Bash+1","AscendersBane","Juggernaut+1","Seeing Red","Battle Trance","Shockwave+1","Blind","Cleave","Fire Breathing"],"special_seed":0,"relics":["Burning Blood","Ornamental Fan","Blue Candle","Smiling Mask","Empty Cage"],"potions_floor_usage":[16,20],"damage_taken":[{"damage":11.0,"enemies":"Jaw Worm","floor":1.0,"turns":5.0},{"damage":8.0,"enemies":"Small Slimes","floor":4.0,"turns":4.0},{"damage":1.0,"enemies":"2 Louse","floor":7.0,"turns":3.0},{"damage":15.0,"enemies":"Looter","floor":10.0,"turns":4.0},{"damage":6.0,"enemies":"Red Slaver","floor":13.0,"turns":4.0},{"damage":41.0,"enemies":"3 Sentries","floor":14.0,"turns":10.0},{"damage":50,"enemies":"Hexaghost","floor":16,"turns":12},{"damage":21,"enemies":"Shell Parasite","floor":18,"turns":11},{"damage":30,"enemies":"Colosseum Slavers","floor":19,"turns":6},{"damage":29,"enemies":"2 Thieves","floor":20,"turns":2}],"seed_played":"6405724190413671190","potions_obtained":[{"floor":1.0,"key":"EssenceOfSteel"},{"floor":13.0,"key":"Strength Potion"},{"floor":14.0,"key":"AttackPotion"},{"floor":18,"key":"Explosive Potion"}],"is_trial":false,"path_per_floor":["M","?","?","M","T","R","M","R","T","M","R","$","M","E","R","B",null,"M","?"],"character_chosen":"IRONCLAD","items_purchased":["Blind"],"campfire_rested":1,"item_purchase_floors":[12],"current_hp_per_floor":[67,56,80,78,78,78,80,80,80,71,71,71,71,36,60,16,64,49,25,0],"gold":154,"neow_bonus":"THREE_RARE_CARDS","is_prod":false,"is_daily":false,"chose_seed":false,"campfire_upgraded":3,"win_rate":0,"timestamp":1538142911,"path_taken":["M","?","?","M","?","R","M","R","T","M","R","$","?","E","R","BOSS","M","?","M"],"build_version":"2018-09-27","purchased_purges":1,"victory":false,"max_hp_per_floor":[80,80,80,80,80,80,80,80,80,80,80,80,80,80,80,80,80,80,80,80],"card_choices":[{"not_picked":["Fiend Fire","Brutality"],"picked":"Juggernaut","floor":0.0},{"not_picked":["Heavy Blade","Wild Strike"],"picked":"Seeing Red","floor":1.0},{"not_picked":["Anger","Wild Strike"],"picked":"Battle Trance","floor":4.0},{"not_picked":["Thunderclap","Seeing Red"],"picked":"Shockwave","floor":7.0},{"not_picked":["Headbutt","Blood for Blood","Clash"],"picked":"SKIP","floor":10.0},{"not_picked":["Sword Boomerang","Headbutt"],"picked":"Cleave","floor":13.0},{"not_picked":["Entrench","Searing Blow"],"picked":"Fire Breathing","floor":14.0},{"not_picked":["Clash","Sword Boomerang+1","Rupture"],"picked":"SKIP","floor":18}],"player_experience":426901,"relics_obtained":[{"floor":5.0,"key":"Ornamental Fan"},{"floor":9.0,"key":"Blue Candle"},{"floor":14.0,"key":"Smiling Mask"}],"event_choices":[{"event_name":"World of Goop","player_choice":"Gather Gold","floor":2.0,"damage_taken":0.0},{"event_name":"Big Fish","player_choice":"Banana","floor":3.0,"damage_taken":0.0},{"event_name":"Colosseum","player_choice":"Fight","floor":19,"damage_taken":0},{"event_name":"Colosseum","player_choice":"Fled From Nobs","floor":19,"damage_taken":0}],"is_beta":false,"boss_relics":[{"not_picked":["Black Star","Eternal Feather"],"picked":"Empty Cage"}],"items_purged_floors":[12],"is_endless":false,"potions_floor_spawned":[1,13,14,18],"killed_by":"2 Thieves","ascension_level":10}