{"gold_per_floor":[12,12,12,37,57,57,95,95,95,114,137,171,171,184,184,307,307,325,235,259,77,202,202,238,238,238,238,36,61,77,118,118,238,238,254,254,14,14,38,78,99,99,124,165,188,521,540,553,553,553],"floor_reached":50,"playtime":4086,"items_purged":["Strike_B","Strike_B"],"score":683,"play_id":"2ec4dd00-246a-4653-9ba1-dae7b850c973","local_time":"20190323132433","is_ascension_mode":true,"campfire_choices":[{"floor":6,"key":"RECALL"},{"floor":13,"key":"REST"},{"data":"Genetic Algorithm","floor":15,"key":"SMITH"},{"floor":23,"key":"REST"},{"floor":25,"key":"REST"},{"data":"Buffer","floor":27,"key":"SMITH"},{"data":"Static Discharge","floor":32,"key":"SMITH"},{"floor":42,"key":"REST"},{"data":"Zap","floor":49,"key":"SMITH"}],"neow_cost":"NO_GOLD","seed_source_timestamp":4490105532900,"circlet_count":0,"master_deck":["Strike_B","Defend_B","Defend_B","Defend_B","Defend_B","Zap+1","Dualcast+1","Buffer+1","Ball Lightning","Ball Lightning","Rebound","Compile Driver","Static Discharge+1","Genetic Algorithm+1","Leap","Rebound","Echo Form+1","White Noise+1","Lockon+1","Seek","Sweeping Beam+1","Compile Driver+1","Storm+1","BootSequence","Heatsinks+1","Leap","Redo","Creative AI+1","Streamline","Echo Form+1","Capacitor+1","Capacitor+1","Compile Driver+1","Rebound+1","Storm+1","Auto Shields+1","Leap","Self Repair+1"],"relics":["Cracked Core","The Courier","Bronze Scales","Eternal Feather","Emotion Chip","Pantograph","Frozen Egg 2","Question Card","DataDisk","Philosopher\u0027s Stone","Vajra","Art of War","Pen Nib","Bag of Preparation","FossilizedHelix"],"potions_floor_usage":[7,12,16,22,22,24,35,40,45,47,48],"damage_taken":[{"damage":0,"enemies":"Cultist","floor":1,"turns":4},{"damage":8,"enemies":"Small Slimes","floor":4,"turns":2},{"damage":3,"enemies":"2 Louse","floor":5,"turns":2},{"damage":22,"enemies":"Lagavulin","floor":7,"turns":6},{"damage":3,"enemies":"Blue Slaver","floor":10,"turns":4},{"damage":0,"enemies":"Large Slime","floor":11,"turns":4},{"damage":11,"enemies":"Gremlin Nob","floor":12,"turns":4},{"damage":0,"enemies":"Red Slaver","floor":14,"turns":4},{"damage":36,"enemies":"The Guardian","floor":16,"turns":8},{"damage":1,"enemies":"Spheric Guardian","floor":18,"turns":5},{"damage":0,"enemies":"3 Byrds","floor":20,"turns":3},{"damage":19,"enemies":"Colosseum Slavers","floor":22,"turns":3},{"damage":34,"enemies":"Colosseum Nobs","floor":22,"turns":5},{"damage":18,"enemies":"Gremlin Leader","floor":24,"turns":5},{"damage":0,"enemies":"Snecko","floor":29,"turns":5},{"damage":9,"enemies":"Cultist and Chosen","floor":30,"turns":5},{"damage":11,"enemies":"Book of Stabbing","floor":31,"turns":5},{"damage":16,"enemies":"Champ","floor":33,"turns":10},{"damage":8,"enemies":"3 Darklings","floor":35,"turns":4},{"damage":19,"enemies":"Reptomancer","floor":40,"turns":5},{"damage":0,"enemies":"Orb Walker","floor":41,"turns":3},{"damage":0,"enemies":"Giant Head","floor":44,"turns":7},{"damage":0,"enemies":"Writhing Mass","floor":45,"turns":6},{"damage":2,"enemies":"3 Darklings","floor":47,"turns":5},{"damage":0,"enemies":"Transient","floor":48,"turns":5},{"damage":75,"enemies":"Donu and Deca","floor":50,"turns":8}],"seed_played":"5915706849838271227","potions_obtained":[{"floor":4,"key":"Regen Potion"},{"floor":5,"key":"EssenceOfSteel"},{"floor":14,"key":"Swift Potion"},{"floor":16,"key":"Fire Potion"},{"floor":20,"key":"Block Potion"},{"floor":22,"key":"Poison Potion"},{"floor":29,"key":"PowerPotion"},{"floor":31,"key":"EssenceOfSteel"},{"floor":40,"key":"EssenceOfSteel"},{"floor":41,"key":"Fire Potion"},{"floor":45,"key":"Energy Potion"},{"floor":47,"key":"FearPotion"}],"is_trial":false,"path_per_floor":["M","?","?","M","M","R","E","?","T","M","M","E","R","M","R","B",null,"M","?","M","$","?","R","E","R","T","R","$","M","M","E","R","B",null,"M","?","$","$","T","E","M","R","T","E","M","?","M","M","R","B"],"character_chosen":"DEFECT","items_purchased":["Seek","Storm+1","BootSequence","Vajra","Capacitor+1","Capacitor+1"],"campfire_rested":4,"item_purchase_floors":[21,28,28,37,37,37],"current_hp_per_floor":[75,75,75,67,64,64,51,44,44,41,41,30,52,52,52,16,75,74,74,74,74,21,55,37,71,71,75,75,75,66,55,70,59,75,67,67,67,67,67,48,48,75,75,75,75,75,73,73,75,0],"gold":553,"neow_bonus":"THREE_RARE_CARDS","is_prod":false,"is_daily":false,"chose_seed":false,"campfire_upgraded":4,"win_rate":0,"timestamp":1553358273,"path_taken":["M","?","?","M","M","R","E","?","T","?","M","E","R","M","R","BOSS","M","?","?","?","?","R","E","R","T","R","$","M","M","E","R","BOSS","M","?","?","$","?","E","M","R","T","E","M","?","?","M","R","BOSS"],"build_version":"2019-01-23","purchased_purges":2,"victory":false,"max_hp_per_floor":[75,75,75,75,75,75,75,75,75,75,75,75,75,75,75,75,75,75,75,75,75,75,75,75,75,75,75,75,75,75,75,75,75,75,75,75,75,75,75,75,75,75,75,75,75,75,75,75,75,75],"card_choices":[{"not_picked":["Fission","Rainbow"],"picked":"Buffer","floor":0},{"not_picked":["Gash","Melter"],"picked":"Ball Lightning","floor":1},{"not_picked":["Beam Cell","Loop"],"picked":"Ball Lightning","floor":4},{"not_picked":["Blizzard","Chill"],"picked":"Rebound","floor":5},{"not_picked":["Blizzard","Hologram"],"picked":"Compile Driver","floor":7},{"not_picked":["Darkness","Stack"],"picked":"Static Discharge","floor":10},{"not_picked":["Double Energy","Tempest"],"picked":"Genetic Algorithm","floor":11},{"not_picked":["Cold Snap","Gash"],"picked":"Leap","floor":12},{"not_picked":["Turbo","Skim"],"picked":"Rebound","floor":14},{"not_picked":["Biased Cognition","Creative AI"],"picked":"Echo Form","floor":16},{"not_picked":["Lockon","Rebound"],"picked":"White Noise+1","floor":18},{"not_picked":["Cold Snap","Steam"],"picked":"Lockon+1","floor":20},{"not_picked":["Consume","Coolheaded"],"picked":"Sweeping Beam+1","floor":22},{"not_picked":["Hologram","Genetic Algorithm"],"picked":"Compile Driver+1","floor":24},{"not_picked":["Cold Snap","Undo","Coolheaded+1"],"picked":"Heatsinks+1","floor":29},{"not_picked":["Rebound","Cold Snap+1","Multi-Cast"],"picked":"Leap","floor":30},{"not_picked":["Fission","Go for the Eyes","Meteor Strike"],"picked":"Redo","floor":31},{"not_picked":["Electrodynamics+1","Meteor Strike","Seek"],"picked":"Creative AI+1","floor":33},{"not_picked":["Skim","Aggregate","Go for the Eyes"],"picked":"Streamline","floor":35},{"not_picked":["Hello World+1","Barrage+1","Cold Snap"],"picked":"Compile Driver+1","floor":40},{"not_picked":["Gash+1","Beam Cell","Barrage+1"],"picked":"Rebound+1","floor":41},{"not_picked":["Undo","Static Discharge+1","Hello World+1"],"picked":"Storm+1","floor":44},{"not_picked":["Self Repair+1","Scrape","Rainbow"],"picked":"Auto Shields+1","floor":45},{"not_picked":["Fusion+1","Cold Snap","Barrage"],"picked":"Leap","floor":47},{"not_picked":["Barrage+1","Beam Cell","Rebound"],"picked":"Self Repair+1","floor":48}],"player_experience":303198,"relics_obtained":[{"floor":7,"key":"The Courier"},{"floor":12,"key":"Bronze Scales"},{"floor":22,"key":"Emotion Chip"},{"floor":22,"key":"Pantograph"},{"floor":24,"key":"Frozen Egg 2"},{"floor":26,"key":"Question Card"},{"floor":31,"key":"DataDisk"},{"floor":39,"key":"Art of War"},{"floor":40,"key":"Pen Nib"},{"floor":43,"key":"Bag of Preparation"},{"floor":44,"key":"FossilizedHelix"}],"event_choices":[{"damage_healed":0,"gold_gain":0,"player_choice":"Grow","damage_taken":0,"max_hp_gain":0,"max_hp_loss":0,"event_name":"Living Wall","floor":2,"gold_loss":0,"cards_upgraded":["Dualcast"]},{"damage_healed":0,"gold_gain":0,"player_choice":"Take Wound","damage_taken":0,"relics_obtained":["Golden Idol"],"max_hp_gain":0,"max_hp_loss":0,"event_name":"Golden Idol","floor":3,"gold_loss":0,"cards_obtained":["Injury"]},{"cards_removed":["Injury"],"damage_healed":0,"gold_gain":0,"player_choice":"Card Removal","damage_taken":7,"max_hp_gain":0,"max_hp_loss":0,"event_name":"Golden Wing","floor":8,"gold_loss":0},{"cards_removed":["Strike_B"],"damage_healed":0,"gold_gain":0,"player_choice":"Upgrade and Remove","damage_taken":0,"max_hp_gain":0,"max_hp_loss":0,"event_name":"Designer","floor":19,"gold_loss":90,"cards_upgraded":["Echo Form"]},{"damage_healed":0,"gold_gain":0,"player_choice":"Fight","damage_taken":0,"max_hp_gain":0,"max_hp_loss":0,"event_name":"Colosseum","floor":22,"gold_loss":0},{"damage_healed":0,"gold_gain":0,"player_choice":"Fought Nobs","damage_taken":0,"max_hp_gain":0,"max_hp_loss":0,"event_name":"Colosseum","floor":22,"gold_loss":0},{"damage_healed":0,"gold_gain":0,"player_choice":"Copied","damage_taken":0,"max_hp_gain":0,"max_hp_loss":0,"event_name":"Duplicator","floor":36,"gold_loss":0,"cards_obtained":["Echo Form"]},{"damage_healed":0,"gold_gain":333,"player_choice":"Gave Idol","damage_taken":0,"max_hp_gain":0,"max_hp_loss":0,"event_name":"The Moai Head","floor":46,"relics_lost":["Golden Idol"],"gold_loss":0}],"is_beta":false,"boss_relics":[{"not_picked":["Astrolabe","FrozenCore"],"picked":"Eternal Feather"},{"not_picked":["Snecko Eye","Calling Bell"],"picked":"Philosopher\u0027s Stone"}],"items_purged_floors":[21,28],"is_endless":false,"potions_floor_spawned":[4,5,14,16,20,22,29,31,40,41,45,47],"killed_by":"Donu and Deca","ascension_level":2}