{"gold_per_floor":[114,114,126,139,152,152,152,184,238,238],"floor_reached":10,"playtime":235,"items_purged":[],"score":68,"play_id":"9da79bfc-8377-4624-a760-e67583dee375","local_time":"20190202101409","is_ascension_mode":false,"campfire_choices":[{"data":"Redo","floor":6,"key":"SMITH"}],"neow_cost":"NONE","seed_source_timestamp":666246346850200,"circlet_count":0,"master_deck":["Strike_B+1","Strike_B","Strike_B","Strike_B","Defend_B","Defend_B+1","Defend_B","Defend_B","Zap","Dualcast","Tempest","Go for the Eyes","Redo+1","White Noise"],"relics":["Cracked Core","NeowsBlessing","Dodecahedron","Happy Flower"],"potions_floor_usage":[],"damage_taken":[{"damage":0,"enemies":"Small Slimes","floor":1,"turns":1},{"damage":0,"enemies":"2 Louse","floor":3,"turns":1},{"damage":0,"enemies":"Jaw Worm","floor":4,"turns":1},{"damage":14,"enemies":"Large Slime","floor":5,"turns":5},{"damage":30,"enemies":"Gremlin Nob","floor":8,"turns":4},{"damage":20,"enemies":"3 Louse","floor":10,"turns":2}],"seed_played":"837189746552704343","potions_obtained":[{"floor":4,"key":"Strength Potion"},{"floor":5,"key":"Block Potion"}],"is_trial":false,"path_per_floor":["M","?","M","M","M","R","?","E","T","M"],"character_chosen":"DEFECT","items_purchased":[],"campfire_rested":0,"item_purchase_floors":[],"current_hp_per_floor":[75,80,80,80,66,66,50,20,20,0],"gold":238,"neow_bonus":"THREE_ENEMY_KILL","is_prod":false,"is_daily":false,"chose_seed":false,"campfire_upgraded":1,"win_rate":0,"timestamp":1549120449,"path_taken":["M","?","M","M","M","R","?","E","T","M"],"build_version":"2019-01-23","purchased_purges":0,"victory":false,"max_hp_per_floor":[75,80,80,80,80,80,80,80,80,80],"card_choices":[{"not_picked":["Stack","Sweeping Beam"],"picked":"Tempest","floor":1},{"not_picked":["Hello World","Aggregate"],"picked":"Go for the Eyes","floor":3},{"not_picked":["Double Energy","Chaos","Sweeping Beam"],"picked":"SKIP","floor":4},{"not_picked":["Cold Snap","Steam"],"picked":"Redo","floor":5},{"not_picked":["Biased Cognition","Rip and Tear"],"picked":"White Noise","floor":8}],"player_experience":231094,"relics_obtained":[{"floor":8,"key":"Dodecahedron"},{"floor":9,"key":"Happy Flower"}],"event_choices":[{"damage_healed":0,"gold_gain":0,"player_choice":"Donut","damage_taken":0,"max_hp_gain":5,"max_hp_loss":0,"event_name":"Big Fish","floor":2,"gold_loss":0},{"damage_healed":0,"gold_gain":0,"player_choice":"Entered Light","damage_taken":16,"max_hp_gain":0,"max_hp_loss":0,"event_name":"Shining Light","floor":7,"gold_loss":0,"cards_upgraded":["Defend_B","Strike_B"]}],"is_beta":false,"boss_relics":[],"items_purged_floors":[],"is_endless":false,"potions_floor_spawned":[4,5],"killed_by":"3 Louse","ascension_level":0}