{"gold_per_floor":[144,144,159,174,349,349,364,364,414,414,414,183,183,198,198,298,298,313,328,328,17,17,17,47,62,112,112,127,154,17,47,47,147,197,212,227,242,242,162,177,177,192,192,192,207,207,207,222,222,222],"floor_reached":51,"playtime":2593,"items_purged":["Doubt","Limit Break"],"score":879,"play_id":"3897f4b9-1f4f-43e5-b8af-02c535c9829e","local_time":"20180929193751","daily_mods":["Shiny","Vintage","Careless"],"is_ascension_mode":false,"campfire_choices":[{"data":"Feed","floor":6,"key":"SMITH"},{"data":"Fiend Fire","floor":8,"key":"SMITH"},{"data":"Berserk","floor":10,"key":"SMITH"},{"data":"Metallicize","floor":13,"key":"SMITH"},{"data":"Dark Embrace","floor":15,"key":"SMITH"},{"data":"Magnetism","floor":23,"key":"SMITH"},{"data":"Demon Form","floor":27,"key":"SMITH"},{"data":"PanicButton","floor":32,"key":"SMITH"},{"floor":44,"key":"REST"},{"floor":49,"key":"REST"}],"neow_cost":"","seed_source_timestamp":0,"circlet_count":0,"master_deck":["Double Tap+1","Demon Form+1","Feed+1","Barricade+1","Fiend Fire+1","Dark Embrace+1","Berserk+1","Impervious+1","Brutality+1","Reaper+1","Exhume+1","Offering+1","Immolate+1","Metallicize+1","Sword Boomerang+1","Bloodletting+1","Impervious+1","Magnetism+1","PanicButton+1","Body Slam+1","Ghostly Armor+1","Impervious+1","Flex+1","Shockwave+1"],"special_seed":17803,"relics":["Burning Blood","Tiny Chest","Incense Burner","Kunai","Centennial Puzzle","Whetstone","Mango","Oddly Smooth Stone","Paper Frog","Busted Crown","Bag of Preparation","Pantograph","Meat on the Bone","Boot","Mummified Hand","Red Skull","MawBank","Matryoshka","Anchor","Bronze Scales","Tiny House","Singing Bowl","Vajra","Question Card","Pocketwatch","Mark of the Bloom","War Paint","Pear","Bottled Tornado","Bag of Marbles","The Courier","Sundial","Omamori"],"potions_floor_usage":[33,33],"damage_taken":[{"damage":0,"enemies":"Small Slimes","floor":1,"turns":1},{"damage":6,"enemies":"Cultist","floor":3,"turns":5},{"damage":12,"enemies":"Jaw Worm","floor":4,"turns":3},{"damage":0,"enemies":"2 Fungi Beasts","floor":7,"turns":2},{"damage":7,"enemies":"Large Slime","floor":14,"turns":2},{"damage":73,"enemies":"Hexaghost","floor":16,"turns":4},{"damage":9,"enemies":"Spheric Guardian","floor":18,"turns":4},{"damage":19,"enemies":"3 Byrds","floor":19,"turns":4},{"damage":21,"enemies":"Book of Stabbing","floor":24,"turns":3},{"damage":14,"enemies":"Cultist and Chosen","floor":25,"turns":4},{"damage":0,"enemies":"Snake Plant","floor":28,"turns":1},{"damage":15,"enemies":"Centurion and Healer","floor":29,"turns":3},{"damage":15,"enemies":"Slavers","floor":31,"turns":1},{"damage":89,"enemies":"Champ","floor":33,"turns":11},{"damage":0,"enemies":"Orb Walker","floor":35,"turns":4},{"damage":6,"enemies":"3 Darklings","floor":36,"turns":2},{"damage":7,"enemies":"Spire Growth","floor":37,"turns":3},{"damage":0,"enemies":"4 Shapes","floor":40,"turns":1},{"damage":10,"enemies":"Reptomancer","floor":42,"turns":2},{"damage":2,"enemies":"Maw","floor":45,"turns":3},{"damage":10,"enemies":"Transient","floor":48,"turns":5},{"damage":9,"enemies":"Awakened One","floor":50,"turns":4}],"seed_played":"5914657231768522492","potions_obtained":[{"floor":3,"key":"Fire Potion"},{"floor":7,"key":"SneckoOil"},{"floor":14,"key":"SmokeBomb"},{"floor":16,"key":"Strength Potion"},{"floor":28,"key":"LiquidBronze"},{"floor":33,"key":"SteroidPotion"},{"floor":34,"key":"Strength Potion"},{"floor":37,"key":"Swift Potion"},{"floor":42,"key":"PowerPotion"}],"is_trial":false,"path_per_floor":["M","?","M","M","?","R","M","R","T","R","?","$","R","M","R","B",null,"M","M","?","$","T","R","E","M","T","R","M","M","$","E","R","B",null,"M","M","M","?","$","M","?","M","T","R","M","T","?","M","R","B"],"character_chosen":"IRONCLAD","items_purchased":["Metallicize","Sword Boomerang","Bloodletting","Magnetism","PanicButton","Body Slam","Shockwave"],"campfire_rested":2,"item_purchase_floors":[12,12,12,21,30,30,39],"current_hp_per_floor":[80,80,83,77,77,77,83,83,83,83,90,90,90,89,89,22,97,94,87,87,87,87,87,78,70,70,70,76,71,71,66,66,20,110,110,110,109,109,109,110,110,100,100,100,98,98,98,88,88,79],"gold":222,"neow_bonus":"","is_prod":false,"is_daily":true,"chose_seed":false,"campfire_upgraded":8,"win_rate":0,"timestamp":1538246271,"path_taken":["M","?","M","M","?","R","M","R","T","R","?","$","R","M","R","BOSS","M","M","?","$","?","R","E","M","T","R","M","M","?","E","R","BOSS","M","M","M","?","$","M","?","M","T","R","M","?","?","M","R","BOSS"],"build_version":"2018-09-27","purchased_purges":2,"victory":true,"max_hp_per_floor":[80,80,83,83,83,83,83,83,83,83,97,97,97,97,97,97,97,97,97,97,97,97,97,97,97,97,97,97,101,101,105,105,105,110,110,110,110,110,110,110,110,110,120,120,120,120,120,120,120,120],"card_choices":[{"not_picked":["Brutality","Barricade"],"picked":"Impervious","floor":16},{"not_picked":["Reckless Charge+1"],"picked":"SKIP","floor":24},{"not_picked":[],"picked":"Ghostly Armor","floor":31},{"not_picked":[],"picked":"Impervious","floor":33},{"not_picked":[],"picked":"Flex","floor":34}],"player_experience":435005,"relics_obtained":[{"floor":1,"key":"Tiny Chest"},{"floor":3,"key":"Incense Burner"},{"floor":4,"key":"Kunai"},{"floor":7,"key":"Centennial Puzzle"},{"floor":9,"key":"Whetstone"},{"floor":14,"key":"Oddly Smooth Stone"},{"floor":16,"key":"Paper Frog"},{"floor":18,"key":"Bag of Preparation"},{"floor":19,"key":"Pantograph"},{"floor":22,"key":"Meat on the Bone"},{"floor":24,"key":"Boot"},{"floor":25,"key":"Mummified Hand"},{"floor":26,"key":"Red Skull"},{"floor":28,"key":"MawBank"},{"floor":29,"key":"Matryoshka"},{"floor":31,"key":"Anchor"},{"floor":33,"key":"Bronze Scales"},{"floor":35,"key":"Singing Bowl"},{"floor":36,"key":"Vajra"},{"floor":37,"key":"Question Card"},{"floor":40,"key":"Pocketwatch"},{"floor":42,"key":"War Paint"},{"floor":43,"key":"Pear"},{"floor":43,"key":"Bottled Tornado"},{"floor":45,"key":"Bag of Marbles"},{"floor":46,"key":"The Courier"},{"floor":46,"key":"Sundial"},{"floor":48,"key":"Omamori"}],"event_choices":[{"event_name":"Upgrade Shrine","player_choice":"Upgraded","floor":2,"damage_taken":0},{"event_name":"Liars Game","player_choice":"agreed","floor":5,"damage_taken":0},{"event_name":"Scrap Ooze","player_choice":"success","floor":11,"damage_taken":7},{"event_name":"Back to Basics","player_choice":"Elegance","floor":20,"damage_taken":0},{"event_name":"Tomb of Lord Red Mask","player_choice":"Ignored","floor":38,"damage_taken":0},{"event_name":"MindBloom","player_choice":"Upgrade","floor":41,"damage_taken":0},{"event_name":"Falling","player_choice":"Removed Attack","floor":47,"damage_taken":0}],"is_beta":false,"boss_relics":[{"not_picked":["Calling Bell","Fusion Hammer"],"picked":"Busted Crown"},{"not_picked":["Black Star","Snecko Eye"],"picked":"Tiny House"}],"items_purged_floors":[12,21],"is_endless":false,"potions_floor_spawned":[3,7,14,16,19,28,33,37,40,42],"ascension_level":0}