{"path_per_floor":["M","M","?","$","M","E","?","R","T","?","T","E","R","?","R","B",null,"M","?","M","$","?"],"character_chosen":"THE_SILENT","items_purchased":["Acrobatics","Poisoned Stab","Panacea"],"gold_per_floor":[112,132,132,5,20,55,55,55,55,55,55,98,98,173,173,299,299,314,314,330,109,309],"floor_reached":23,"campfire_rested":1,"playtime":2078,"current_hp_per_floor":[70,70,70,70,68,66,49,49,49,49,49,31,31,20,41,33,70,70,70,66,66,66],"items_purged":["Reflex","Regret"],"gold":309,"score":224,"play_id":"e1098d1b-c0f4-4b6f-ac8f-5512a41aee8b","local_time":"20180305195755","is_prod":false,"is_daily":false,"is_ascension_mode":true,"campfire_upgraded":2,"timestamp":1520279875,"path_taken":["M","M","?","?","M","E","?","R","T","?","?","E","R","?","R","BOSS","M","?","M","$","?","E"],"build_version":"2018-03-01-PROD1","purchased_purges":2,"victory":false,"master_deck":["Survivor","Neutralize","Predator","Bane","Escape Plan+1","Leg Sweep","Predator","Poisoned Stab","Cloak And Dagger","Flying Knee","Dagger Spray","Dodge and Roll+1","Backflip","Acrobatics+1","Distraction+1","Leg Sweep","Prepared","Corpse Explosion","Dodge and Roll+1","Malaise","Poisoned Stab","Panacea"],"max_hp_per_floor":[70,70,70,70,70,70,70,70,70,70,70,70,70,70,70,70,70,70,70,70,70,70],"relics":["Pandora\u0027s Box","Oddly Smooth Stone","War Paint","Golden Idol","Dead Branch","Art of War","Bottled Flame","Dodecahedron","Black Star"],"card_choices":[{"not_picked":["Reflex","Quick Slash"],"picked":"Dodge and Roll"},{"not_picked":["PiercingWail","Slice"],"picked":"Backflip"},{"not_picked":["Dagger Throw","Sucker Punch"],"picked":"Distraction"},{"not_picked":["Poisoned Stab","Sucker Punch"],"picked":"Leg Sweep"},{"not_picked":["Flechettes","Dagger Throw"],"picked":"Prepared"},{"not_picked":["Unload","Glass Knife"],"picked":"Corpse Explosion"},{"not_picked":["Riddle With Holes","Underhanded Strike"],"picked":"Dodge and Roll"},{"not_picked":["Quick Slash","Deflect"],"picked":"Malaise"}],"player_experience":145012,"potions_floor_usage":[23,23],"damage_taken":[{"damage":0,"enemies":"Jaw Worm","floor":1,"turns":3},{"damage":0,"enemies":"Cultist","floor":2,"turns":2},{"damage":2,"enemies":"2 Louse","floor":5,"turns":2},{"damage":2,"enemies":"Lagavulin","floor":6,"turns":7},{"damage":18,"enemies":"3 Sentries","floor":12,"turns":6},{"damage":8,"enemies":"Slime Boss","floor":16,"turns":11},{"damage":0,"enemies":"3 Byrds","floor":18,"turns":3},{"damage":4,"enemies":"Chosen","floor":20,"turns":6},{"damage":71,"enemies":"Gremlin Leader","floor":23,"turns":8}],"event_choices":[{"event_name":"Wheel of Change","player_choice":"Relic","floor":3,"damage_taken":0},{"event_name":"Golden Idol","player_choice":"Take Damage","floor":7,"damage_taken":0},{"event_name":"Big Fish","player_choice":"Box","floor":10,"damage_taken":0},{"event_name":"World of Goop","player_choice":"Gather Gold","floor":14,"damage_taken":0},{"event_name":"Vampires","player_choice":"Ignored","floor":19,"damage_taken":0},{"event_name":"Wheel of Change","player_choice":"Gold","floor":22,"damage_taken":0}],"boss_relics":[{"not_picked":["Question Card","White Beast Statue"],"picked":"Black Star"}],"potions_floor_spawned":[5,6,16],"seed_played":"-1991611804338957892","killed_by":"Gremlin Leader","ascension_level":3,"is_trial":false}