{"gold_per_floor":[119,129,204,223,233,233,164,164,187,203,216,216,216,230,230,333,333,353,353,182,182,195,195,207,207],"floor_reached":25,"playtime":1400,"items_purged":["Prepared"],"score":380,"play_id":"a5aa6505-3b5e-4bd2-99bd-1cde8f71f98d","local_time":"20181026141015","is_ascension_mode":true,"campfire_choices":[{"data":"Footwork","floor":6,"key":"SMITH"},{"floor":12,"key":"REST"},{"data":"Noxious Fumes","floor":15,"key":"SMITH"},{"data":"Catalyst","floor":23,"key":"SMITH"}],"neow_cost":"PERCENT_DAMAGE","seed_source_timestamp":254171223095994,"circlet_count":0,"master_deck":["Defend_G","Defend_G","Defend_G","Defend_G","Strike_G","Strike_G","Survivor","Neutralize","AscendersBane","Dash","Dagger Throw","Footwork+1","Noxious Fumes+1","Cloak And Dagger","Adrenaline","PiercingWail+1","Corpse Explosion+1","Crippling Poison+1","Backflip","Catalyst+1","Backflip","Necronomicurse","Sucker Punch+1"],"relics":["Ring of the Snake","Ginger","Happy Flower","Mercury Hourglass","Astrolabe","Smiling Mask","Necronomicon"],"potions_floor_usage":[10,11,16,25,25],"damage_taken":[{"damage":3,"enemies":"2 Louse","floor":1,"turns":3},{"damage":0,"enemies":"Cultist","floor":2,"turns":4},{"damage":3,"enemies":"Small Slimes","floor":4,"turns":4},{"damage":5,"enemies":"Gremlin Gang","floor":5,"turns":7},{"damage":0,"enemies":"2 Fungi Beasts","floor":10,"turns":3},{"damage":4,"enemies":"Exordium Wildlife","floor":11,"turns":7},{"damage":1,"enemies":"Looter","floor":14,"turns":3},{"damage":0,"enemies":"The Guardian","floor":16,"turns":10},{"damage":11,"enemies":"2 Thieves","floor":18,"turns":3},{"damage":0,"enemies":"3 Byrds","floor":22,"turns":3},{"damage":17,"enemies":"Shelled Parasite and Fungi","floor":24,"turns":4},{"damage":19,"enemies":"Book of Stabbing","floor":25,"turns":7}],"seed_played":"1767745095734791725","potions_obtained":[{"floor":1,"key":"Weak Potion"},{"floor":4,"key":"Block Potion"},{"floor":10,"key":"Weak Potion"},{"floor":18,"key":"Explosive Potion"},{"floor":22,"key":"Block Potion"}],"is_trial":false,"path_per_floor":["M","M","?","M","M","R","$","?","T","M","M","R","T","M","R","B",null,"M","?","$","?","M","R","M"],"character_chosen":"THE_SILENT","items_purchased":["Noxious Fumes","Catalyst","Backflip"],"campfire_rested":1,"item_purchase_floors":[7,20,20],"current_hp_per_floor":[42,42,31,28,23,23,23,23,23,23,19,40,40,39,39,39,62,51,51,51,35,35,35,18,0],"gold":207,"neow_bonus":"ONE_RARE_RELIC","is_prod":false,"is_daily":false,"chose_seed":false,"campfire_upgraded":3,"win_rate":0,"timestamp":1540559415,"path_taken":["M","M","?","M","?","R","?","?","T","M","M","R","?","M","R","BOSS","M","?","$","?","M","R","?","E"],"build_version":"2018-10-25v2","purchased_purges":1,"victory":false,"max_hp_per_floor":[70,70,70,70,70,70,70,70,70,70,70,70,70,70,70,70,70,70,70,70,70,70,70,70,70],"card_choices":[{"not_picked":["Flying Knee","Bouncing Flask"],"picked":"Dash","floor":1},{"not_picked":["Acrobatics","Predator"],"picked":"Dagger Throw","floor":2},{"not_picked":["Deflect","Slice","Eviscerate"],"picked":"SKIP","floor":4},{"not_picked":["Bane","Poisoned Stab"],"picked":"Footwork","floor":5},{"not_picked":["Bane","Catalyst"],"picked":"Cloak And Dagger","floor":10},{"not_picked":["Doppelganger","Flechettes","Concentrate"],"picked":"SKIP","floor":11},{"not_picked":["Slice","Outmaneuver"],"picked":"Prepared","floor":14},{"not_picked":["Storm of Steel","Grand Finale"],"picked":"Adrenaline","floor":16},{"not_picked":["Prepared","Outmaneuver"],"picked":"Backflip","floor":18},{"not_picked":["Prepared","Bane"],"picked":"Sucker Punch+1","floor":22},{"not_picked":["Predator","Poisoned Stab","Quick Slash"],"picked":"SKIP","floor":24}],"player_experience":475811,"relics_obtained":[{"floor":9,"key":"Happy Flower"},{"floor":13,"key":"Mercury Hourglass"},{"floor":21,"key":"Necronomicon"}],"event_choices":[{"damage_healed":0,"gold_gain":75,"player_choice":"Gather Gold","damage_taken":11,"max_hp_gain":0,"max_hp_loss":0,"event_name":"World of Goop","floor":3,"gold_loss":0},{"cards_removed":["Strike_G"],"damage_healed":0,"gold_gain":0,"player_choice":"Offered Basic","damage_taken":0,"max_hp_gain":0,"max_hp_loss":0,"event_name":"Bonfire Elementals","floor":8,"gold_loss":0},{"damage_healed":0,"gold_gain":0,"player_choice":"Opened","damage_taken":0,"relics_obtained":["Smiling Mask"],"max_hp_gain":0,"max_hp_loss":0,"event_name":"The Mausoleum","floor":19,"gold_loss":0},{"damage_healed":0,"gold_gain":0,"player_choice":"Obtained Book","damage_taken":16,"max_hp_gain":0,"max_hp_loss":0,"event_name":"Cursed Tome","floor":21,"gold_loss":0}],"is_beta":false,"boss_relics":[{"not_picked":["HoveringKite","Orrery"],"picked":"Astrolabe"}],"items_purged_floors":[20],"is_endless":false,"potions_floor_spawned":[1,4,10,18,22],"killed_by":"Book of Stabbing","ascension_level":11}