{"path_per_floor":["M","?","M","M","M","R","E","R","T","?","$","R","E","?","R","B",null,"M","$","?","M","M"],"character_chosen":"IRONCLAD","items_purchased":["Oddly Smooth Stone","Inflame","Apotheosis"],"gold_per_floor":[109,109,122,141,159,159,193,193,218,183,11,11,43,43,43,166,166,180,34,34,57,73],"floor_reached":23,"campfire_rested":0,"playtime":1215,"current_hp_per_floor":[87,69,67,54,59,59,53,53,53,74,74,74,58,58,58,48,81,76,76,76,65,24],"items_purged":[],"gold":73,"score":199,"play_id":"a1b163bd-c024-4bb5-97eb-49b1891967c4","is_prod":false,"is_daily":false,"is_ascension_mode":false,"campfire_upgraded":0,"path_taken":["M","?","M","M","?","R","E","R","T","?","$","R","E","?","R","BOSS","M","$","?","M","M","E"],"build_version":"2018-02-12-PROD1","purchased_purges":0,"victory":false,"master_deck":["Strike_R","Strike_R","Strike_R","Strike_R","Strike_R","Defend_R","Defend_R","Defend_R","Defend_R","Bash","Perfected Strike","Inflame","Intimidate","Clothesline","Inflame","Rage","Limit Break","Hemokinesis","Apotheosis","Warcry+1","Pommel Strike"],"max_hp_per_floor":[87,87,87,87,87,87,87,87,87,87,87,87,87,81,81,81,81,81,81,81,81,81],"relics":["Burning Blood","Strawberry","Shovel","Blood Vial","The Courier","Champion Belt","Prayer Wheel","Oddly Smooth Stone","Pantograph","Ornamental Fan","Golden Idol","Omamori","Black Star"],"card_choices":[{"not_picked":["Blood for Blood","Armaments"],"picked":"Perfected Strike"},{"not_picked":["Wild Strike","Fire Breathing"],"picked":"Inflame"},{"not_picked":["Reckless Charge","Thunderclap"],"picked":"Intimidate"},{"not_picked":["Headbutt","Rage"],"picked":"Clothesline"},{"not_picked":["Body Slam","Reckless Charge"],"picked":"Rage"},{"not_picked":["Impervious","Bludgeon"],"picked":"Limit Break"},{"not_picked":["Clash","Body Slam"],"picked":"Hemokinesis"},{"not_picked":["Body Slam","Cleave"],"picked":"Warcry"},{"not_picked":["Wild Strike","Dark Embrace"],"picked":"Pommel Strike"}],"player_experience":143535,"potions_floor_usage":[7,7,18,18,18,22],"damage_taken":[{"damage":5,"enemies":"Cultist","floor":1,"turns":4},{"damage":8,"enemies":"Jaw Worm","floor":3,"turns":3},{"damage":19,"enemies":"Blue Slaver","floor":4,"turns":3},{"damage":1,"enemies":"2 Fungi Beasts","floor":5,"turns":3},{"damage":14,"enemies":"3 Sentries","floor":7,"turns":5},{"damage":24,"enemies":"Gremlin Nob","floor":13,"turns":5},{"damage":39,"enemies":"Slime Boss","floor":16,"turns":10},{"damage":11,"enemies":"2 Thieves","floor":18,"turns":4},{"damage":19,"enemies":"Chosen","floor":21,"turns":6},{"damage":49,"enemies":"Snake Plant","floor":22,"turns":6},{"damage":28,"enemies":"Gremlin Leader","floor":23,"turns":2}],"event_choices":[{"event_name":"Scrap Ooze","player_choice":"success","floor":2,"damage_taken":18},{"event_name":"The Cleric","player_choice":"Healed","floor":10,"damage_taken":0},{"event_name":"Golden Idol","player_choice":"Lose Max HP","floor":14,"damage_taken":0},{"event_name":"Vampires","player_choice":"Ignored","floor":20,"damage_taken":0}],"boss_relics":[{"not_picked":["Tiny House","Runic Dome"],"picked":"Black Star"}],"potions_floor_spawned":[1,4,7,13,16,21],"seed_played":"-8191465426377010982","killed_by":"Gremlin Leader","ascension_level":0,"is_trial":false}