{"gold_per_floor":[114,289,302,320,46,46,76,76,103,131,26,36,54,116,116,220,220,238,31,46,59,59,59,59,72,99,114,114],"floor_reached":28,"playtime":1591,"items_purged":["Doubt"],"score":341,"play_id":"60b9bf9e-38fd-426c-82c9-e249909f3c74","local_time":"20181014182816","is_ascension_mode":true,"campfire_choices":[{"data":"Armaments","floor":6,"key":"SMITH"},{"floor":15,"key":"REST"},{"data":"Barricade","floor":23,"key":"SMITH"}],"neow_cost":"TEN_PERCENT_HP_LOSS","seed_source_timestamp":1110424980978,"circlet_count":0,"master_deck":["Strike_R","Strike_R","Strike_R","Strike_R","Strike_R","Defend_R","Defend_R","Defend_R","Defend_R","Bash","AscendersBane","Barricade+1","Pommel Strike","Disarm","Armaments+1","Feel No Pain","Iron Wave","Panacea","Battle Trance","Metallicize","Bludgeon+1","Juggernaut","Clash+1","Armaments+1","Anger+1","Writhe","Corruption","Cleave+1","Rampage+1"],"relics":["Burning Blood","Happy Flower","Bronze Scales","Red Skull","Odd Mushroom","Molten Egg 2","Busted Crown","Strange Spoon","Letter Opener","Potion Belt"],"potions_floor_usage":[7,8,10,10,16,18,25],"damage_taken":[{"damage":6,"enemies":"Cultist","floor":1,"turns":4},{"damage":5,"enemies":"2 Louse","floor":3,"turns":5},{"damage":20,"enemies":"Small Slimes","floor":4,"turns":4},{"damage":39,"enemies":"3 Sentries","floor":7,"turns":12},{"damage":24,"enemies":"The Mushroom Lair","floor":10,"turns":5},{"damage":7,"enemies":"2 Fungi Beasts","floor":12,"turns":2},{"damage":0,"enemies":"Gremlin Gang","floor":13,"turns":6},{"damage":11,"enemies":"3 Sentries","floor":14,"turns":10},{"damage":25,"enemies":"The Guardian","floor":16,"turns":13},{"damage":0,"enemies":"3 Byrds","floor":18,"turns":4},{"damage":27,"enemies":"Shell Parasite","floor":20,"turns":6},{"damage":3,"enemies":"Cultist and Chosen","floor":21,"turns":5},{"damage":16,"enemies":"Snake Plant","floor":25,"turns":4},{"damage":27,"enemies":"Centurion and Healer","floor":27,"turns":7},{"damage":35,"enemies":"Book of Stabbing","floor":28,"turns":4}],"seed_played":"7099373925710445282","potions_obtained":[{"floor":1,"key":"Dexterity Potion"},{"floor":8,"key":"Fruit Juice"},{"floor":8,"key":"Regen Potion"},{"floor":8,"key":"PowerPotion"},{"floor":10,"key":"LiquidBronze"},{"floor":12,"key":"Weak Potion"},{"floor":16,"key":"Regen Potion"},{"floor":18,"key":"Dexterity Potion"}],"is_trial":false,"path_per_floor":["M","?","M","M","$","R","E","?","T","?","$","M","M","?","R","B",null,"M","$","M","M","?","R","?","M","T","M"],"character_chosen":"IRONCLAD","items_purchased":["Armaments","Happy Flower","Panacea","Strange Spoon"],"campfire_rested":1,"item_purchase_floors":[5,5,11,19],"current_hp_per_floor":[72,72,72,58,58,58,25,30,30,26,26,25,31,26,49,30,65,71,71,50,53,53,53,53,55,55,34,0],"gold":114,"neow_bonus":"THREE_RARE_CARDS","is_prod":false,"is_daily":false,"chose_seed":false,"campfire_upgraded":2,"win_rate":0,"timestamp":1539538096,"path_taken":["M","?","M","M","$","R","E","?","T","?","?","M","?","?","R","BOSS","M","$","M","M","?","R","?","?","T","M","E"],"build_version":"2018-10-11","purchased_purges":1,"victory":false,"max_hp_per_floor":[72,72,72,72,72,72,72,77,77,77,77,77,77,77,77,77,77,77,77,77,77,77,77,77,77,77,77,77],"card_choices":[{"not_picked":["Double Tap","Juggernaut"],"picked":"Barricade","floor":0},{"not_picked":["Sentinel","Blood for Blood","Corruption"],"picked":"SKIP","floor":1},{"not_picked":["Perfected Strike","Corruption"],"picked":"Pommel Strike","floor":3},{"not_picked":["Wild Strike","Twin Strike"],"picked":"Disarm","floor":4},{"not_picked":["True Grit","Clash"],"picked":"Feel No Pain","floor":7},{"not_picked":["Power Through","Inflame"],"picked":"Iron Wave","floor":10},{"not_picked":["Clothesline","True Grit"],"picked":"Battle Trance","floor":12},{"not_picked":["Warcry","Pommel Strike"],"picked":"Metallicize","floor":13},{"not_picked":["Evolve","Pummel"],"picked":"Bludgeon","floor":14},{"not_picked":["Berserk","Offering"],"picked":"Juggernaut","floor":16},{"not_picked":[],"picked":"Clash+1","floor":18},{"not_picked":[],"picked":"Armaments+1","floor":20},{"not_picked":[],"picked":"Anger+1","floor":21},{"not_picked":[],"picked":"Cleave+1","floor":25},{"not_picked":[],"picked":"Rampage+1","floor":27}],"player_experience":460928,"relics_obtained":[{"floor":7,"key":"Bronze Scales"},{"floor":9,"key":"Red Skull"},{"floor":10,"key":"Odd Mushroom"},{"floor":14,"key":"Molten Egg 2"},{"floor":26,"key":"Potion Belt"}],"event_choices":[{"event_name":"Liars Game","player_choice":"agreed","floor":2,"damage_taken":0},{"event_name":"The Lab","player_choice":"Got Potions","floor":8,"damage_taken":0},{"event_name":"Mushrooms","player_choice":"Fought Mushrooms","floor":10,"damage_taken":0},{"event_name":"Dead Adventurer","player_choice":"Searched \u00272\u0027 times","floor":14,"damage_taken":0},{"event_name":"The Mausoleum","player_choice":"Yes","floor":22,"damage_taken":0},{"event_name":"The Library","player_choice":"Read","floor":24,"damage_taken":0}],"is_beta":false,"boss_relics":[{"not_picked":["Snecko Eye","Philosopher\u0027s Stone"],"picked":"Busted Crown"}],"items_purged_floors":[5],"is_endless":false,"potions_floor_spawned":[1,10,12,16,18,21],"killed_by":"Book of Stabbing","ascension_level":11}