{"gold_per_floor":[116,41,41,41,65,65,96,117,189,189,189,204,228,252,252,351,351,376,11,11,35,103,103,103],"floor_reached":24,"playtime":1144,"items_purged":["Strike_B"],"score":368,"play_id":"b0f75d04-10ec-4500-8800-0bf81d79719f","local_time":"20190310155018","is_ascension_mode":true,"campfire_choices":[{"data":"Dualcast","floor":6,"key":"SMITH"},{"data":"Self Repair","floor":10,"key":"SMITH"},{"data":"Loop","floor":15,"key":"SMITH"},{"data":"Fission","floor":23,"key":"SMITH"}],"neow_cost":"CURSE","seed_source_timestamp":595736253240200,"circlet_count":0,"master_deck":["AscendersBane","Defend_B","Defend_B","Defend_B","Defend_B","Zap","Dualcast+1","Cold Snap","Go for the Eyes","Self Repair+1","Loop+1","FTL","Machine Learning","Conserve Battery","Bite","Bite","Bite","Bite","Bite","Fission+1"],"relics":["Cracked Core","Incense Burner","Golden Idol","Happy Flower","Runic Pyramid","Thread and Needle","Dodecahedron"],"potions_floor_usage":[16,16],"damage_taken":[{"damage":9,"enemies":"Jaw Worm","floor":1,"turns":3},{"damage":8,"enemies":"Small Slimes","floor":5,"turns":4},{"damage":36,"enemies":"Lagavulin","floor":7,"turns":10},{"damage":0,"enemies":"2 Louse","floor":8,"turns":1},{"damage":1,"enemies":"Blue Slaver","floor":12,"turns":4},{"damage":6,"enemies":"Looter","floor":13,"turns":3},{"damage":17,"enemies":"Exordium Thugs","floor":14,"turns":5},{"damage":26,"enemies":"Slime Boss","floor":16,"turns":11},{"damage":2,"enemies":"Shell Parasite","floor":18,"turns":6},{"damage":13,"enemies":"Spheric Guardian","floor":21,"turns":6},{"damage":58,"enemies":"Gremlin Leader","floor":24,"turns":9}],"seed_played":"3327664443631879444","potions_obtained":[{"floor":7,"key":"AttackPotion"},{"floor":8,"key":"AttackPotion"},{"floor":21,"key":"SteroidPotion"}],"is_trial":false,"path_per_floor":["M","?","?","?","M","R","E","M","T","R","?","M","M","M","R","B",null,"M","$","?","M","T","R","E"],"character_chosen":"DEFECT","items_purchased":["Thread and Needle"],"campfire_rested":0,"item_purchase_floors":[19],"current_hp_per_floor":[55,55,48,48,40,40,4,4,4,4,25,34,38,31,31,15,52,60,60,44,44,44,44,0],"gold":103,"neow_bonus":"ONE_RARE_RELIC","is_prod":false,"is_daily":false,"chose_seed":false,"campfire_upgraded":4,"win_rate":0,"timestamp":1552233018,"path_taken":["M","?","?","?","M","R","E","M","T","R","?","M","M","?","R","BOSS","M","$","?","M","?","R","E"],"build_version":"2019-01-23","purchased_purges":1,"victory":false,"max_hp_per_floor":[71,71,71,64,64,64,64,64,64,64,64,64,64,64,64,64,64,64,64,44,44,44,44,44],"card_choices":[{"not_picked":["Turbo","Rip and Tear","Blizzard"],"picked":"SKIP","floor":1},{"not_picked":["Rip and Tear","Leap"],"picked":"Cold Snap","floor":5},{"not_picked":["Buffer","Barrage"],"picked":"Go for the Eyes","floor":7},{"not_picked":["Steam Power","Heatsinks"],"picked":"Self Repair","floor":8},{"not_picked":["Barrage","Beam Cell","Stack"],"picked":"SKIP","floor":12},{"not_picked":["Heatsinks","Sweeping Beam"],"picked":"Loop","floor":13},{"not_picked":["Hello World","Turbo"],"picked":"FTL","floor":14},{"not_picked":["Core Surge","Creative AI"],"picked":"Machine Learning","floor":16},{"not_picked":["Redo","Compile Driver"],"picked":"Conserve Battery","floor":18},{"not_picked":["Reinforced Body","Gash"],"picked":"Fission","floor":21}],"player_experience":598951,"relics_obtained":[{"floor":7,"key":"Happy Flower"},{"floor":22,"key":"Dodecahedron"}],"event_choices":[{"cards_removed":["Writhe"],"damage_healed":0,"gold_gain":0,"player_choice":"Card Removal","damage_taken":0,"max_hp_gain":0,"max_hp_loss":0,"event_name":"The Cleric","floor":2,"gold_loss":75},{"cards_removed":["Strike_B"],"damage_healed":0,"gold_gain":0,"player_choice":"Card Removal","damage_taken":7,"max_hp_gain":0,"max_hp_loss":0,"event_name":"Golden Wing","floor":3,"gold_loss":0},{"damage_healed":0,"gold_gain":0,"player_choice":"Lose Max HP","damage_taken":0,"relics_obtained":["Golden Idol"],"max_hp_gain":0,"max_hp_loss":7,"event_name":"Golden Idol","floor":4,"gold_loss":0},{"damage_healed":21,"gold_gain":0,"player_choice":"Banana","damage_taken":0,"max_hp_gain":0,"max_hp_loss":0,"event_name":"Big Fish","floor":11,"gold_loss":0},{"damage_healed":0,"gold_gain":0,"player_choice":"Became a vampire","damage_taken":0,"max_hp_gain":0,"max_hp_loss":20,"event_name":"Vampires","floor":20,"gold_loss":0,"cards_obtained":["Bite","Bite","Bite","Bite","Bite"]}],"is_beta":false,"boss_relics":[{"not_picked":["Lizard Tail","Black Star"],"picked":"Runic Pyramid"}],"items_purged_floors":[19],"is_endless":false,"potions_floor_spawned":[7,8,12,13,21],"killed_by":"Gremlin Leader","ascension_level":15}