{"gold_per_floor":[111,111,182,200,210,210,242,242,266,266,283,299,37,50,50,145,145,156,172,204,223,223,223,223],"floor_reached":24,"playtime":1009,"items_purged":[],"score":208,"play_id":"53af5d98-4c90-4a4c-a350-3a21599c420f","local_time":"20181004035610","is_ascension_mode":true,"campfire_choices":[{"data":"Redo","floor":6,"key":"SMITH"},{"data":"Zap","floor":8,"key":"SMITH"},{"floor":10,"key":"REST"},{"data":"Tempest","floor":15,"key":"SMITH"},{"data":"Electrodynamics","floor":23,"key":"SMITH"}],"neow_cost":"TEN_PERCENT_HP_LOSS","seed_source_timestamp":1585564904474,"circlet_count":0,"master_deck":["Defend_B","Defend_B","Defend_B","Zap+1","Dualcast","Redo+1","Loop+1","Genetic Algorithm","Coolheaded","Tempest+1","Steam","Electrodynamics+1","Capacitor+1","Leap+1","Leap"],"relics":["Cracked Core","Bottled Lightning","Pen Nib","Orichalcum","Cables","Empty Cage","Red Mask"],"potions_floor_usage":[7,20,24],"damage_taken":[{"damage":11,"enemies":"Jaw Worm","floor":1,"turns":2},{"damage":4,"enemies":"Cultist","floor":4,"turns":4},{"damage":7,"enemies":"2 Louse","floor":5,"turns":2},{"damage":24,"enemies":"3 Sentries","floor":7,"turns":6},{"damage":8,"enemies":"Exordium Wildlife","floor":11,"turns":5},{"damage":0,"enemies":"3 Louse","floor":12,"turns":3},{"damage":0,"enemies":"Blue Slaver","floor":14,"turns":3},{"damage":12,"enemies":"The Guardian","floor":16,"turns":13},{"damage":8,"enemies":"Shell Parasite","floor":18,"turns":6},{"damage":9,"enemies":"2 Thieves","floor":19,"turns":3},{"damage":4,"enemies":"Masked Bandits","floor":20,"turns":2},{"damage":16,"enemies":"Sentry and Sphere","floor":21,"turns":5},{"damage":10,"enemies":"Colosseum Slavers","floor":24,"turns":3},{"damage":21,"enemies":"Colosseum Nobs","floor":24,"turns":3}],"seed_played":"984360339692283656","potions_obtained":[{"floor":5,"key":"Regen Potion"},{"floor":11,"key":"Poison Potion"},{"floor":16,"key":"SteroidPotion"},{"floor":18,"key":"LiquidBronze"}],"is_trial":false,"path_per_floor":["M","?","T","M","M","R","E","R","T","R","M","M","$","M","R","B",null,"M","M","?","M","?","R"],"character_chosen":"DEFECT","items_purchased":["Cables"],"campfire_rested":1,"item_purchase_floors":[13],"current_hp_per_floor":[57,57,57,53,46,46,37,37,37,57,49,49,49,49,49,37,68,60,51,47,31,31,31,0],"gold":223,"neow_bonus":"TRANSFORM_TWO_CARDS","is_prod":false,"is_daily":false,"chose_seed":false,"campfire_upgraded":4,"win_rate":0,"timestamp":1538636170,"path_taken":["M","?","?","M","M","R","E","R","T","R","M","?","?","M","R","BOSS","M","M","?","?","?","R","?"],"build_version":"2018-09-27","purchased_purges":0,"victory":false,"max_hp_per_floor":[68,68,68,68,68,68,68,68,68,68,68,68,68,68,68,68,68,68,68,68,68,68,68,68],"card_choices":[{"not_picked":["Compile Driver","Sweeping Beam"],"picked":"Genetic Algorithm","floor":1},{"not_picked":["Sunder","Storm","Rebound"],"picked":"SKIP","floor":4},{"not_picked":["Fusion","Storm","Reprogram"],"picked":"SKIP","floor":5},{"not_picked":["Streamline","Hologram"],"picked":"Coolheaded","floor":7},{"not_picked":["Sweeping Beam","Hologram"],"picked":"Tempest","floor":11},{"not_picked":["Hologram","Ball Lightning","Reprogram"],"picked":"SKIP","floor":12},{"not_picked":["Double Energy","Rebound"],"picked":"Steam","floor":14},{"not_picked":["Machine Learning","Multi-Cast"],"picked":"Electrodynamics","floor":16},{"not_picked":["Hologram+1","Steam+1","Go for the Eyes"],"picked":"SKIP","floor":18},{"not_picked":["Seek","Cold Snap"],"picked":"Capacitor+1","floor":19},{"not_picked":["Beam Cell","Double Energy"],"picked":"Leap+1","floor":20},{"not_picked":["Beam Cell","Heatsinks"],"picked":"Leap","floor":21}],"player_experience":190798,"relics_obtained":[{"floor":3,"key":"Bottled Lightning"},{"floor":7,"key":"Pen Nib"},{"floor":9,"key":"Orichalcum"},{"floor":20,"key":"Red Mask"}],"event_choices":[{"event_name":"Upgrade Shrine","player_choice":"Upgraded","floor":2,"damage_taken":0},{"event_name":"Masked Bandits","player_choice":"Fought Bandits","floor":20,"damage_taken":0},{"event_name":"Purifier","player_choice":"One Purge","floor":22,"damage_taken":0},{"event_name":"Colosseum","player_choice":"Fight","floor":24,"damage_taken":0},{"event_name":"Colosseum","player_choice":"Fought Nobs","floor":24,"damage_taken":0}],"is_beta":false,"boss_relics":[{"not_picked":["Ectoplasm","White Beast Statue"],"picked":"Empty Cage"}],"items_purged_floors":[],"is_endless":false,"potions_floor_spawned":[5,11,16,18,24],"killed_by":"Colosseum Nobs","ascension_level":1}