{"gold_per_floor":[112,122,135,147,147,147,177,177,177,192,192,192,231,306,306,435,435,449,449,449,463,491,521,521,548,625,205,224,224,224,237,237,334,334,347,367,367,367,56,56,156,174,201,215,22,33,33,48,48,48],"floor_reached":51,"playtime":6017,"items_purged":["Injury"],"score":727,"play_id":"a47935c3-cd33-4ffd-aaa1-b10154fac64d","local_time":"20181202221857","is_ascension_mode":true,"campfire_choices":[{"data":"Sucker Punch","floor":6,"key":"SMITH"},{"data":"Noxious Fumes","floor":8,"key":"SMITH"},{"floor":15,"key":"REST"},{"floor":29,"key":"REST"},{"floor":32,"key":"REST"},{"floor":40,"key":"DIG"},{"data":"1","floor":47,"key":"LIFT"},{"floor":49,"key":"REST"}],"neow_cost":"NONE","seed_source_timestamp":132761921699400,"circlet_count":0,"master_deck":["Defend_G","Defend_G","Defend_G","Defend_G","Strike_G","Strike_G","Strike_G","Strike_G","Survivor","Neutralize","Sucker Punch+1","Underhanded Strike","Bane","Noxious Fumes+1","Quick Slash","Die Die Die","A Thousand Cuts","Dash","Necronomicurse","Backstab","Bane+1","Bouncing Flask","Backflip+1","Outmaneuver+1","Caltrops","Bullet Time","Night Terror","Dash","Underhanded Strike","Tools of the Trade","Bane+1","Footwork","Madness","Madness","Backstab","Predator","Underhanded Strike+1","Leg Sweep+1","Parasite","Predator+1","Sucker Punch","Dash","Leg Sweep+1","Backstab"],"relics":["Ring of the Snake","Mercury Hourglass","Shovel","Blue Candle","Bloody Idol","Unceasing Top","White Beast Statue","Necronomicon","Red Mask","Question Card","Ginger","Gremlin Horn","Dream Catcher","ClockworkSouvenir","Sozu","Letter Opener","Regal Pillow","Bottled Flame","Girya","Centennial Puzzle","Lantern"],"potions_floor_usage":[13,21,22,22,25,25,28,33,33,33,36],"damage_taken":[{"damage":0,"enemies":"Cultist","floor":1,"turns":4},{"damage":0,"enemies":"2 Louse","floor":2,"turns":3},{"damage":0,"enemies":"Small Slimes","floor":3,"turns":3},{"damage":5,"enemies":"3 Louse","floor":4,"turns":4},{"damage":18,"enemies":"3 Sentries","floor":7,"turns":9},{"damage":5,"enemies":"2 Fungi Beasts","floor":10,"turns":3},{"damage":13,"enemies":"Lagavulin","floor":13,"turns":6},{"damage":44,"enemies":"Hexaghost","floor":16,"turns":10},{"damage":17,"enemies":"Spheric Guardian","floor":18,"turns":4},{"damage":0,"enemies":"3 Byrds","floor":21,"turns":5},{"damage":4,"enemies":"Masked Bandits","floor":22,"turns":4},{"damage":30,"enemies":"Gremlin Leader","floor":23,"turns":6},{"damage":14,"enemies":"Book of Stabbing","floor":25,"turns":5},{"damage":20,"enemies":"Sentry and Sphere","floor":28,"turns":4},{"damage":19,"enemies":"Shelled Parasite and Fungi","floor":31,"turns":5},{"damage":62,"enemies":"Champ","floor":33,"turns":10},{"damage":0,"enemies":"Orb Walker","floor":35,"turns":3},{"damage":17,"enemies":"3 Darklings","floor":36,"turns":4},{"damage":34,"enemies":"Mind Bloom Boss Battle","floor":41,"turns":6},{"damage":7,"enemies":"Jaw Worm Horde","floor":42,"turns":4},{"damage":18,"enemies":"Writhing Mass","floor":44,"turns":7},{"damage":0,"enemies":"4 Shapes","floor":46,"turns":2},{"damage":0,"enemies":"Sphere and 2 Shapes","floor":48,"turns":3},{"damage":49,"enemies":"Time Eater","floor":50,"turns":12}],"seed_played":"-2483619599144921986","potions_obtained":[{"floor":4,"key":"Regen Potion"},{"floor":10,"key":"SpeedPotion"},{"floor":13,"key":"GhostInAJar"},{"floor":18,"key":"Fire Potion"},{"floor":21,"key":"Poison Potion"},{"floor":22,"key":"SteroidPotion"},{"floor":23,"key":"Block Potion"},{"floor":25,"key":"SteroidPotion"},{"floor":28,"key":"SteroidPotion"},{"floor":31,"key":"AttackPotion"},{"floor":33,"key":"Block Potion"}],"is_trial":false,"path_per_floor":["M","M","M","M","?","R","E","R","T","M","T","?","E","?","R","B",null,"M","?","?","M","?","E","?","E","T","$","M","R","?","M","R","B",null,"M","M","?","T","$","R","?","M","T","M","$","M","R","M","R","B",null],"character_chosen":"THE_SILENT","items_purchased":["Dream Catcher","ClockworkSouvenir","Backstab","Regal Pillow","Predator","Lantern","Sucker Punch"],"campfire_rested":4,"item_purchase_floors":[27,27,39,39,39,45,45],"current_hp_per_floor":[77,77,77,72,77,77,59,59,59,54,54,54,41,30,53,9,77,60,44,44,61,62,37,62,53,58,58,43,66,66,52,75,18,77,77,65,55,55,55,55,26,24,29,16,16,21,21,26,64,15],"gold":48,"neow_bonus":"TEN_PERCENT_HP_BONUS","is_prod":false,"is_daily":false,"chose_seed":false,"campfire_upgraded":2,"win_rate":0,"timestamp":1543796337,"path_taken":["M","M","?","M","?","R","E","R","T","?","?","?","E","?","R","BOSS","M","?","?","M","?","E","?","E","T","$","M","R","?","M","R","BOSS","M","M","?","?","$","R","?","M","T","M","?","M","R","M","R","BOSS"],"build_version":"2018-11-15","purchased_purges":1,"victory":true,"max_hp_per_floor":[77,77,77,77,77,77,77,77,77,77,77,77,77,77,77,77,77,77,77,77,77,77,77,77,77,77,77,77,77,77,77,77,77,77,77,77,77,77,77,77,77,77,77,77,77,77,77,77,77,77],"card_choices":[{"not_picked":["Deadly Poison","Blade Dance"],"picked":"Sucker Punch","floor":1},{"not_picked":["PiercingWail","Prepared"],"picked":"Underhanded Strike","floor":2},{"not_picked":["Underhanded Strike","Eviscerate"],"picked":"Bane","floor":3},{"not_picked":["Acrobatics","Masterful Stab"],"picked":"Blade Dance","floor":4},{"not_picked":["Flying Knee","Escape Plan"],"picked":"Noxious Fumes","floor":7},{"not_picked":["Underhanded Strike","Deflect"],"picked":"Quick Slash","floor":10},{"not_picked":["Accuracy","PiercingWail"],"picked":"Die Die Die","floor":13},{"not_picked":["Night Terror","After Image"],"picked":"A Thousand Cuts","floor":16},{"not_picked":["Blade Dance","Flying Knee"],"picked":"Dash","floor":18},{"not_picked":["Deadly Poison","Calculated Gamble+1"],"picked":"Backstab","floor":21},{"not_picked":["Flying Knee+1","PiercingWail"],"picked":"Bane+1","floor":22},{"not_picked":["Deflect","Choke+1"],"picked":"Bouncing Flask","floor":23},{"not_picked":["Expertise+1","Bane","Reflex"],"picked":"Backflip+1","floor":25},{"not_picked":["Night Terror","Skewer+1","Backflip"],"picked":"Outmaneuver+1","floor":28},{"not_picked":["Dagger Throw","Slice+1","All Out Attack"],"picked":"Caltrops","floor":29},{"not_picked":["Dagger Throw","Quick Slash","Setup"],"picked":"Dash","floor":31},{"not_picked":["Dodge and Roll","Backflip","Deflect"],"picked":"Underhanded Strike","floor":32},{"not_picked":["Night Terror","Storm of Steel","Die Die Die"],"picked":"Tools of the Trade","floor":33},{"not_picked":["PiercingWail","Sucker Punch+1","Reflex+1"],"picked":"Bane+1","floor":35},{"not_picked":["Cloak And Dagger+1","Prepared+1","Acrobatics"],"picked":"Footwork","floor":36},{"not_picked":["All Out Attack","Outmaneuver","Quick Slash"],"picked":"Underhanded Strike+1","floor":41},{"not_picked":["Footwork+1","Flechettes","Prepared+1"],"picked":"Leg Sweep+1","floor":42},{"not_picked":["Terror","Dodge and Roll+1","Cloak And Dagger"],"picked":"Predator+1","floor":44},{"not_picked":["Predator+1","Blade Dance+1","Dagger Spray"],"picked":"Dash","floor":46},{"not_picked":["Heel Hook","Dodge and Roll+1","Slice"],"picked":"Leg Sweep+1","floor":48},{"not_picked":["Sucker Punch","Flying Knee","Underhanded Strike"],"picked":"Backstab","floor":49}],"player_experience":236720,"relics_obtained":[{"floor":7,"key":"Mercury Hourglass"},{"floor":9,"key":"Shovel"},{"floor":11,"key":"Blue Candle"},{"floor":13,"key":"Unceasing Top"},{"floor":19,"key":"Necronomicon"},{"floor":22,"key":"Red Mask"},{"floor":23,"key":"Question Card"},{"floor":25,"key":"Ginger"},{"floor":26,"key":"Gremlin Horn"},{"floor":38,"key":"Letter Opener"},{"floor":40,"key":"Bottled Flame"},{"floor":41,"key":"Girya"},{"floor":43,"key":"Centennial Puzzle"}],"event_choices":[{"cards_removed":["Blade Dance"],"damage_healed":5,"gold_gain":0,"player_choice":"Offered Common","damage_taken":0,"max_hp_gain":0,"max_hp_loss":0,"event_name":"Bonfire Elementals","floor":5,"gold_loss":0},{"cards_removed":["Blade Dance"],"damage_healed":5,"gold_gain":0,"player_choice":"Offered Special","damage_taken":0,"max_hp_gain":0,"max_hp_loss":0,"event_name":"Bonfire Elementals","floor":5,"gold_loss":0},{"damage_healed":0,"gold_gain":0,"player_choice":"Take Wound","damage_taken":0,"relics_obtained":["Golden Idol"],"max_hp_gain":0,"max_hp_loss":0,"event_name":"Golden Idol","floor":12,"gold_loss":0,"cards_obtained":["Injury"]},{"damage_healed":0,"gold_gain":75,"player_choice":"Gather Gold","damage_taken":11,"max_hp_gain":0,"max_hp_loss":0,"event_name":"World of Goop","floor":14,"gold_loss":0},{"damage_healed":0,"gold_gain":0,"player_choice":"Obtained Book","damage_taken":16,"max_hp_gain":0,"max_hp_loss":0,"event_name":"Cursed Tome","floor":19,"gold_loss":0},{"damage_healed":0,"gold_gain":0,"player_choice":"Gave Idol","damage_taken":0,"relics_obtained":["Bloody Idol"],"max_hp_gain":0,"max_hp_loss":0,"event_name":"Forgotten Altar","floor":20,"relics_lost":["Golden Idol"],"gold_loss":0},{"damage_healed":0,"gold_gain":0,"player_choice":"Fought Bandits","damage_taken":0,"max_hp_gain":0,"max_hp_loss":0,"event_name":"Masked Bandits","floor":22,"gold_loss":0},{"damage_healed":25,"gold_gain":0,"player_choice":"Heal","damage_taken":0,"max_hp_gain":0,"max_hp_loss":0,"event_name":"The Library","floor":24,"gold_loss":0},{"damage_healed":0,"gold_gain":0,"cards_transformed":["Defend_G","Strike_G"],"player_choice":"Became Test Subject","damage_taken":0,"max_hp_gain":0,"max_hp_loss":0,"event_name":"Drug Dealer","floor":30,"gold_loss":0,"cards_obtained":["Bullet Time","Night Terror"]},{"damage_healed":0,"gold_gain":0,"player_choice":"Embrace Madness","damage_taken":10,"max_hp_gain":0,"max_hp_loss":0,"event_name":"Winding Halls","floor":37,"gold_loss":0,"cards_obtained":["Madness","Madness"]},{"damage_healed":0,"gold_gain":0,"player_choice":"Fight","damage_taken":0,"max_hp_gain":0,"max_hp_loss":0,"event_name":"MindBloom","floor":41,"gold_loss":0}],"is_beta":false,"boss_relics":[{"not_picked":["Velvet Choker","WristBlade"],"picked":"White Beast Statue"},{"not_picked":["Pandora\u0027s Box","Lizard Tail"],"picked":"Sozu"}],"items_purged_floors":[27],"is_endless":false,"potions_floor_spawned":[4,10,13,18,21,22,23,25,28,31,33,35,36,41,42,44,46,48],"ascension_level":1}