{"gold_per_floor":[110,110,110,110,32,72,72,72,72,2,22,22,22],"floor_reached":13,"playtime":489,"items_purged":[],"score":79,"play_id":"8d0e4951-efe5-4f58-ab3c-2998cdca824e","local_time":"20190327202220","is_ascension_mode":false,"campfire_choices":[{"floor":7,"key":"REST"}],"neow_cost":"NONE","seed_source_timestamp":37840082182315,"circlet_count":0,"master_deck":["Strike_B","Strike_B","Defend_B","Defend_B","Defend_B","Defend_B","Zap","Dualcast+1","Conserve Battery","Capacitor","Capacitor","Fusion","BootSequence"],"relics":["Cracked Core","Golden Idol","Boot"],"potions_floor_usage":[],"damage_taken":[{"damage":1,"enemies":"Cultist","floor":1,"turns":3},{"damage":24,"enemies":"3 Sentries","floor":6,"turns":19},{"damage":3,"enemies":"Small Slimes","floor":11,"turns":3},{"damage":77,"enemies":"Gremlin Nob","floor":13,"turns":5}],"seed_played":"3403184560556928019","potions_obtained":[],"is_trial":false,"path_per_floor":["M","?","?","?","$","E","R","?","T","$","M","$","E"],"character_chosen":"DEFECT","items_purchased":["Capacitor","Fusion"],"campfire_rested":1,"item_purchase_floors":[5,10],"current_hp_per_floor":[74,56,56,49,49,25,47,72,72,72,69,69,0],"gold":22,"neow_bonus":"REMOVE_CARD","is_prod":false,"is_daily":false,"chose_seed":false,"campfire_upgraded":0,"win_rate":0,"timestamp":1553714540,"path_taken":["M","?","?","?","?","E","R","?","T","?","M","$","E"],"build_version":"2019-01-23","purchased_purges":0,"victory":false,"max_hp_per_floor":[75,75,75,75,75,75,75,75,75,75,75,75,75],"card_choices":[{"not_picked":["Redo","Rebound"],"picked":"Conserve Battery","floor":1},{"not_picked":["Rebound","Thunder Strike"],"picked":"Capacitor","floor":6},{"not_picked":["Streamline","Turbo"],"picked":"BootSequence","floor":11}],"player_experience":98345,"relics_obtained":[{"floor":6,"key":"Boot"}],"event_choices":[{"damage_healed":0,"gold_gain":0,"player_choice":"Take Damage","damage_taken":18,"relics_obtained":["Golden Idol"],"max_hp_gain":0,"max_hp_loss":0,"event_name":"Golden Idol","floor":2,"gold_loss":0},{"damage_healed":0,"gold_gain":0,"player_choice":"Grow","damage_taken":0,"max_hp_gain":0,"max_hp_loss":0,"event_name":"Living Wall","floor":3,"gold_loss":0,"cards_upgraded":["Dualcast"]},{"cards_removed":["Strike_B"],"damage_healed":0,"gold_gain":0,"player_choice":"Card Removal","damage_taken":7,"max_hp_gain":0,"max_hp_loss":0,"event_name":"Golden Wing","floor":4,"gold_loss":0},{"damage_healed":25,"gold_gain":0,"player_choice":"Banana","damage_taken":0,"max_hp_gain":0,"max_hp_loss":0,"event_name":"Big Fish","floor":8,"gold_loss":0}],"is_beta":false,"boss_relics":[],"items_purged_floors":[],"is_endless":false,"potions_floor_spawned":[],"killed_by":"Gremlin Nob","ascension_level":0}