{"gold_per_floor":[213,213,189,189,189,219,236,236,262,272,76,88,88,88,88,186,186,200,200,77,91,109,140,140,152,201,221,221,254,0,26,26,127,127,137,149,149,164,30,30,44,64,89,101,127,127,146,194,194,194],"floor_reached":51,"playtime":3070,"items_purged":["Strike_R","Strike_R"],"score":1284,"play_id":"a77635c8-8d75-4b50-a8e0-210082c7528a","local_time":"20190217163220","is_ascension_mode":true,"campfire_choices":[{"floor":8.0,"key":"REST"},{"data":"Whirlwind","floor":13.0,"key":"SMITH"},{"data":"Pommel Strike","floor":15.0,"key":"SMITH"},{"data":"1","floor":24.0,"key":"LIFT"},{"data":"2","floor":32.0,"key":"LIFT"},{"data":"3","floor":40.0,"key":"LIFT"},{"data":"Flex","floor":46.0,"key":"SMITH"},{"floor":49.0,"key":"REST"}],"neow_cost":"NONE","seed_source_timestamp":0,"circlet_count":0,"master_deck":["AscendersBane","Strike_R+1","Strike_R","Strike_R","Defend_R","Defend_R","Defend_R","Defend_R","Bash","Whirlwind+1","Shrug It Off","Spot Weakness","Whirlwind+1","Inflame","Pommel Strike+1","Double Tap","RitualDagger","Shrug It Off","Ghostly Armor+1","Heavy Blade+1","Flex+1","Pummel","Warcry+1","Impervious+1","Inflame","Flame Barrier+1","Pummel","Flex+1","Thunderclap","Offering+1"],"special_seed":0,"relics":["Burning Blood","Matryoshka","Blood Vial","Omamori","Bag of Marbles","Whetstone","Regal Pillow","Gremlin Horn","Mark of Pain","Girya","Bag of Preparation","MutagenicStrength","Toxic Egg 2","Happy Flower","Sozu","Art of War","Incense Burner","Nunchaku"],"potions_floor_usage":[],"damage_taken":[{"damage":8.0,"enemies":"Jaw Worm","floor":1.0,"turns":4.0},{"damage":32.0,"enemies":"Gremlin Nob","floor":6.0,"turns":5.0},{"damage":7.0,"enemies":"Small Slimes","floor":7.0,"turns":4.0},{"damage":0.0,"enemies":"2 Louse","floor":10.0,"turns":1.0},{"damage":2.0,"enemies":"Exordium Wildlife","floor":12.0,"turns":3.0},{"damage":0.0,"enemies":"Slime Boss","floor":16.0,"turns":4.0},{"damage":0.0,"enemies":"Chosen","floor":18.0,"turns":3.0},{"damage":0.0,"enemies":"3 Byrds","floor":21.0,"turns":4.0},{"damage":16.0,"enemies":"Sentry and Sphere","floor":22.0,"turns":4.0},{"damage":31.0,"enemies":"Gremlin Leader","floor":23.0,"turns":4.0},{"damage":0.0,"enemies":"Centurion and Healer","floor":25.0,"turns":5.0},{"damage":11.0,"enemies":"Snake Plant","floor":27.0,"turns":2.0},{"damage":18.0,"enemies":"Book of Stabbing","floor":29.0,"turns":4.0},{"damage":0.0,"enemies":"Slavers","floor":31.0,"turns":1.0},{"damage":19.0,"enemies":"Automaton","floor":33.0,"turns":5.0},{"damage":0.0,"enemies":"3 Shapes","floor":35.0,"turns":1.0},{"damage":5.0,"enemies":"3 Darklings","floor":36.0,"turns":3.0},{"damage":16.0,"enemies":"Writhing Mass","floor":38.0,"turns":3.0},{"damage":0.0,"enemies":"Sphere and 2 Shapes","floor":41.0,"turns":1.0},{"damage":30.0,"enemies":"Maw","floor":42.0,"turns":5.0},{"damage":0.0,"enemies":"Writhing Mass","floor":44.0,"turns":4.0},{"damage":27.0,"enemies":"Nemesis","floor":45.0,"turns":3.0},{"damage":0.0,"enemies":"Spire Growth","floor":47.0,"turns":2.0},{"damage":0.0,"enemies":"2 Orb Walkers","floor":48.0,"turns":2.0},{"damage":23,"enemies":"Time Eater","floor":50,"turns":3}],"seed_played":"-8932581479510134493","potions_obtained":[{"floor":1.0,"key":"Weak Potion"},{"floor":6.0,"key":"LiquidBronze"},{"floor":12.0,"key":"FearPotion"},{"floor":18.0,"key":"Swift Potion"},{"floor":21.0,"key":"FearPotion"},{"floor":27.0,"key":"Weak Potion"},{"floor":31.0,"key":"Energy Potion"}],"is_trial":false,"path_per_floor":["M","?","$","?","?","E","M","R","T","M","$","M","R","T","R","B",null,"M","?","$","M","M","E","R","M","T","M","?","E","?","E","R","B",null,"M","M","?","M","$","R","M","M","T","M","E","R","M","?","R","B",null],"character_chosen":"IRONCLAD","items_purchased":["Shrug It Off","Whirlwind","Inflame","Energy Potion","Shrug It Off","Pummel"],"campfire_rested":2,"item_purchase_floors":[3,11,11,11,20,39],"current_hp_per_floor":[70,52,52,52,45,21,22,46,46,54,54,60,60,60,60,68,77,80,74,74,80,70,47,47,55,55,52,52,42,42,50,50,39,70,78,80,80,70,70,70,78,56,56,64,45,45,53,61,80,63],"gold":194,"neow_bonus":"HUNDRED_GOLD","is_prod":false,"is_daily":false,"chose_seed":false,"campfire_upgraded":3,"win_rate":0,"timestamp":1550417540,"path_taken":["M","?","$","?","?","E","?","R","T","M","$","M","R","?","R","BOSS","M","?","$","M","M","E","R","M","T","M","?","E","?","E","R","BOSS","M","M","?","M","$","R","M","M","T","M","E","R","M","?","R","BOSS"],"build_version":"2019-01-23","purchased_purges":2,"victory":true,"max_hp_per_floor":[80,80,80,80,80,80,80,80,80,80,80,80,80,80,80,80,80,80,80,80,80,80,80,80,80,80,80,80,80,80,80,80,80,80,80,80,80,80,80,80,80,80,80,80,80,80,80,80,80,80],"card_choices":[{"not_picked":["Power Through","Clash"],"picked":"Whirlwind","floor":1.0},{"not_picked":["Heavy Blade","Infernal Blade","Limit Break"],"picked":"SKIP","floor":6.0},{"not_picked":["Clothesline","Intimidate"],"picked":"Spot Weakness","floor":7.0},{"not_picked":["Clothesline","True Grit","Burning Pact"],"picked":"SKIP","floor":10.0},{"not_picked":["Perfected Strike","Anger"],"picked":"Pommel Strike","floor":12.0},{"not_picked":["Impervious","Juggernaut"],"picked":"Double Tap","floor":16.0},{"not_picked":["Warcry","Clothesline","Wild Strike"],"picked":"SKIP","floor":18.0},{"not_picked":["Havoc","Dual Wield"],"picked":"Ghostly Armor+1","floor":21.0},{"not_picked":["Armaments","Body Slam"],"picked":"Heavy Blade+1","floor":22.0},{"not_picked":["Whirlwind","Warcry"],"picked":"Flex","floor":23.0},{"not_picked":["Rupture","True Grit"],"picked":"Pummel","floor":25.0},{"not_picked":["Flame Barrier","Headbutt+1","Twin Strike"],"picked":"SKIP","floor":27.0},{"not_picked":["Pommel Strike","Combust","Clash"],"picked":"SKIP","floor":29.0},{"not_picked":["Bloodletting+1","Feed"],"picked":"Warcry+1","floor":31.0},{"not_picked":["Bludgeon","Feed"],"picked":"Impervious+1","floor":33.0},{"not_picked":["Anger","Armaments+1"],"picked":"Inflame","floor":35.0},{"not_picked":["Evolve","Havoc+1"],"picked":"Flame Barrier+1","floor":36.0},{"not_picked":["Body Slam","Blood for Blood","Twin Strike+1"],"picked":"SKIP","floor":38.0},{"not_picked":["Infernal Blade+1","Headbutt+1","Twin Strike"],"picked":"SKIP","floor":41.0},{"not_picked":["Thunderclap","Warcry+1"],"picked":"Flex+1","floor":42.0},{"not_picked":["Entrench+1","Blood for Blood","Clothesline"],"picked":"SKIP","floor":44.0},{"not_picked":["Evolve+1","Carnage","Armaments+1"],"picked":"SKIP","floor":45.0},{"not_picked":["Bloodletting+1","Feel No Pain+1"],"picked":"Thunderclap","floor":47.0},{"not_picked":["Shrug It Off+1","Cleave"],"picked":"Offering+1","floor":48.0}],"player_experience":623508,"relics_obtained":[{"floor":6.0,"key":"Omamori"},{"floor":9.0,"key":"Bag of Marbles"},{"floor":9.0,"key":"Whetstone"},{"floor":14.0,"key":"Regal Pillow"},{"floor":14.0,"key":"Gremlin Horn"},{"floor":23.0,"key":"Girya"},{"floor":26.0,"key":"Bag of Preparation"},{"floor":29.0,"key":"Toxic Egg 2"},{"floor":31.0,"key":"Happy Flower"},{"floor":43.0,"key":"Art of War"},{"floor":45.0,"key":"Incense Burner"},{"floor":48.0,"key":"Nunchaku"}],"event_choices":[{"damage_healed":0.0,"max_hp_gain":0.0,"max_hp_loss":0.0,"gold_gain":0.0,"event_name":"Scrap Ooze","player_choice":"Success","floor":2.0,"gold_loss":0.0,"damage_taken":18.0,"relics_obtained":["Matryoshka"]},{"damage_healed":0.0,"max_hp_gain":0.0,"max_hp_loss":0.0,"gold_gain":0.0,"event_name":"Big Fish","player_choice":"Box","floor":4.0,"gold_loss":0.0,"damage_taken":0.0,"relics_obtained":["Blood Vial"],"cards_obtained":["Regret"]},{"cards_removed":["Regret"],"damage_healed":0.0,"max_hp_gain":0.0,"max_hp_loss":0.0,"gold_gain":0.0,"event_name":"Golden Wing","player_choice":"Card Removal","floor":5.0,"gold_loss":0.0,"damage_taken":7.0},{"damage_healed":0.0,"max_hp_gain":0.0,"max_hp_loss":0.0,"gold_gain":0.0,"event_name":"Nest","player_choice":"Joined the Cult","floor":19.0,"gold_loss":0.0,"damage_taken":6.0,"cards_obtained":["RitualDagger"]},{"damage_healed":0.0,"max_hp_gain":0.0,"max_hp_loss":0.0,"gold_gain":0.0,"event_name":"Drug Dealer","player_choice":"Inject Mutagens","floor":28.0,"gold_loss":0.0,"damage_taken":0.0,"relics_obtained":["MutagenicStrength"]},{"damage_healed":0.0,"max_hp_gain":0.0,"max_hp_loss":0.0,"gold_gain":0.0,"event_name":"Masked Bandits","player_choice":"Paid Fearfully","floor":30.0,"gold_loss":254.0,"damage_taken":0.0},{"damage_healed":0.0,"max_hp_gain":0.0,"max_hp_loss":0.0,"gold_gain":0.0,"event_name":"Tomb of Lord Red Mask","player_choice":"Ignored","floor":37.0,"gold_loss":0.0,"damage_taken":0.0},{"damage_healed":0.0,"max_hp_gain":0.0,"max_hp_loss":0.0,"gold_gain":0.0,"event_name":"Mysterious Sphere","player_choice":"Fight","floor":48.0,"gold_loss":0.0,"damage_taken":0.0}],"is_beta":false,"boss_relics":[{"not_picked":["White Beast Statue","Tiny House"],"picked":"Mark of Pain"},{"not_picked":["Snecko Eye","Orrery"],"picked":"Sozu"}],"items_purged_floors":[20,39],"is_endless":false,"potions_floor_spawned":[1,6,12,18,21,27,31,44,45,48],"ascension_level":12}