{"gold_per_floor":[112,122,122,142,142,175,175,175,200,55,70,70,70,93,93,219,219,242,255,180,200,200,200,219,257,280,298,373,373,391,37,37,37],"floor_reached":33,"playtime":2841,"items_purged":[],"score":292,"play_id":"f23ae755-b1f6-4832-be51-d0c3bfd69911","local_time":"20190327012028","is_ascension_mode":false,"campfire_choices":[{"floor":8,"key":"REST"},{"data":"Cloak And Dagger","floor":13,"key":"SMITH"},{"floor":15,"key":"REST"},{"floor":23,"key":"REST"},{"data":"Accuracy","floor":29,"key":"SMITH"},{"data":"Burst","floor":32,"key":"SMITH"}],"neow_cost":"TEN_PERCENT_HP_LOSS","seed_source_timestamp":37330527648203,"circlet_count":0,"master_deck":["Defend_G","Defend_G+1","Defend_G","Defend_G","Strike_G+1","Survivor","Neutralize","Calculated Gamble","Accuracy+1","Choke","Well Laid Plans","Cloak And Dagger+1","Parasite","Backflip","Burst+1","Doppelganger+1","Outmaneuver+1","Backstab+1","Acrobatics+1","Well Laid Plans","Deflect+1","Outmaneuver+1","Dagger Throw+1","Grand Finale","Accuracy+1"],"relics":["Ring of the Snake","Art of War","Happy Flower","Lantern","PreservedInsect","Golden Idol","Astrolabe","Nilry\u0027s Codex","Boot","DollysMirror"],"potions_floor_usage":[4,25,33,33],"damage_taken":[{"damage":0,"enemies":"2 Louse","floor":1,"turns":2},{"damage":0,"enemies":"Small Slimes","floor":2,"turns":3},{"damage":3,"enemies":"Jaw Worm","floor":4,"turns":2},{"damage":40,"enemies":"3 Sentries","floor":6,"turns":20},{"damage":4,"enemies":"Exordium Wildlife","floor":11,"turns":6},{"damage":0,"enemies":"2 Fungi Beasts","floor":14,"turns":3},{"damage":38,"enemies":"The Guardian","floor":16,"turns":14},{"damage":4,"enemies":"Shell Parasite","floor":18,"turns":4},{"damage":0,"enemies":"Spheric Guardian","floor":19,"turns":3},{"damage":10,"enemies":"Snake Plant","floor":21,"turns":3},{"damage":1,"enemies":"Snecko","floor":24,"turns":4},{"damage":0,"enemies":"Gremlin Leader","floor":25,"turns":3},{"damage":0,"enemies":"3 Cultists","floor":27,"turns":5},{"damage":2,"enemies":"Snake Plant","floor":30,"turns":4},{"damage":41,"enemies":"Collector","floor":33,"turns":5}],"seed_played":"724127715586541827","potions_obtained":[{"floor":2,"key":"AttackPotion"},{"floor":6,"key":"Weak Potion"},{"floor":16,"key":"Swift Potion"},{"floor":18,"key":"SteroidPotion"},{"floor":24,"key":"SpeedPotion"},{"floor":30,"key":"SteroidPotion"}],"is_trial":false,"path_per_floor":["M","M","?","M","?","E","?","R","T","$","M","?","R","M","R","B",null,"M","M","?","M","?","R","M","E","T","M","?","R","M","$","R","B"],"character_chosen":"THE_SILENT","items_purchased":["PreservedInsect","Grand Finale","DollysMirror"],"campfire_rested":3,"item_purchase_floors":[10,31,31],"current_hp_per_floor":[63,63,60,57,44,4,19,37,37,37,33,33,33,33,50,12,58,54,54,54,44,28,45,44,44,44,44,39,39,37,37,37,0],"gold":37,"neow_bonus":"TRANSFORM_TWO_CARDS","is_prod":false,"is_daily":false,"chose_seed":false,"campfire_upgraded":3,"win_rate":0,"timestamp":1553646028,"path_taken":["M","M","?","M","?","E","?","R","T","$","?","?","R","M","R","BOSS","M","M","?","M","?","R","M","E","T","M","?","R","M","$","R","BOSS"],"build_version":"2019-01-23","purchased_purges":0,"victory":false,"max_hp_per_floor":[63,63,63,63,63,63,63,63,63,63,63,58,58,58,58,58,58,58,58,58,58,58,58,58,58,58,58,58,58,58,58,58,58],"card_choices":[{"not_picked":["Deflect","Dagger Throw"],"picked":"Accuracy","floor":1},{"not_picked":["Skewer","Expertise"],"picked":"Choke","floor":2},{"not_picked":["Deflect","Setup"],"picked":"Well Laid Plans","floor":4},{"not_picked":["Finisher","Noxious Fumes"],"picked":"Cloak And Dagger","floor":6},{"not_picked":["Bane","Concentrate"],"picked":"Backflip","floor":11},{"not_picked":["Masterful Stab","Deadly Poison","Slice"],"picked":"SKIP","floor":14},{"not_picked":["Adrenaline","Bullet Time"],"picked":"Burst","floor":16},{"not_picked":["Heel Hook","PiercingWail"],"picked":"Acrobatics+1","floor":18},{"not_picked":["Slice","Dagger Spray"],"picked":"Well Laid Plans","floor":19},{"not_picked":["Flechettes","Bane+1"],"picked":"Deflect+1","floor":21},{"not_picked":["Slice","Poisoned Stab"],"picked":"Outmaneuver+1","floor":24},{"not_picked":["Dagger Spray","Deflect","Heel Hook"],"picked":"SKIP","floor":25},{"not_picked":["Flying Knee+1","Bane+1"],"picked":"Dagger Throw+1","floor":27},{"not_picked":["Predator","Deflect","Dodge and Roll"],"picked":"SKIP","floor":30}],"player_experience":84128,"relics_obtained":[{"floor":6,"key":"Happy Flower"},{"floor":9,"key":"Lantern"},{"floor":22,"key":"Nilry\u0027s Codex"},{"floor":25,"key":"Boot"}],"event_choices":[{"damage_healed":0,"gold_gain":0,"player_choice":"Success","damage_taken":3,"relics_obtained":["Art of War"],"max_hp_gain":0,"max_hp_loss":0,"event_name":"Scrap Ooze","floor":3,"gold_loss":0},{"damage_healed":0,"gold_gain":0,"player_choice":"Entered Light","damage_taken":13,"max_hp_gain":0,"max_hp_loss":0,"event_name":"Shining Light","floor":5,"gold_loss":0,"cards_upgraded":["Strike_G","Defend_G"]},{"damage_healed":15,"gold_gain":0,"player_choice":"Healed and dodged fight","damage_taken":0,"max_hp_gain":0,"max_hp_loss":0,"event_name":"Mushrooms","floor":7,"gold_loss":0,"cards_obtained":["Parasite"]},{"damage_healed":0,"gold_gain":0,"player_choice":"Lose Max HP","damage_taken":0,"relics_obtained":["Golden Idol"],"max_hp_gain":0,"max_hp_loss":5,"event_name":"Golden Idol","floor":12,"gold_loss":0},{"cards_removed":["Defend_G"],"damage_healed":0,"gold_gain":0,"player_choice":"Gave Gold","damage_taken":0,"max_hp_gain":0,"max_hp_loss":0,"event_name":"Beggar","floor":20,"gold_loss":75},{"damage_healed":0,"gold_gain":0,"player_choice":"Obtained Book","damage_taken":16,"max_hp_gain":0,"max_hp_loss":0,"event_name":"Cursed Tome","floor":22,"gold_loss":0},{"damage_healed":0,"gold_gain":75,"player_choice":"Touch","damage_taken":5,"max_hp_gain":0,"max_hp_loss":0,"event_name":"FaceTrader","floor":28,"gold_loss":0}],"is_beta":false,"boss_relics":[{"not_picked":["Tiny House","HoveringKite"],"picked":"Astrolabe"}],"items_purged_floors":[],"is_endless":false,"potions_floor_spawned":[2,6,16,18,24,30],"killed_by":"Collector","ascension_level":0}