{"gold_per_floor":[116,116,136,148,165,165,178,161,161,161,201,201,201,225,225,351,351,372,395,77,77,176,176,194,214,214,229,248,76,76,89,89,217,217,231,251,551,551,569,569,569],"floor_reached":41,"playtime":3085,"items_purged":["Strike_B","Strike_B"],"score":479,"play_id":"5537dc45-dc26-4275-9ec7-176fe8203621","local_time":"20180831022952","is_ascension_mode":true,"campfire_choices":[{"data":"Zap","floor":6,"key":"SMITH"},{"data":"Genetic Algorithm","floor":12,"key":"SMITH"},{"data":"Seek","floor":15,"key":"SMITH"},{"data":"Chrysalis","floor":23,"key":"SMITH"},{"data":"Chaos","floor":30,"key":"SMITH"},{"floor":32,"key":"REST"},{"data":"Lockon","floor":40,"key":"SMITH"}],"neow_cost":"NONE","seed_source_timestamp":797137980390520,"circlet_count":0,"master_deck":["Strike_B","Strike_B","Defend_B","Defend_B","Defend_B","Defend_B","Zap+1","Dualcast","Conserve Battery","Cold Snap","Glacier","Coolheaded","Genetic Algorithm+1","FTL","Seek+1","Electrodynamics","Go for the Eyes+1","Sweeping Beam","Chrysalis+1","Lockon+1","Chaos+1","FTL","Ball Lightning+1","Thunder Strike","Compile Driver","Consume+1","Writhe"],"relics":["Eternal Feather","Shuriken","Golden Idol","Bronze Scales","Philosopher\u0027s Stone","MutagenicStrength","Meat on the Bone","Inserter","Old Coin"],"potions_floor_usage":[39,39],"damage_taken":[{"damage":1,"enemies":"Small Slimes","floor":1,"turns":4},{"damage":1,"enemies":"Cultist","floor":3,"turns":3},{"damage":0,"enemies":"2 Louse","floor":4,"turns":3},{"damage":0,"enemies":"2 Fungi Beasts","floor":5,"turns":5},{"damage":8,"enemies":"Large Slime","floor":7,"turns":8},{"damage":10,"enemies":"Exordium Thugs","floor":8,"turns":4},{"damage":34,"enemies":"Lagavulin","floor":11,"turns":7},{"damage":9,"enemies":"Lots of Slimes","floor":14,"turns":3},{"damage":39,"enemies":"Hexaghost","floor":16,"turns":13},{"damage":26,"enemies":"3 Byrds","floor":18,"turns":2},{"damage":12,"enemies":"Chosen","floor":19,"turns":6},{"damage":0,"enemies":"3 Cultists","floor":24,"turns":3},{"damage":4,"enemies":"Centurion and Healer","floor":25,"turns":9},{"damage":25,"enemies":"Sentry and Sphere","floor":27,"turns":6},{"damage":11,"enemies":"Chosen and Byrds","floor":28,"turns":4},{"damage":34,"enemies":"Snecko","floor":31,"turns":7},{"damage":42,"enemies":"Automaton","floor":33,"turns":8},{"damage":63,"enemies":"Flame Bruiser 1 Orb","floor":35,"turns":6},{"damage":10,"enemies":"3 Shapes","floor":36,"turns":4},{"damage":0,"enemies":"Mind Bloom Boss Battle","floor":37,"turns":4},{"damage":13,"enemies":"Flame Bruiser 2 Orb","floor":39,"turns":6},{"damage":58,"enemies":"Sphere and 2 Shapes","floor":41,"turns":3}],"seed_played":"-8997208757578762886","potions_obtained":[{"floor":1,"key":"Weak Potion"},{"floor":5,"key":"LiquidBronze"},{"floor":14,"key":"Strength Potion"},{"floor":28,"key":"PowerPotion"},{"floor":33,"key":"Block Potion"},{"floor":39,"key":"Swift Potion"}],"is_trial":false,"path_per_floor":["M","?","M","M","M","R","M","M","T","?","E","R","?","M","R","B",null,"M","M","$","?","?","R","M","M","T","M","M","$","R","M","R","B",null,"M","M","?","?","M","R"],"character_chosen":"DEFECT","items_purchased":["Chrysalis","Lockon","FTL"],"campfire_rested":1,"item_purchase_floors":[20,20,29],"current_hp_per_floor":[74,74,73,73,73,75,67,57,57,57,23,32,55,46,55,16,69,43,31,31,31,31,43,43,39,39,26,27,27,39,17,49,19,69,18,20,32,49,36,51,0],"gold":569,"neow_bonus":"BOSS_RELIC","is_prod":false,"is_daily":false,"chose_seed":false,"campfire_upgraded":6,"win_rate":0,"timestamp":1535678992,"path_taken":["M","?","M","M","M","R","M","M","T","?","E","R","?","M","R","BOSS","M","?","$","?","?","R","M","M","T","M","M","?","R","M","R","BOSS","M","M","?","?","M","R","M"],"build_version":"2018-08-23v2","purchased_purges":2,"victory":false,"max_hp_per_floor":[75,75,75,75,75,75,75,75,75,69,69,69,69,69,69,69,69,69,69,69,69,69,69,69,69,69,69,69,69,69,69,69,69,69,69,69,69,69,69,69,69],"card_choices":[{"not_picked":["Chill","Steam Power"],"picked":"Conserve Battery","floor":1},{"not_picked":["Stack","Hologram"],"picked":"Cold Snap","floor":3},{"not_picked":["Sweeping Beam","Recycle"],"picked":"Glacier","floor":4},{"not_picked":["Turbo","Compile Driver"],"picked":"Coolheaded","floor":5},{"not_picked":["Cold Snap","Steam"],"picked":"Genetic Algorithm","floor":7},{"not_picked":["Sweeping Beam","Chill"],"picked":"FTL","floor":8},{"not_picked":["Beam Cell","Coolheaded","Leap"],"picked":"SKIP","floor":11},{"not_picked":["Turbo","Beam Cell"],"picked":"Seek","floor":14},{"not_picked":["Seek","All For One"],"picked":"Electrodynamics","floor":16},{"not_picked":["Turbo","Static Discharge"],"picked":"Go for the Eyes+1","floor":18},{"not_picked":["Barrage+1","Streamline"],"picked":"Sweeping Beam","floor":19},{"not_picked":["Recycle","Cold Snap","Beam Cell+1"],"picked":"SKIP","floor":24},{"not_picked":["Steam","Echo Form"],"picked":"Chaos","floor":25},{"not_picked":["Barrage+1","Compile Driver","Darkness"],"picked":"SKIP","floor":27},{"not_picked":["Hologram","Recycle","Tempest"],"picked":"SKIP","floor":28},{"not_picked":["Rebound","Gash"],"picked":"Ball Lightning+1","floor":31},{"not_picked":["Meteor Strike","All For One"],"picked":"Thunder Strike","floor":33},{"not_picked":["Ball Lightning","Leap+1"],"picked":"Compile Driver","floor":35},{"not_picked":["Double Energy+1","Conserve Battery"],"picked":"Consume+1","floor":36},{"not_picked":["Steam Power","Chill","Gash"],"picked":"SKIP","floor":39}],"player_experience":283945,"relics_obtained":[{"floor":9,"key":"Shuriken"},{"floor":11,"key":"Bronze Scales"},{"floor":26,"key":"Meat on the Bone"},{"floor":37,"key":"Old Coin"}],"event_choices":[{"event_name":"The Woman in Blue","player_choice":"Bought 0 Potions","floor":2,"damage_taken":0},{"event_name":"Golden Idol","player_choice":"Lose Max HP","floor":10,"damage_taken":0},{"event_name":"Big Fish","player_choice":"Banana","floor":13,"damage_taken":0},{"event_name":"Drug Dealer","player_choice":"Inject Mutagens","floor":21,"damage_taken":0},{"event_name":"Nest","player_choice":"Stole From Cult","floor":22,"damage_taken":0},{"event_name":"MindBloom","player_choice":"Fight","floor":37,"damage_taken":0},{"event_name":"Winding Halls","player_choice":"Writhe","floor":38,"damage_taken":0}],"is_beta":false,"boss_relics":[{"not_picked":["White Beast Statue","Tiny House"],"picked":"Philosopher\u0027s Stone"},{"not_picked":["Orrery","Runic Pyramid"],"picked":"Inserter"}],"items_purged_floors":[20,29],"is_endless":false,"potions_floor_spawned":[1,5,14,16,18,19,25,28,33,36,39],"killed_by":"Sphere and 2 Shapes","ascension_level":4}