{"gold_per_floor":[109,129,146,162,38,38,213,231,231,231,231,231,248,268,268,268],"floor_reached":16,"playtime":830,"items_purged":["Defend_G"],"score":94,"play_id":"c1564d82-4df4-44d7-afc0-050ff0bc5a1e","local_time":"20181222130523","is_ascension_mode":false,"campfire_choices":[{"data":"Blade Dance","floor":6,"key":"SMITH"},{"data":"Cloak And Dagger","floor":12,"key":"SMITH"},{"data":"Survivor","floor":15,"key":"SMITH"}],"neow_cost":"NONE","seed_source_timestamp":74490097204588,"circlet_count":0,"master_deck":["Defend_G","Defend_G","Defend_G+1","Defend_G","Strike_G","Strike_G+1","Strike_G","Strike_G","Strike_G","Survivor+1","Neutralize","Backstab","Quick Slash","Cloak And Dagger+1","Well Laid Plans","Blade Dance+1","Doubt","Prepared","Acrobatics"],"relics":["Ring of the Snake","Strawberry","Lantern"],"potions_floor_usage":[],"damage_taken":[{"damage":0,"enemies":"Cultist","floor":1,"turns":5},{"damage":0,"enemies":"Jaw Worm","floor":2,"turns":4},{"damage":0,"enemies":"2 Louse","floor":3,"turns":2},{"damage":13,"enemies":"Exordium Wildlife","floor":4,"turns":9},{"damage":0,"enemies":"Looter","floor":8,"turns":4},{"damage":3,"enemies":"Red Slaver","floor":13,"turns":2},{"damage":0,"enemies":"Lots of Slimes","floor":14,"turns":4},{"damage":47,"enemies":"Hexaghost","floor":16,"turns":14}],"seed_played":"2280655187943133308","potions_obtained":[{"floor":1,"key":"Strength Potion"},{"floor":2,"key":"SteroidPotion"},{"floor":4,"key":"Explosive Potion"},{"floor":8,"key":"Energy Potion"}],"is_trial":false,"path_per_floor":["M","M","M","M","$","R","?","M","T","?","?","R","M","M","R","B"],"character_chosen":"THE_SILENT","items_purchased":["Blade Dance"],"campfire_rested":0,"item_purchase_floors":[5],"current_hp_per_floor":[77,77,77,64,64,64,64,64,71,64,47,47,44,44,44,0],"gold":268,"neow_bonus":"TEN_PERCENT_HP_BONUS","is_prod":false,"is_daily":false,"chose_seed":false,"campfire_upgraded":3,"win_rate":0.0,"timestamp":1545480323,"path_taken":["M","?","M","M","$","R","?","M","T","?","?","R","M","?","R","BOSS"],"build_version":"2018-12-20","purchased_purges":1,"victory":false,"max_hp_per_floor":[77,77,77,77,77,77,77,77,84,84,84,84,84,84,84,84],"card_choices":[{"not_picked":["Slice","Prepared"],"picked":"Backstab","floor":1},{"not_picked":["Sucker Punch","Dagger Throw"],"picked":"Quick Slash","floor":2},{"not_picked":["Predator","Underhanded Strike"],"picked":"Cloak And Dagger","floor":3},{"not_picked":["Slice","Backstab"],"picked":"Well Laid Plans","floor":4},{"not_picked":["Dash","Bouncing Flask"],"picked":"Prepared","floor":8},{"not_picked":["Reflex","Expertise"],"picked":"Acrobatics","floor":13},{"not_picked":["Crippling Poison","Escape Plan","Bane"],"picked":"SKIP","floor":14}],"player_experience":34906,"relics_obtained":[{"floor":9,"key":"Strawberry"}],"event_choices":[{"damage_healed":0,"gold_gain":175,"player_choice":"AGREE","damage_taken":0,"max_hp_gain":0,"max_hp_loss":0,"event_name":"Liars Game","floor":7,"gold_loss":0,"cards_obtained":["Doubt"]},{"damage_healed":0,"gold_gain":0,"player_choice":"Success","damage_taken":7,"relics_obtained":["Lantern"],"max_hp_gain":0,"max_hp_loss":0,"event_name":"Scrap Ooze","floor":10,"gold_loss":0},{"damage_healed":0,"gold_gain":0,"player_choice":"Entered Light","damage_taken":17,"max_hp_gain":0,"max_hp_loss":0,"event_name":"Shining Light","floor":11,"gold_loss":0,"cards_upgraded":["Defend_G","Strike_G"]}],"is_beta":false,"boss_relics":[],"items_purged_floors":[5],"is_endless":false,"potions_floor_spawned":[1,2,4,8],"killed_by":"Hexaghost","ascension_level":0}