{"gold_per_floor":[109,127,205,215,230,230,260,276,276,276,39,39,53,53],"floor_reached":14,"playtime":674,"items_purged":[],"score":152,"play_id":"0eea5fd2-62cd-446d-869a-3f827221a946","local_time":"20181216154831","is_ascension_mode":true,"campfire_choices":[{"data":"Dualcast","floor":6,"key":"SMITH"},{"floor":12,"key":"REST"}],"neow_cost":"PERCENT_DAMAGE","seed_source_timestamp":155488439701400,"circlet_count":0,"master_deck":["AscendersBane","Strike_B","Strike_B","Defend_B","Defend_B","Defend_B","Defend_B","Zap","Dualcast+1","Consume","Streamline+1","Redo","Self Repair","Sweeping Beam+1","Hello World","Cold Snap","Fission","Loop","Ball Lightning"],"relics":["Cracked Core","Whetstone"],"potions_floor_usage":[7,14],"damage_taken":[{"damage":1,"enemies":"Cultist","floor":1,"turns":3},{"damage":7,"enemies":"Small Slimes","floor":2,"turns":3},{"damage":1,"enemies":"2 Louse","floor":4,"turns":3},{"damage":22,"enemies":"Blue Slaver","floor":5,"turns":6},{"damage":25,"enemies":"3 Sentries","floor":7,"turns":7},{"damage":2,"enemies":"2 Fungi Beasts","floor":8,"turns":3},{"damage":13,"enemies":"Large Slime","floor":13,"turns":4},{"damage":37,"enemies":"Gremlin Nob","floor":14,"turns":3}],"seed_played":"7433476541367838436","potions_obtained":[{"floor":2,"key":"Strength Potion"},{"floor":4,"key":"Explosive Potion"}],"is_trial":false,"path_per_floor":["M","M","?","M","M","R","E","M","T","?","$","R","M","E"],"character_chosen":"DEFECT","items_purchased":["Fission","Loop"],"campfire_rested":1,"item_purchase_floors":[11,11],"current_hp_per_floor":[49,42,42,48,33,33,15,20,20,8,8,30,24,0],"gold":53,"neow_bonus":"TRANSFORM_TWO_CARDS","is_prod":false,"is_daily":false,"chose_seed":false,"campfire_upgraded":1,"win_rate":0,"timestamp":1544975311,"path_taken":["M","?","?","M","M","R","E","M","T","?","$","R","M","E"],"build_version":"2018-12-13","purchased_purges":0,"victory":false,"max_hp_per_floor":[75,75,75,75,75,75,75,75,75,75,75,75,75,75],"card_choices":[{"not_picked":["Rebound","Stack"],"picked":"Redo","floor":1},{"not_picked":["Redo","Compile Driver"],"picked":"Self Repair","floor":2},{"not_picked":["Fusion","Cold Snap"],"picked":"Sweeping Beam","floor":4},{"not_picked":["Rebound","Barrage","Blizzard"],"picked":"SKIP","floor":5},{"not_picked":["Lockon","All For One"],"picked":"Hello World","floor":7},{"not_picked":["Doom and Gloom","Compile Driver"],"picked":"Cold Snap","floor":8},{"not_picked":["Sweeping Beam","Rebound"],"picked":"Ball Lightning","floor":13}],"player_experience":533165,"relics_obtained":[{"floor":7,"key":"Whetstone"}],"event_choices":[{"damage_healed":0,"gold_gain":78,"player_choice":"Gained Gold","damage_taken":0,"max_hp_gain":0,"max_hp_loss":0,"event_name":"Golden Wing","floor":3,"gold_loss":0},{"damage_healed":0,"gold_gain":0,"player_choice":"Fled","damage_taken":12,"max_hp_gain":0,"max_hp_loss":0,"event_name":"Scrap Ooze","floor":10,"gold_loss":0}],"is_beta":false,"boss_relics":[],"items_purged_floors":[],"is_endless":false,"potions_floor_spawned":[2,4],"killed_by":"Gremlin Nob","ascension_level":13}