{"gold_per_floor":[367,379,128,148,159,159,175,450,474,212,222,222,254,254,254,333,333,318,67,85,0,0,0,26,26,26,26,26,45,65,82,82,158,158,176,176,187,202,6,36,36,50,74,0,100,100,129,66,66,66,66,66,28,62,62],"floor_reached":55,"playtime":3202,"items_purged":["Strike_B","Regret","Parasite"],"score":1460,"play_id":"c489c9e4-43fe-4596-ba16-79aa17abce89","local_time":"20190312234509","is_ascension_mode":true,"campfire_choices":[{"data":"Loop","floor":6,"key":"SMITH"},{"data":"Self Repair","floor":12,"key":"SMITH"},{"floor":15,"key":"REST"},{"floor":25,"key":"REST"},{"data":"Rainbow","floor":28,"key":"SMITH"},{"data":"Dualcast","floor":32,"key":"SMITH"},{"floor":41,"key":"RECALL"},{"data":"Fission","floor":46,"key":"SMITH"},{"data":"Capacitor","floor":49,"key":"SMITH"},{"data":"Buffer","floor":52,"key":"SMITH"}],"neow_cost":"PERCENT_DAMAGE","seed_source_timestamp":83869842320600,"circlet_count":0,"master_deck":["AscendersBane","Strike_B+1","Strike_B+1","Strike_B+1","Defend_B+1","Defend_B+1","Defend_B+1","Defend_B+1","Zap","Dualcast+1","Loop+1","Conserve Battery","Go for the Eyes+1","Coolheaded","BootSequence","Capacitor+1","Flash of Steel","Self Repair+1","Rainbow+1","Cold Snap","Defragment+1","Fission+1","Compile Driver","Madness","Madness","Force Field+1","Clumsy","Buffer+1","Loop"],"relics":["Cracked Core","Oddly Smooth Stone","DataDisk","Whetstone","Runic Pyramid","Gremlin Horn","Ancient Tea Set","Du-Vu Doll","Cursed Key","Membership Card","Nunchaku","Bronze Scales","Red Mask","Gambling Chip","Bottled Lightning","Letter Opener"],"potions_floor_usage":[13,18,24,54,54],"damage_taken":[{"damage":1,"enemies":"Cultist","floor":1,"turns":3},{"damage":0,"enemies":"Small Slimes","floor":2,"turns":4},{"damage":0,"enemies":"2 Louse","floor":4,"turns":2},{"damage":2,"enemies":"2 Fungi Beasts","floor":5,"turns":4},{"damage":7,"enemies":"Large Slime","floor":7,"turns":9},{"damage":1,"enemies":"Exordium Wildlife","floor":11,"turns":5},{"damage":31,"enemies":"Gremlin Nob","floor":13,"turns":6},{"damage":16,"enemies":"The Guardian","floor":16,"turns":12},{"damage":12,"enemies":"2 Thieves","floor":18,"turns":4},{"damage":3,"enemies":"Shell Parasite","floor":20,"turns":6},{"damage":62,"enemies":"Slavers","floor":24,"turns":15},{"damage":1,"enemies":"Snake Plant","floor":29,"turns":4},{"damage":2,"enemies":"Chosen and Byrds","floor":30,"turns":5},{"damage":1,"enemies":"Shelled Parasite and Fungi","floor":31,"turns":8},{"damage":26,"enemies":"Automaton","floor":33,"turns":9},{"damage":0,"enemies":"Orb Walker","floor":35,"turns":3},{"damage":1,"enemies":"3 Shapes","floor":37,"turns":4},{"damage":0,"enemies":"Maw","floor":38,"turns":8},{"damage":0,"enemies":"Nemesis","floor":40,"turns":7},{"damage":14,"enemies":"Writhing Mass","floor":42,"turns":6},{"damage":0,"enemies":"Mind Bloom Boss Battle","floor":45,"turns":8},{"damage":0,"enemies":"Giant Head","floor":47,"turns":9},{"damage":0,"enemies":"Time Eater","floor":50,"turns":12},{"damage":63,"enemies":"Shield and Spear","floor":54,"turns":10},{"damage":42,"enemies":"The Heart","floor":55,"turns":2}],"seed_played":"-7299647709780333980","potions_obtained":[{"floor":1,"key":"SpeedPotion"},{"floor":16,"key":"Weak Potion"},{"floor":20,"key":"Explosive Potion"},{"floor":30,"key":"Regen Potion"},{"floor":31,"key":"AttackPotion"}],"is_trial":false,"path_per_floor":["M","M","$","M","M","R","M","?","T","$","M","R","E","?","R","B",null,"M","$","M","?","$","?","E","R","T","?","R","M","M","M","R","B",null,"M","?","M","M","$","E","R","M","T","?","?","R","E","$","R","B",null,"R","$","E","B"],"character_chosen":"DEFECT","items_purchased":["Oddly Smooth Stone","Go for the Eyes","Capacitor","Flash of Steel","Gremlin Horn","Membership Card","Loop"],"campfire_rested":2,"item_purchase_floors":[3,3,10,10,19,39,53],"current_hp_per_floor":[45,45,45,45,43,43,36,36,36,36,35,35,14,14,35,29,61,59,59,66,66,66,66,14,35,35,35,35,44,42,51,51,35,62,71,58,67,71,71,71,71,67,67,67,71,71,71,68,68,68,68,68,68,30,0],"gold":62,"neow_bonus":"TWO_FIFTY_GOLD","is_prod":false,"is_daily":false,"chose_seed":false,"campfire_upgraded":7,"win_rate":0,"timestamp":1552434309,"path_taken":["M","M","$","M","?","R","M","?","T","$","?","R","E","?","R","BOSS","M","$","M","?","$","?","E","R","T","?","R","?","?","M","R","BOSS","M","?","M","M","$","E","R","M","T","?","?","R","E","$","R","BOSS","R","$","E","BOSS"],"build_version":"2019-01-23","purchased_purges":3,"victory":false,"max_hp_per_floor":[71,71,71,71,71,71,71,71,71,71,71,71,71,71,71,71,71,71,71,71,71,71,71,71,71,71,71,71,71,71,71,71,71,71,71,71,71,71,71,71,71,71,71,71,71,71,71,68,68,68,68,68,68,68,68],"card_choices":[{"not_picked":["Self Repair","Gash"],"picked":"Loop","floor":1},{"not_picked":["Leap","Sunder"],"picked":"Conserve Battery","floor":2},{"not_picked":["Barrage","Sweeping Beam"],"picked":"Coolheaded","floor":4},{"not_picked":["Leap","Streamline","Fusion"],"picked":"SKIP","floor":5},{"not_picked":["Consume","Thunder Strike"],"picked":"BootSequence","floor":7},{"not_picked":["Stack","Barrage"],"picked":"Self Repair","floor":11},{"not_picked":["Streamline","Stack","Lockon"],"picked":"SKIP","floor":13},{"not_picked":["Core Surge","Reboot"],"picked":"Rainbow","floor":16},{"not_picked":["Stack","Hello World","Streamline"],"picked":"SKIP","floor":18},{"not_picked":["Barrage","Hello World","Go for the Eyes"],"picked":"SKIP","floor":20},{"not_picked":["Darkness","Storm","Beam Cell"],"picked":"SKIP","floor":24},{"not_picked":["Streamline","Beam Cell"],"picked":"Cold Snap","floor":29},{"not_picked":["Undo","Heatsinks","Static Discharge"],"picked":"SKIP","floor":30},{"not_picked":["Conserve Battery","Cold Snap"],"picked":"Defragment+1","floor":31},{"not_picked":["Hyperbeam","Rainbow"],"picked":"Fission","floor":33},{"not_picked":["Aggregate+1","Double Energy+1"],"picked":"Compile Driver","floor":35},{"not_picked":["Gash","Chill"],"picked":"Force Field+1","floor":37},{"not_picked":["Steam Power","Beam Cell","Redo"],"picked":"SKIP","floor":38},{"not_picked":["Glacier+1","Leap","Force Field"],"picked":"SKIP","floor":40},{"not_picked":["Go for the Eyes","FTL","Rebound+1"],"picked":"SKIP","floor":42},{"not_picked":["Hologram","Meteor Strike"],"picked":"Buffer","floor":47},{"not_picked":["Sweeping Beam+1","Barrage","Leap+1"],"picked":"SKIP","floor":54}],"player_experience":605993,"relics_obtained":[{"floor":9,"key":"DataDisk"},{"floor":13,"key":"Whetstone"},{"floor":24,"key":"Du-Vu Doll"},{"floor":40,"key":"Nunchaku"},{"floor":43,"key":"Bronze Scales"},{"floor":45,"key":"Gambling Chip"},{"floor":47,"key":"Bottled Lightning"},{"floor":54,"key":"Letter Opener"}],"event_choices":[{"damage_healed":0,"gold_gain":275,"player_choice":"Desecrate","damage_taken":0,"max_hp_gain":0,"max_hp_loss":0,"event_name":"Golden Shrine","floor":8,"gold_loss":0,"cards_obtained":["Regret"]},{"damage_healed":0,"gold_gain":0,"player_choice":"Searched \u00270\u0027 times","damage_taken":0,"max_hp_gain":0,"max_hp_loss":0,"event_name":"Dead Adventurer","floor":14,"gold_loss":0},{"damage_healed":0,"gold_gain":0,"player_choice":"Obtained Relic","damage_taken":0,"relics_obtained":["Ancient Tea Set"],"max_hp_gain":0,"max_hp_loss":0,"event_name":"Addict","floor":21,"gold_loss":85},{"damage_healed":0,"gold_gain":0,"player_choice":"Ignored","damage_taken":0,"max_hp_gain":0,"max_hp_loss":0,"event_name":"Ghosts","floor":23,"gold_loss":0},{"damage_healed":0,"gold_gain":0,"player_choice":"Simplicity","damage_taken":0,"max_hp_gain":0,"max_hp_loss":0,"event_name":"Back to Basics","floor":27,"gold_loss":0,"cards_upgraded":["Strike_B","Strike_B","Defend_B","Defend_B","Defend_B","Defend_B"]},{"damage_healed":0,"gold_gain":0,"player_choice":"Embrace Madness","damage_taken":13,"max_hp_gain":0,"max_hp_loss":0,"event_name":"Winding Halls","floor":36,"gold_loss":0,"cards_obtained":["Madness","Madness"]},{"damage_healed":0,"gold_gain":0,"player_choice":"Paid","damage_taken":0,"relics_obtained":["Red Mask"],"max_hp_gain":0,"max_hp_loss":0,"event_name":"Tomb of Lord Red Mask","floor":44,"gold_loss":74},{"damage_healed":0,"gold_gain":0,"player_choice":"Fight","damage_taken":0,"max_hp_gain":0,"max_hp_loss":0,"event_name":"MindBloom","floor":45,"gold_loss":0}],"is_beta":false,"boss_relics":[{"not_picked":["Sozu","Empty Cage"],"picked":"Runic Pyramid"},{"not_picked":["Eternal Feather","Lizard Tail"],"picked":"Cursed Key"}],"items_purged_floors":[3,10,48],"is_endless":false,"potions_floor_spawned":[1,16,20,30,31,35,42,45],"killed_by":"The Heart","ascension_level":15}