{"gold_per_floor":[115,128,146,157,71,106,106,132,157,157,157,173,348,367,367,367],"floor_reached":16,"playtime":896,"items_purged":[],"score":129,"play_id":"44e49f2f-e3b3-4ee4-b1b7-eb019ec226f7","local_time":"20181216204246","is_ascension_mode":true,"campfire_choices":[{"floor":7,"key":"REST"},{"floor":15,"key":"RECALL"}],"neow_cost":"NONE","seed_source_timestamp":192340892743600,"circlet_count":0,"master_deck":["Strike_B","Strike_B","Strike_B","Strike_B","Defend_B","Defend_B","Defend_B","Defend_B","Zap","Dualcast","Recycle","Chaos","Skim","Gash","Discovery","Multi-Cast","Machine Learning","Leap","Go for the Eyes"],"relics":["Cracked Core","NeowsBlessing","Lantern","Omamori"],"potions_floor_usage":[6,8,8,16],"damage_taken":[{"damage":0,"enemies":"Jaw Worm","floor":1,"turns":1},{"damage":0,"enemies":"2 Louse","floor":2,"turns":1},{"damage":0,"enemies":"Small Slimes","floor":3,"turns":1},{"damage":5,"enemies":"Exordium Wildlife","floor":4,"turns":3},{"damage":62,"enemies":"Lagavulin","floor":6,"turns":8},{"damage":28,"enemies":"Gremlin Nob","floor":8,"turns":4},{"damage":0,"enemies":"Large Slime","floor":12,"turns":3},{"damage":3,"enemies":"Looter","floor":14,"turns":3},{"damage":52,"enemies":"Slime Boss","floor":16,"turns":6}],"seed_played":"777736609672225388","potions_obtained":[{"floor":2,"key":"Strength Potion"},{"floor":4,"key":"Strength Potion"},{"floor":6,"key":"Block Potion"},{"floor":12,"key":"FearPotion"}],"is_trial":false,"path_per_floor":["M","M","M","M","$","E","R","E","T","?","?","M","?","M","R","B"],"character_chosen":"DEFECT","items_purchased":["Discovery"],"campfire_rested":1,"item_purchase_floors":[5],"current_hp_per_floor":[75,75,75,70,70,8,30,2,2,20,45,45,45,42,42,0],"gold":367,"neow_bonus":"THREE_ENEMY_KILL","is_prod":false,"is_daily":false,"chose_seed":false,"campfire_upgraded":0,"win_rate":0,"timestamp":1545000166,"path_taken":["M","M","M","M","$","E","R","E","T","?","?","M","?","M","R","BOSS"],"build_version":"2018-12-13","purchased_purges":0,"victory":false,"max_hp_per_floor":[75,75,75,75,75,75,75,75,75,75,75,75,75,75,75,75],"card_choices":[{"not_picked":["Barrage","Hologram"],"picked":"Recycle","floor":1},{"not_picked":["Steam","Tempest"],"picked":"Chaos","floor":2},{"not_picked":["Coolheaded","Beam Cell"],"picked":"Skim","floor":3},{"not_picked":["Undo","Rebound"],"picked":"Gash","floor":4},{"not_picked":["Hologram","Double Energy"],"picked":"Multi-Cast","floor":6},{"not_picked":["Rip and Tear","Doom and Gloom"],"picked":"Machine Learning","floor":8},{"not_picked":["Rebound","Heatsinks"],"picked":"Leap","floor":12},{"not_picked":["Barrage","Rebound"],"picked":"Go for the Eyes","floor":14}],"player_experience":256670,"relics_obtained":[{"floor":6,"key":"Lantern"},{"floor":8,"key":"Omamori"}],"event_choices":[{"damage_healed":18,"gold_gain":0,"player_choice":"Healed and dodged fight","damage_taken":0,"max_hp_gain":0,"max_hp_loss":0,"event_name":"Mushrooms","floor":10,"gold_loss":0,"cards_obtained":["Parasite"]},{"damage_healed":25,"gold_gain":0,"player_choice":"Banana","damage_taken":0,"max_hp_gain":0,"max_hp_loss":0,"event_name":"Big Fish","floor":11,"gold_loss":0},{"damage_healed":0,"gold_gain":175,"player_choice":"AGREE","damage_taken":0,"max_hp_gain":0,"max_hp_loss":0,"event_name":"Liars Game","floor":13,"gold_loss":0,"cards_obtained":["Doubt"]}],"is_beta":false,"boss_relics":[],"items_purged_floors":[],"is_endless":false,"potions_floor_spawned":[2,4,6,12],"killed_by":"Slime Boss","ascension_level":3}