{"gold_per_floor":[111,129,145,70,87,87,87,87,87,87,97,112,112,124,124,226,226,244,343,358,374,384,404,404,422,449,464,464,464,477,477],"floor_reached":31,"playtime":1307,"items_purged":["Strike_B"],"score":235,"play_id":"e5f51f54-d21d-4361-bc2b-d153ba79ba2d","local_time":"20180626194213","is_ascension_mode":false,"campfire_choices":[{"data":"Darkness","floor":6,"key":"SMITH"},{"data":"Defragment","floor":8,"key":"SMITH"},{"data":"Conserve Battery","floor":10,"key":"SMITH"},{"floor":15,"key":"REST"},{"floor":24,"key":"REST"},{"data":"Self Repair","floor":29,"key":"SMITH"}],"neow_cost":"NONE","seed_source_timestamp":379483405131124,"circlet_count":0,"master_deck":["Strike_B","Strike_B","Defend_B","Defend_B","Defend_B","Defend_B","Zap","Dualcast","Darkness+1","Conserve Battery+1","Redo+1","Defragment+1","White Noise","Leap","White Noise","Self Repair+1","Chill+1","Conserve Battery+1","Steam+1","Hologram+1","Go for the Eyes","Leap+1"],"relics":["Cracked Core"],"potions_floor_usage":[18,18,23,25],"damage_taken":[{"damage":8,"enemies":"2 Louse","floor":1,"turns":2},{"damage":3,"enemies":"Small Slimes","floor":2,"turns":3},{"damage":0,"enemies":"Cultist","floor":3,"turns":3},{"damage":19,"enemies":"Exordium Thugs","floor":5,"turns":7},{"damage":0,"enemies":"Red Slaver","floor":11,"turns":4},{"damage":0,"enemies":"3 Louse","floor":12,"turns":3},{"damage":2,"enemies":"Large Slime","floor":14,"turns":5},{"damage":28,"enemies":"The Guardian","floor":16,"turns":9},{"damage":34,"enemies":"2 Thieves","floor":18,"turns":4},{"damage":0,"enemies":"Chosen","floor":20,"turns":4},{"damage":18,"enemies":"Snecko","floor":21,"turns":6},{"damage":3,"enemies":"Centurion and Healer","floor":22,"turns":5},{"damage":26,"enemies":"Snake Plant","floor":23,"turns":6},{"damage":14,"enemies":"Chosen and Byrds","floor":25,"turns":7},{"damage":2,"enemies":"Centurion and Healer","floor":27,"turns":6},{"damage":14,"enemies":"Snake Plant","floor":30,"turns":5},{"damage":43,"enemies":"Cultist and Chosen","floor":31,"turns":6}],"seed_played":"-842957139921781020","potions_obtained":[{"floor":1,"key":"FearPotion"},{"floor":3,"key":"LiquidBronze"},{"floor":11,"key":"Poison Potion"},{"floor":20,"key":"Explosive Potion"},{"floor":22,"key":"Block Potion"}],"is_trial":false,"path_per_floor":["M","M","M","$","M","R","?","R","T","R","M","M","?","M","R","B",null,"M","?","M","M","M","M","R","M","T","M","?","R","M"],"character_chosen":"DEFECT","items_purchased":[],"campfire_rested":2,"item_purchase_floors":[],"current_hp_per_floor":[67,64,64,64,45,45,45,45,45,45,45,45,45,43,65,37,75,41,41,48,37,41,22,44,37,37,42,42,42,38,0],"gold":477,"neow_bonus":"TRANSFORM_CARD","is_prod":false,"is_daily":false,"chose_seed":false,"campfire_upgraded":4,"win_rate":0,"timestamp":1530052933,"path_taken":["M","M","M","$","M","R","?","R","T","R","M","M","?","M","R","BOSS","M","?","?","M","M","M","R","M","T","?","?","R","M","M"],"build_version":"2018-06-21v2","purchased_purges":1,"victory":false,"max_hp_per_floor":[75,75,75,75,75,75,75,75,75,75,75,75,75,75,75,75,75,75,75,75,75,75,75,75,75,75,75,75,75,75,75],"card_choices":[{"not_picked":["Steam","Tempest"],"picked":"Conserve Battery","floor":1},{"not_picked":["Rip and Tear","Sweeping Beam"],"picked":"Redo","floor":2},{"not_picked":["Cold Snap","Heatsinks"],"picked":"Defragment","floor":3},{"not_picked":["Ball Lightning","Coolheaded"],"picked":"White Noise","floor":5},{"not_picked":["Compile Driver","Hologram"],"picked":"Leap","floor":11},{"not_picked":["Skim","Streamline"],"picked":"White Noise","floor":12},{"not_picked":["Stack","Turbo","Beam Cell"],"picked":"SKIP","floor":14},{"not_picked":["Sweeping Beam","Sunder"],"picked":"Self Repair","floor":18},{"not_picked":["FTL","Rebound"],"picked":"Chill+1","floor":20},{"not_picked":["Steam","Coolheaded+1"],"picked":"Conserve Battery+1","floor":21},{"not_picked":["Rip and Tear+1","Streamline"],"picked":"Steam+1","floor":22},{"not_picked":["Go for the Eyes","Cold Snap"],"picked":"Hologram+1","floor":23},{"not_picked":["Cold Snap+1","Go for the Eyes+1","Stack"],"picked":"SKIP","floor":25},{"not_picked":["Reinforced Body","Barrage+1"],"picked":"Go for the Eyes","floor":27},{"not_picked":["Coolheaded","Barrage"],"picked":"Leap+1","floor":30}],"player_experience":161343,"relics_obtained":[],"event_choices":[{"event_name":"Liars Game","player_choice":"disagreed","floor":7,"damage_taken":0},{"event_name":"Upgrade Shrine","player_choice":"Upgraded","floor":13,"damage_taken":0},{"event_name":"Nest","player_choice":"Stole From Cult","floor":19,"damage_taken":0},{"event_name":"Vampires","player_choice":"Ignored","floor":28,"damage_taken":0}],"boss_relics":[{"not_picked":["Sozu","Calling Bell","Lizard Tail"]}],"items_purged_floors":[4],"is_endless":false,"potions_floor_spawned":[1,3,11,20,22],"killed_by":"Cultist and Chosen","ascension_level":0}