{"gold_per_floor":[111,127,127,148,148,173,194,194,217,238,238,272,286,299,299,424,424,437,11,26,44,57,57],"floor_reached":23,"playtime":2675,"items_purged":["Strike_B"],"score":219,"play_id":"c2105d1e-39ed-439d-9c9d-4ff228a00a86","local_time":"20180713003242","is_ascension_mode":true,"campfire_choices":[{"data":"Go for the Eyes","floor":8,"key":"SMITH"},{"floor":11,"key":"REST"},{"data":"Fusion","floor":15,"key":"SMITH"}],"neow_cost":"","seed_source_timestamp":302811581055649,"circlet_count":0,"master_deck":["Strike_B+1","Strike_B","Strike_B","Defend_B","Defend_B","Defend_B","Defend_B","Zap","Dualcast","Go for the Eyes+1","Turbo","Conserve Battery+1","Streamline","White Noise","Streamline","Capacitor","Cold Snap","Fusion+1","Meteor Strike","Conserve Battery+1","Finesse","Coolheaded","FTL+1","Redo"],"relics":["Cracked Core","Golden Idol","Bronze Scales","Happy Flower","Black Star","ClockworkSouvenir"],"potions_floor_usage":[7,16,18,18,23],"damage_taken":[{"damage":12,"enemies":"Small Slimes","floor":1,"turns":4},{"damage":2,"enemies":"Jaw Worm","floor":2,"turns":3},{"damage":4,"enemies":"2 Louse","floor":4,"turns":4},{"damage":4,"enemies":"Looter","floor":6,"turns":3},{"damage":0,"enemies":"Exordium Thugs","floor":7,"turns":4},{"damage":10,"enemies":"Lots of Slimes","floor":10,"turns":4},{"damage":8,"enemies":"Gremlin Nob","floor":12,"turns":3},{"damage":0,"enemies":"Red Slaver","floor":13,"turns":2},{"damage":7,"enemies":"Exordium Wildlife","floor":14,"turns":3},{"damage":32,"enemies":"The Guardian","floor":16,"turns":10},{"damage":13,"enemies":"Shell Parasite","floor":18,"turns":4},{"damage":7,"enemies":"Chosen","floor":20,"turns":6},{"damage":20,"enemies":"Sentry and Sphere","floor":21,"turns":6},{"damage":27,"enemies":"Cultist and Chosen","floor":22,"turns":6},{"damage":13,"enemies":"Gremlin Leader","floor":23,"turns":1}],"seed_played":"4611235266836660740","potions_obtained":[{"floor":6,"key":"Fruit Juice"},{"floor":10,"key":"SteroidPotion"},{"floor":12,"key":"Strength Potion"},{"floor":13,"key":"SkillPotion"},{"floor":16,"key":"PowerPotion"},{"floor":21,"key":"Regen Potion"}],"is_trial":false,"path_per_floor":["M","M","?","M","?","M","M","R","T","M","R","E","M","M","R","B",null,"M","$","M","M","M"],"character_chosen":"DEFECT","items_purchased":["Finesse","ClockworkSouvenir","Coolheaded"],"campfire_rested":1,"item_purchase_floors":[19,19,19],"current_hp_per_floor":[63,61,61,57,43,39,44,44,44,34,56,48,48,41,41,9,74,61,61,54,34,7,0],"gold":57,"neow_bonus":"","is_prod":false,"is_daily":false,"chose_seed":false,"campfire_upgraded":2,"win_rate":0,"timestamp":1531438362,"path_taken":["M","M","?","M","?","M","M","R","T","M","R","E","?","M","R","BOSS","M","?","?","M","M","E"],"build_version":"2018-07-05","purchased_purges":1,"victory":false,"max_hp_per_floor":[75,75,69,69,69,69,74,74,74,74,74,74,74,74,74,74,74,74,74,74,74,74,74],"card_choices":[{"not_picked":["Redo","Hologram"],"picked":"Go for the Eyes","floor":1},{"not_picked":["Blizzard","Sunder"],"picked":"Turbo","floor":2},{"not_picked":["Lockon","Ball Lightning"],"picked":"Conserve Battery","floor":4},{"not_picked":["Rebound","Conserve Battery"],"picked":"Streamline","floor":6},{"not_picked":["Hologram","Compile Driver"],"picked":"White Noise","floor":7},{"not_picked":["Beam Cell","Scrape"],"picked":"Streamline","floor":10},{"not_picked":["Seek","Compile Driver"],"picked":"Capacitor","floor":12},{"not_picked":["Go for the Eyes","Rip and Tear"],"picked":"Cold Snap","floor":13},{"not_picked":["Force Field","Compile Driver"],"picked":"Fusion","floor":14},{"not_picked":["Amplify","Biased Cognition"],"picked":"Meteor Strike","floor":16},{"not_picked":["Sweeping Beam","Ball Lightning"],"picked":"Conserve Battery+1","floor":18},{"not_picked":["Rebound+1","Turbo+1","Hologram"],"picked":"SKIP","floor":20},{"not_picked":["Heatsinks","Conserve Battery+1"],"picked":"FTL+1","floor":21},{"not_picked":["Conserve Battery","Go for the Eyes"],"picked":"Redo","floor":22}],"player_experience":209299,"relics_obtained":[{"floor":9,"key":"Bronze Scales"},{"floor":12,"key":"Happy Flower"}],"event_choices":[{"event_name":"Golden Idol","player_choice":"Lose Max HP","floor":3,"damage_taken":0},{"event_name":"Shining Light","player_choice":"Entered Light","floor":5,"damage_taken":0}],"boss_relics":[{"not_picked":["Lizard Tail","Philosopher\u0027s Stone"],"picked":"Black Star"}],"items_purged_floors":[19],"is_endless":false,"potions_floor_spawned":[6,10,12,13,16,21],"killed_by":"Gremlin Leader","ascension_level":2}