{"gold_per_floor":[116,116,38,57,75,108,108,133,213,167,186,186,226,226,226,352,352,376,61,1,15,15],"floor_reached":22,"playtime":1866,"items_purged":[],"score":219,"play_id":"7ab944fa-c7ed-452d-bd1c-696d17ae3c2f","local_time":"20190224014641","is_ascension_mode":false,"campfire_choices":[{"floor":12,"key":"REST"},{"floor":15,"key":"REST"}],"neow_cost":"NONE","seed_source_timestamp":947652109699500,"circlet_count":0,"master_deck":["Defend_G","Defend_G","Defend_G","Defend_G","Defend_G","Strike_G","Strike_G","Strike_G","Strike_G","Strike_G","Survivor","Neutralize","All Out Attack","Distraction","Blade Dance","Bouncing Flask","Quick Slash","Injury","Acrobatics","A Thousand Cuts+1","Crippling Poison","Night Terror","Outmaneuver","Blur","PiercingWail"],"relics":["Ring of the Snake","Bird Faced Urn","Golden Idol","Frozen Egg 2","Juzu Bracelet","Philosopher\u0027s Stone","Mango"],"potions_floor_usage":[16],"damage_taken":[{"damage":2,"enemies":"Small Slimes","floor":1,"turns":5},{"damage":0,"enemies":"2 Louse","floor":4,"turns":2},{"damage":0,"enemies":"Cultist","floor":5,"turns":4},{"damage":18,"enemies":"Lagavulin","floor":6,"turns":6},{"damage":10,"enemies":"3 Louse","floor":8,"turns":3},{"damage":4,"enemies":"Red Slaver","floor":11,"turns":3},{"damage":39,"enemies":"Gremlin Nob","floor":13,"turns":5},{"damage":35,"enemies":"Hexaghost","floor":16,"turns":10},{"damage":13,"enemies":"Chosen","floor":18,"turns":5},{"damage":17,"enemies":"2 Thieves","floor":20,"turns":4},{"damage":31,"enemies":"Snake Plant","floor":21,"turns":4},{"damage":38,"enemies":"Snecko","floor":22,"turns":4}],"seed_played":"9131903861304634438","potions_obtained":[{"floor":8,"key":"Explosive Potion"},{"floor":13,"key":"SpeedPotion"},{"floor":16,"key":"AttackPotion"},{"floor":18,"key":"SteroidPotion"}],"is_trial":false,"path_per_floor":["M","?","$","M","M","E","?","M","T","?","M","R","E","?","R","B",null,"M","$","M","M","M"],"character_chosen":"THE_SILENT","items_purchased":["Distraction","Mango"],"campfire_rested":2,"item_purchase_floors":[3,19],"current_hp_per_floor":[75,75,75,75,75,57,57,47,47,47,43,66,27,27,50,17,77,64,78,63,34,0],"gold":15,"neow_bonus":"TEN_PERCENT_HP_BONUS","is_prod":false,"is_daily":false,"chose_seed":false,"campfire_upgraded":0,"win_rate":0.0,"timestamp":1550990801,"path_taken":["M","?","$","M","M","E","?","M","T","?","M","R","E","?","R","BOSS","M","$","M","M","M"],"build_version":"2019-01-23","purchased_purges":0,"victory":false,"max_hp_per_floor":[77,77,77,77,77,77,77,77,77,77,77,77,77,77,77,77,77,77,91,91,91,91],"card_choices":[{"not_picked":["Sucker Punch","Dodge and Roll"],"picked":"All Out Attack","floor":1},{"not_picked":["Deflect","Tactician"],"picked":"Blade Dance","floor":4},{"not_picked":["Footwork","Deflect"],"picked":"Bouncing Flask","floor":5},{"not_picked":["Backflip","Slice"],"picked":"Quick Slash","floor":6},{"not_picked":["Eviscerate","Backflip"],"picked":"Acrobatics","floor":8},{"not_picked":["Dagger Spray","Riddle With Holes"],"picked":"A Thousand Cuts+1","floor":11},{"not_picked":["Slice","Venomology"],"picked":"Crippling Poison","floor":13},{"not_picked":["Burst","Malaise"],"picked":"Night Terror","floor":16},{"not_picked":["PiercingWail","Deadly Poison"],"picked":"Outmaneuver","floor":18},{"not_picked":["Sucker Punch","Slice"],"picked":"Blur","floor":20},{"not_picked":["Acrobatics","Slice"],"picked":"PiercingWail","floor":21}],"player_experience":2387,"relics_obtained":[{"floor":6,"key":"Bird Faced Urn"},{"floor":9,"key":"Frozen Egg 2"},{"floor":13,"key":"Juzu Bracelet"}],"event_choices":[{"damage_healed":0,"gold_gain":0,"player_choice":"Leave","damage_taken":0,"max_hp_gain":0,"max_hp_loss":0,"event_name":"The Cleric","floor":2,"gold_loss":0},{"damage_healed":0,"gold_gain":0,"player_choice":"Take Wound","damage_taken":0,"relics_obtained":["Golden Idol"],"max_hp_gain":0,"max_hp_loss":0,"event_name":"Golden Idol","floor":7,"gold_loss":0,"cards_obtained":["Injury"]},{"damage_healed":0,"gold_gain":0,"player_choice":"Left Gold","damage_taken":0,"max_hp_gain":0,"max_hp_loss":0,"event_name":"World of Goop","floor":10,"gold_loss":46},{"damage_healed":0,"gold_gain":0,"player_choice":"Ignored","damage_taken":0,"max_hp_gain":0,"max_hp_loss":0,"event_name":"Liars Game","floor":14,"gold_loss":0}],"is_beta":false,"boss_relics":[{"not_picked":["Ring of the Serpent","Velvet Choker"],"picked":"Philosopher\u0027s Stone"}],"items_purged_floors":[],"is_endless":false,"potions_floor_spawned":[8,13,16,18],"killed_by":"Snecko","ascension_level":0}