{"gold_per_floor":[116,127,127,202,202,228,228,240,266,266,282,296,324,342,342,438,438,449,70,70,90,90,90,106,106,106,136,151,166,166,176,176,176],"floor_reached":33,"playtime":2228,"items_purged":["Strike_R"],"score":335,"play_id":"b7095272-5b17-4051-86f6-b381075c1096","local_time":"20180802003317","is_ascension_mode":true,"campfire_choices":[{"floor":7,"key":"REST"},{"data":"Flex","floor":10,"key":"SMITH"},{"floor":15,"key":"REST"},{"data":"Armaments","floor":23,"key":"SMITH"},{"data":"Barricade","floor":30,"key":"SMITH"},{"data":"Flex","floor":32,"key":"SMITH"}],"neow_cost":"","seed_source_timestamp":620045308096390,"circlet_count":0,"master_deck":["Strike_R","Strike_R","Strike_R","Defend_R","Defend_R","Defend_R","Defend_R","Bash+1","Flex+1","Ghostly Armor","Warcry","Impervious","Metallicize","Armaments+1","Whirlwind","Barricade+1","Metallicize+1","Finesse","Bloodletting+1","Shrug It Off","Doubt","Intimidate","Limit Break","Disarm+1","Flex+1"],"relics":["Burning Blood","Potion Belt","Bronze Scales","Mummified Hand","Cursed Key","HandDrill","Anchor","Ornamental Fan","Orichalcum"],"potions_floor_usage":[6,16,16,16,27],"damage_taken":[{"damage":7,"enemies":"Small Slimes","floor":1,"turns":3},{"damage":1,"enemies":"Cultist","floor":2,"turns":3},{"damage":61,"enemies":"Lagavulin","floor":6,"turns":9},{"damage":1,"enemies":"2 Louse","floor":8,"turns":4},{"damage":11,"enemies":"Blue Slaver","floor":11,"turns":5},{"damage":9,"enemies":"Large Slime","floor":12,"turns":8},{"damage":25,"enemies":"Gremlin Nob","floor":13,"turns":5},{"damage":4,"enemies":"Red Slaver","floor":14,"turns":5},{"damage":37,"enemies":"Slime Boss","floor":16,"turns":14},{"damage":9,"enemies":"Shell Parasite","floor":18,"turns":7},{"damage":0,"enemies":"Spheric Guardian","floor":21,"turns":6},{"damage":18,"enemies":"Slaver and Parasite","floor":24,"turns":5},{"damage":39,"enemies":"Book of Stabbing","floor":27,"turns":7},{"damage":0,"enemies":"Sentry and Sphere","floor":28,"turns":10},{"damage":0,"enemies":"Centurion and Healer","floor":29,"turns":12},{"damage":0,"enemies":"Snecko","floor":31,"turns":9},{"damage":38,"enemies":"Automaton","floor":33,"turns":6}],"seed_played":"210046885692727505","potions_obtained":[{"floor":1,"key":"EssenceOfSteel"},{"floor":2,"key":"Poison Potion"},{"floor":8,"key":"Explosive Potion"},{"floor":14,"key":"Weak Potion"},{"floor":21,"key":"AttackPotion"},{"floor":24,"key":"FearPotion"},{"floor":31,"key":"Energy Potion"}],"is_trial":false,"path_per_floor":["M","M","?","?","?","E","R","M","T","R","M","M","E","M","R","B",null,"M","$","?","M","?","R","M","?","T","E","M","M","R","M","R"],"character_chosen":"IRONCLAD","items_purchased":["Finesse","HandDrill"],"campfire_rested":2,"item_purchase_floors":[19,19],"current_hp_per_floor":[79,80,80,69,69,14,38,43,43,43,38,35,16,18,42,11,80,77,77,77,80,65,65,53,53,53,20,26,32,32,38,38,0],"gold":176,"neow_bonus":"","is_prod":false,"is_daily":false,"chose_seed":false,"campfire_upgraded":4,"win_rate":0,"timestamp":1533166397,"path_taken":["M","M","?","?","?","E","R","?","T","R","M","M","E","M","R","BOSS","M","$","?","M","?","R","M","?","T","E","M","?","R","M","R","BOSS"],"build_version":"2018-07-26","purchased_purges":1,"victory":false,"max_hp_per_floor":[80,80,80,80,80,80,80,80,80,80,80,80,80,80,80,80,80,80,80,80,80,85,85,85,85,85,85,85,85,85,85,85,85],"card_choices":[{"not_picked":["Entrench","Rampage"],"picked":"Flex","floor":1},{"not_picked":["True Grit","Havoc"],"picked":"Ghostly Armor","floor":2},{"not_picked":["Pommel Strike","Ghostly Armor"],"picked":"Warcry","floor":6},{"not_picked":["Heavy Blade","Body Slam"],"picked":"Impervious","floor":8},{"not_picked":["Fire Breathing","Blood for Blood"],"picked":"Metallicize","floor":11},{"not_picked":["Havoc","Sword Boomerang"],"picked":"Armaments","floor":12},{"not_picked":["Wild Strike","Entrench"],"picked":"Whirlwind","floor":13},{"not_picked":["Body Slam","Thunderclap","Heavy Blade"],"picked":"SKIP","floor":14},{"not_picked":["Juggernaut","Brutality"],"picked":"Barricade","floor":16},{"not_picked":["Evolve","Heavy Blade+1"],"picked":"Metallicize+1","floor":18},{"not_picked":["Anger","Twin Strike"],"picked":"Bloodletting+1","floor":21},{"not_picked":["Evolve","Uppercut","True Grit"],"picked":"SKIP","floor":24},{"not_picked":["Clothesline","Clash"],"picked":"Intimidate","floor":27},{"not_picked":["Searing Blow+1","Cleave"],"picked":"Limit Break","floor":28},{"not_picked":["Heavy Blade","Blood for Blood+1"],"picked":"Disarm+1","floor":29},{"not_picked":["Perfected Strike+1","Sword Boomerang+1"],"picked":"Flex","floor":31}],"player_experience":245113,"relics_obtained":[{"floor":6,"key":"Potion Belt"},{"floor":9,"key":"Bronze Scales"},{"floor":13,"key":"Mummified Hand"},{"floor":26,"key":"Ornamental Fan"},{"floor":27,"key":"Orichalcum"}],"event_choices":[{"event_name":"Wheel of Change","player_choice":"Card Removal","floor":3,"damage_taken":0},{"event_name":"World of Goop","player_choice":"Gather Gold","floor":4,"damage_taken":0},{"event_name":"Upgrade Shrine","player_choice":"Upgraded","floor":5,"damage_taken":0},{"event_name":"The Mausoleum","player_choice":"Yes","floor":20,"damage_taken":0},{"event_name":"Forgotten Altar","player_choice":"Shed Blood","floor":22,"damage_taken":0},{"event_name":"The Library","player_choice":"Read","floor":25,"damage_taken":0}],"is_beta":false,"boss_relics":[{"not_picked":["Sozu","Philosopher\u0027s Stone"],"picked":"Cursed Key"}],"items_purged_floors":[19],"is_endless":false,"potions_floor_spawned":[1,2,8,14,21,24,31],"killed_by":"Automaton","ascension_level":4}