{"gold_per_floor":[110,110,128,303,313,313,329,329],"floor_reached":8,"playtime":427,"items_purged":[],"score":48,"play_id":"50f282de-75ac-49be-a4b8-6d6d2d36018d","local_time":"20190221004246","is_ascension_mode":false,"campfire_choices":[{"data":"Creative AI","floor":6,"key":"SMITH"}],"neow_cost":"TEN_PERCENT_HP_LOSS","seed_source_timestamp":9407956859499,"circlet_count":0,"master_deck":["Strike_B","Strike_B","Strike_B","Strike_B","Defend_B","Defend_B","Defend_B","Defend_B","Zap","Dualcast","Creative AI+1","Double Energy","Auto Shields","Doubt","Aggregate"],"relics":["Cracked Core"],"potions_floor_usage":[8],"damage_taken":[{"damage":0,"enemies":"2 Louse","floor":1,"turns":3},{"damage":1,"enemies":"Cultist","floor":3,"turns":3},{"damage":7,"enemies":"Jaw Worm","floor":5,"turns":6},{"damage":9,"enemies":"Blue Slaver","floor":7,"turns":7},{"damage":51,"enemies":"Gremlin Nob","floor":8,"turns":5}],"seed_played":"762816304087425591","potions_obtained":[{"floor":1,"key":"Dexterity Potion"},{"floor":3,"key":"SpeedPotion"}],"is_trial":false,"path_per_floor":["M","?","M","?","M","R","M","E"],"character_chosen":"DEFECT","items_purchased":[],"campfire_rested":0,"item_purchase_floors":[],"current_hp_per_floor":[68,62,61,61,54,54,45,0],"gold":329,"neow_bonus":"THREE_RARE_CARDS","is_prod":false,"is_daily":false,"chose_seed":false,"campfire_upgraded":1,"win_rate":0,"timestamp":1550706166,"path_taken":["M","?","?","?","M","R","M","E"],"build_version":"2019-01-23","purchased_purges":0,"victory":false,"max_hp_per_floor":[68,68,68,68,68,68,68,68],"card_choices":[{"not_picked":["Buffer","Multi-Cast"],"picked":"Creative AI","floor":0},{"not_picked":["Streamline","Coolheaded"],"picked":"Double Energy","floor":1},{"not_picked":["Gash","Redo"],"picked":"Auto Shields","floor":3},{"not_picked":["Streamline","Go for the Eyes","Redo"],"picked":"SKIP","floor":5},{"not_picked":["Go for the Eyes","Redo"],"picked":"Aggregate","floor":7}],"player_experience":655454,"relics_obtained":[],"event_choices":[{"damage_healed":0,"gold_gain":0,"player_choice":"Damaged","damage_taken":6,"max_hp_gain":0,"max_hp_loss":0,"event_name":"Wheel of Change","floor":2,"gold_loss":0},{"damage_healed":0,"gold_gain":175,"player_choice":"AGREE","damage_taken":0,"max_hp_gain":0,"max_hp_loss":0,"event_name":"Liars Game","floor":4,"gold_loss":0,"cards_obtained":["Doubt"]}],"is_beta":false,"boss_relics":[],"items_purged_floors":[],"is_endless":false,"potions_floor_spawned":[1,3],"killed_by":"Gremlin Nob","ascension_level":0}