{"gold_per_floor":[116,116,133,150,100,100,115,133,133,53,53,70,70,70,70,201,201,226,247,247,260,275,275,275,275,301,345,358,23,23,36,36,136,136,154,172,183,183,200,200,10,10,10,10,29,29,29,42,42,42],"floor_reached":51,"playtime":4405,"items_purged":["Defend_B"],"score":661,"play_id":"3c39546a-29d4-48d7-96c7-d216588ef50e","local_time":"20190211170241","is_ascension_mode":false,"campfire_choices":[{"data":"Zap","floor":6,"key":"SMITH"},{"data":"Leap","floor":11,"key":"SMITH"},{"data":"Tempest","floor":13,"key":"SMITH"},{"data":"Leap","floor":15,"key":"SMITH"},{"data":"White Noise","floor":23,"key":"SMITH"},{"floor":25,"key":"REST"},{"floor":32,"key":"REST"},{"data":"Hologram","floor":40,"key":"SMITH"},{"data":"Hologram","floor":42,"key":"SMITH"},{"data":"Electrodynamics","floor":44,"key":"SMITH"},{"data":"Conserve Battery","floor":49,"key":"SMITH"}],"neow_cost":"NONE","seed_source_timestamp":12127975315655,"circlet_count":0,"master_deck":["Strike_B","Strike_B+1","Strike_B","Defend_B+1","Defend_B","Zap+1","Dualcast","Coolheaded","FTL","Tempest+1","Recycle","Stack","Leap+1","Leap+1","Echo Form","Hologram+1","White Noise","Fusion+1","White Noise+1","Conserve Battery+1","Dark Shackles","Hologram+1","Steam+1","Electrodynamics+1","Rebound+1","Parasite","Defragment+1","Barrage+1","Defragment+1","Steam+1"],"relics":["Cracked Core","Strawberry","Mercury Hourglass","Bloody Idol","Runic Pyramid","MutagenicStrength","Happy Flower","Bag of Marbles","PreservedInsect","Nuclear Battery","Runic Capacitor","Bottled Lightning"],"potions_floor_usage":[8,16,16,33,50,50,50],"damage_taken":[{"damage":1,"enemies":"Jaw Worm","floor":1,"turns":3},{"damage":0,"enemies":"2 Louse","floor":3,"turns":2},{"damage":0,"enemies":"Small Slimes","floor":4,"turns":3},{"damage":4,"enemies":"2 Fungi Beasts","floor":7,"turns":2},{"damage":11,"enemies":"Gremlin Gang","floor":8,"turns":3},{"damage":1,"enemies":"3 Louse","floor":12,"turns":2},{"damage":0,"enemies":"Slime Boss","floor":16,"turns":8},{"damage":18,"enemies":"3 Byrds","floor":18,"turns":4},{"damage":0,"enemies":"2 Thieves","floor":19,"turns":4},{"damage":21,"enemies":"Snake Plant","floor":21,"turns":4},{"damage":7,"enemies":"Snecko","floor":22,"turns":6},{"damage":13,"enemies":"Gremlin Leader","floor":27,"turns":6},{"damage":11,"enemies":"Centurion and Healer","floor":28,"turns":4},{"damage":7,"enemies":"Snake Plant","floor":31,"turns":5},{"damage":13,"enemies":"Champ","floor":33,"turns":10},{"damage":14,"enemies":"3 Darklings","floor":35,"turns":3},{"damage":0,"enemies":"3 Shapes","floor":36,"turns":3},{"damage":8,"enemies":"Writhing Mass","floor":37,"turns":7},{"damage":0,"enemies":"Sphere and 2 Shapes","floor":39,"turns":3},{"damage":3,"enemies":"Transient","floor":45,"turns":5},{"damage":13,"enemies":"Jaw Worm Horde","floor":48,"turns":6},{"damage":19,"enemies":"Time Eater","floor":50,"turns":7}],"seed_played":"-655882040613352791","potions_obtained":[{"floor":1,"key":"AttackPotion"},{"floor":3,"key":"Fire Potion"},{"floor":12,"key":"FocusPotion"},{"floor":16,"key":"Ancient Potion"},{"floor":19,"key":"Dexterity Potion"},{"floor":31,"key":"GamblersBrew"},{"floor":36,"key":"Explosive Potion"},{"floor":45,"key":"EssenceOfSteel"}],"is_trial":false,"path_per_floor":["M","?","M","M","?","R","M","M","T","$","R","M","R","?","R","B",null,"M","M","?","M","M","R","?","R","T","E","M","$","?","M","R","B",null,"M","M","M","?","M","R","$","R","T","R","M","?","$","M","R","B",null],"character_chosen":"DEFECT","items_purchased":["Stack","Leap","PreservedInsect","Dark Shackles","Hologram","Runic Capacitor"],"campfire_rested":2,"item_purchase_floors":[10,10,29,29,29,41],"current_hp_per_floor":[81,65,65,65,65,65,61,50,50,50,50,49,49,49,49,49,76,58,58,58,37,30,30,30,52,52,39,28,28,28,26,48,40,76,67,72,69,69,74,74,74,74,74,74,76,76,76,68,68,49],"gold":42,"neow_bonus":"RANDOM_COMMON_RELIC","is_prod":false,"is_daily":false,"chose_seed":false,"campfire_upgraded":9,"win_rate":0,"timestamp":1549900961,"path_taken":["M","?","M","M","?","R","M","M","T","$","R","M","R","?","R","BOSS","M","M","?","M","?","R","?","R","T","E","M","$","?","M","R","BOSS","M","M","M","?","M","R","$","R","T","R","M","?","$","?","R","BOSS"],"build_version":"2019-01-23","purchased_purges":1,"victory":true,"max_hp_per_floor":[82,82,82,82,82,82,82,82,82,82,82,82,82,76,76,76,76,76,76,76,76,76,76,76,76,76,76,76,76,76,76,76,76,76,76,76,76,76,76,76,76,76,76,76,76,76,76,76,76,76],"card_choices":[{"not_picked":["Reprogram","Undo"],"picked":"Coolheaded","floor":1},{"not_picked":["Gash","Genetic Algorithm"],"picked":"FTL","floor":3},{"not_picked":["Redo","Turbo"],"picked":"Tempest","floor":4},{"not_picked":["Go for the Eyes","Sweeping Beam"],"picked":"Recycle","floor":7},{"not_picked":["Cold Snap","Gash","Reprogram"],"picked":"SKIP","floor":8},{"not_picked":["Cold Snap","Consume"],"picked":"Leap","floor":12},{"not_picked":["Core Surge","Amplify"],"picked":"Echo Form","floor":16},{"not_picked":["Gash","Streamline"],"picked":"Hologram","floor":18},{"not_picked":["Rebound","Consume"],"picked":"White Noise","floor":19},{"not_picked":["Sunder","Sweeping Beam"],"picked":"Fusion+1","floor":21},{"not_picked":["Doom and Gloom","Rip and Tear"],"picked":"White Noise","floor":22},{"not_picked":["Hello World+1","Recycle","Steam"],"picked":"SKIP","floor":27},{"not_picked":["Storm","Rebound+1"],"picked":"Conserve Battery","floor":28},{"not_picked":["Conserve Battery","Leap"],"picked":"Steam+1","floor":31},{"not_picked":["Meteor Strike","Reboot"],"picked":"Electrodynamics","floor":33},{"not_picked":["Compile Driver","Undo+1"],"picked":"Rebound+1","floor":35},{"not_picked":["Redo","Stack+1","Genetic Algorithm+1"],"picked":"SKIP","floor":36},{"not_picked":["Barrage","Leap"],"picked":"Defragment+1","floor":37},{"not_picked":["Consume+1","Barrage+1","Gash"],"picked":"SKIP","floor":39},{"not_picked":["Gash+1","Conserve Battery"],"picked":"Barrage+1","floor":45},{"not_picked":["Cold Snap","Auto Shields"],"picked":"Steam+1","floor":48}],"player_experience":63782,"relics_obtained":[{"floor":9,"key":"Mercury Hourglass"},{"floor":26,"key":"Happy Flower"},{"floor":27,"key":"Bag of Marbles"},{"floor":43,"key":"Bottled Lightning"}],"event_choices":[{"damage_healed":0,"gold_gain":0,"player_choice":"Entered Light","damage_taken":16,"max_hp_gain":0,"max_hp_loss":0,"event_name":"Shining Light","floor":2,"gold_loss":0,"cards_upgraded":["Defend_B","Strike_B"]},{"cards_removed":["Strike_B"],"damage_healed":0,"gold_gain":0,"player_choice":"Card Removal","damage_taken":0,"max_hp_gain":0,"max_hp_loss":0,"event_name":"The Cleric","floor":5,"gold_loss":50},{"damage_healed":0,"gold_gain":0,"player_choice":"Lose Max HP","damage_taken":0,"relics_obtained":["Golden Idol"],"max_hp_gain":0,"max_hp_loss":6,"event_name":"Golden Idol","floor":14,"gold_loss":0},{"cards_removed":["Defend_B"],"damage_healed":0,"gold_gain":0,"player_choice":"Card Removal","damage_taken":0,"max_hp_gain":0,"max_hp_loss":0,"event_name":"Wheel of Change","floor":20,"gold_loss":0},{"damage_healed":0,"gold_gain":0,"player_choice":"Inject Mutagens","damage_taken":0,"relics_obtained":["MutagenicStrength"],"max_hp_gain":0,"max_hp_loss":0,"event_name":"Drug Dealer","floor":24,"gold_loss":0},{"damage_healed":0,"gold_gain":0,"player_choice":"Gave Idol","damage_taken":0,"relics_obtained":["Bloody Idol"],"max_hp_gain":0,"max_hp_loss":0,"event_name":"Forgotten Altar","floor":30,"relics_lost":["Golden Idol"],"gold_loss":0},{"damage_healed":0,"gold_gain":0,"player_choice":"Ignored","damage_taken":0,"max_hp_gain":0,"max_hp_loss":0,"event_name":"Tomb of Lord Red Mask","floor":38,"gold_loss":0},{"damage_healed":0,"gold_gain":0,"player_choice":"Copied","damage_taken":0,"max_hp_gain":0,"max_hp_loss":0,"event_name":"Duplicator","floor":46,"gold_loss":0,"cards_obtained":["Defragment"]}],"is_beta":false,"boss_relics":[{"not_picked":["Philosopher\u0027s Stone","Ectoplasm"],"picked":"Runic Pyramid"},{"not_picked":["Sozu","Busted Crown"],"picked":"Nuclear Battery"}],"items_purged_floors":[29],"is_endless":false,"potions_floor_spawned":[1,3,12,16,19,31,36,37,45],"ascension_level":0}