{"gold_per_floor":[111,126,201,151,167,167,93,112,112,125,125,136,136,170,170,268,268,286,286,286,271,370,370,370],"floor_reached":24,"playtime":1085,"items_purged":[],"score":245,"play_id":"30b8b499-5965-4123-8a81-bb996e2ce111","local_time":"20180908182223","is_ascension_mode":true,"campfire_choices":[{"data":"Chaos","floor":6,"key":"SMITH"},{"data":"Echo Form","floor":11,"key":"SMITH"},{"data":"Go for the Eyes","floor":13,"key":"SMITH"},{"floor":15,"key":"REST"},{"data":"Fission","floor":23,"key":"SMITH"}],"neow_cost":"NONE","seed_source_timestamp":187226361971231,"circlet_count":0,"master_deck":["Strike_B","Strike_B","Strike_B","Defend_B","Defend_B","Defend_B","Defend_B","Zap","Dualcast","Chaos+1","Go for the Eyes+1","Echo Form+1","Gash","Steam","Coolheaded","Fission+1","Turbo","Ball Lightning","Glacier","Chaos","Steam","White Noise"],"relics":["Runic Pyramid","Pantograph","Turnip","Orrery","Bottled Lightning"],"potions_floor_usage":[10,14,24],"damage_taken":[{"damage":1,"enemies":"Cultist","floor":1,"turns":4},{"damage":7,"enemies":"Small Slimes","floor":2,"turns":3},{"damage":7,"enemies":"Jaw Worm","floor":5,"turns":4},{"damage":0,"enemies":"Large Slime","floor":8,"turns":3},{"damage":3,"enemies":"Blue Slaver","floor":10,"turns":3},{"damage":3,"enemies":"2 Fungi Beasts","floor":12,"turns":4},{"damage":18,"enemies":"Gremlin Nob","floor":14,"turns":5},{"damage":24,"enemies":"The Guardian","floor":16,"turns":10},{"damage":7,"enemies":"3 Byrds","floor":18,"turns":5},{"damage":12,"enemies":"2 Thieves","floor":21,"turns":4},{"damage":60,"enemies":"Gremlin Leader","floor":24,"turns":11}],"seed_played":"-8107874236781286559","potions_obtained":[{"floor":8,"key":"PowerPotion"},{"floor":10,"key":"Poison Potion"},{"floor":14,"key":"Dexterity Potion"},{"floor":18,"key":"Poison Potion"}],"is_trial":false,"path_per_floor":["M","M","?","?","M","R","$","M","T","M","R","M","R","E","R","B",null,"M","?","T","M","?","R"],"character_chosen":"DEFECT","items_purchased":["Echo Form"],"campfire_rested":1,"item_purchase_floors":[7],"current_hp_per_floor":[74,67,56,56,49,49,49,49,49,46,46,43,43,25,47,48,68,61,61,61,49,49,49,0],"gold":370,"neow_bonus":"BOSS_RELIC","is_prod":false,"is_daily":false,"chose_seed":false,"campfire_upgraded":4,"win_rate":0,"timestamp":1536427343,"path_taken":["M","?","?","?","M","R","$","M","T","M","R","M","R","E","R","BOSS","M","?","?","M","?","R","E"],"build_version":"2018-09-06","purchased_purges":0,"victory":false,"max_hp_per_floor":[75,75,75,75,75,75,75,75,75,75,75,75,75,75,75,75,75,75,75,75,75,75,75,75],"card_choices":[{"not_picked":["Gash","Compile Driver","Tempest"],"picked":"SKIP","floor":1},{"not_picked":["Tempest","Sweeping Beam"],"picked":"Chaos","floor":2},{"not_picked":["Cold Snap","Coolheaded"],"picked":"Go for the Eyes","floor":5},{"not_picked":["Ball Lightning","Compile Driver"],"picked":"Gash","floor":8},{"not_picked":["Lockon","Rebound"],"picked":"Steam","floor":10},{"not_picked":["Doom and Gloom","Rebound","Melter"],"picked":"SKIP","floor":12},{"not_picked":["Sunder","Beam Cell"],"picked":"Coolheaded","floor":14},{"not_picked":["Thunder Strike","Hyperbeam"],"picked":"Fission","floor":16},{"not_picked":["Streamline","Stack"],"picked":"Turbo","floor":17},{"not_picked":["Beam Cell","Gash"],"picked":"Ball Lightning","floor":17},{"not_picked":["Redo","Steam"],"picked":"Glacier","floor":17},{"not_picked":["Recycle","Fusion"],"picked":"Chaos","floor":17},{"not_picked":["Multi-Cast","Redo"],"picked":"Steam","floor":17},{"not_picked":["Sweeping Beam","Hologram","Ball Lightning"],"picked":"SKIP","floor":18},{"not_picked":["Chaos","Beam Cell","Redo"],"picked":"SKIP","floor":21}],"player_experience":348021,"relics_obtained":[{"floor":9,"key":"Pantograph"},{"floor":14,"key":"Turnip"},{"floor":20,"key":"Bottled Lightning"}],"event_choices":[{"event_name":"World of Goop","player_choice":"Gather Gold","floor":3,"damage_taken":0},{"event_name":"The Cleric","player_choice":"Card Removal","floor":4,"damage_taken":0},{"event_name":"The Library","player_choice":"Read","floor":19,"damage_taken":0},{"event_name":"Nest","player_choice":"Stole From Cult","floor":22,"damage_taken":0}],"is_beta":false,"boss_relics":[{"not_picked":["Runic Dome","Philosopher\u0027s Stone"],"picked":"Orrery"}],"items_purged_floors":[],"is_endless":false,"potions_floor_spawned":[8,10,14,18],"killed_by":"Gremlin Leader","ascension_level":5}