{"gold_per_floor":[118,133,143,143,159,187,205,217,217,217,241,206,206],"floor_reached":13,"playtime":1146,"items_purged":[],"score":89,"play_id":"02b2cf58-4b4e-48ff-a484-fff479fe4e1b","local_time":"20190303003026","is_ascension_mode":false,"campfire_choices":[],"neow_cost":"TEN_PERCENT_HP_LOSS","seed_source_timestamp":1548597792949500,"circlet_count":0,"master_deck":["Defend_G","Defend_G","Defend_G","Defend_G","Defend_G","Strike_G","Strike_G","Strike_G","Strike_G","Strike_G","Survivor","Neutralize","Forethought","Forethought","Quick Slash","Flechettes","Infinite Blades","Quick Slash","Slice","All Out Attack","Injury","Dagger Spray"],"relics":["Ring of the Snake","Letter Opener","Bottled Tornado","Golden Idol"],"potions_floor_usage":[6,11,11],"damage_taken":[{"damage":0,"enemies":"Small Slimes","floor":1,"turns":7},{"damage":4,"enemies":"Cultist","floor":2,"turns":5},{"damage":0,"enemies":"2 Louse","floor":3,"turns":4},{"damage":13,"enemies":"2 Fungi Beasts","floor":5,"turns":4},{"damage":28,"enemies":"Gremlin Nob","floor":6,"turns":5},{"damage":4,"enemies":"Blue Slaver","floor":7,"turns":5},{"damage":9,"enemies":"Lots of Slimes","floor":8,"turns":5},{"damage":7,"enemies":"Exordium Wildlife","floor":11,"turns":6},{"damage":19,"enemies":"The Mushroom Lair","floor":13,"turns":2}],"seed_played":"6602113780179315880","potions_obtained":[{"floor":3,"key":"PowerPotion"},{"floor":5,"key":"GhostInAJar"},{"floor":6,"key":"SkillPotion"},{"floor":7,"key":"Swift Potion"}],"is_trial":false,"path_per_floor":["M","M","M","?","M","E","M","M","T","?","M","?","?"],"character_chosen":"THE_SILENT","items_purchased":[],"campfire_rested":0,"item_purchase_floors":[],"current_hp_per_floor":[63,59,59,63,50,22,18,9,9,9,2,17,0],"gold":206,"neow_bonus":"RANDOM_COLORLESS_2","is_prod":false,"is_daily":false,"chose_seed":false,"campfire_upgraded":0,"win_rate":0.0,"timestamp":1551591026,"path_taken":["M","M","M","?","?","E","M","M","T","?","M","?","?"],"build_version":"2019-01-23","purchased_purges":0,"victory":false,"max_hp_per_floor":[63,63,63,63,63,63,63,63,63,63,63,63,63],"card_choices":[{"not_picked":["Prepared","PiercingWail"],"picked":"Quick Slash","floor":1},{"not_picked":["Sucker Punch","Predator"],"picked":"Flechettes","floor":2},{"not_picked":["Slice","Backflip"],"picked":"Blade Dance","floor":3},{"not_picked":["Eviscerate","Dagger Spray"],"picked":"Infinite Blades","floor":5},{"not_picked":["Acrobatics","Deflect"],"picked":"Quick Slash","floor":6},{"not_picked":["Prepared","Calculated Gamble"],"picked":"Slice","floor":7},{"not_picked":["Choke","Terror"],"picked":"All Out Attack","floor":8},{"not_picked":["Dagger Throw","Unload"],"picked":"Dagger Spray","floor":11}],"player_experience":18687,"relics_obtained":[{"floor":6,"key":"Letter Opener"},{"floor":9,"key":"Bottled Tornado"}],"event_choices":[{"cards_removed":["Blade Dance"],"damage_healed":5,"gold_gain":0,"player_choice":"Offered Common","damage_taken":0,"max_hp_gain":0,"max_hp_loss":0,"event_name":"Bonfire Elementals","floor":4,"gold_loss":0},{"cards_removed":["Blade Dance"],"damage_healed":5,"gold_gain":0,"player_choice":"Offered Special","damage_taken":0,"max_hp_gain":0,"max_hp_loss":0,"event_name":"Bonfire Elementals","floor":4,"gold_loss":0},{"damage_healed":0,"gold_gain":0,"player_choice":"Take Wound","damage_taken":0,"relics_obtained":["Golden Idol"],"max_hp_gain":0,"max_hp_loss":0,"event_name":"Golden Idol","floor":10,"gold_loss":0,"cards_obtained":["Injury"]},{"damage_healed":15,"gold_gain":0,"player_choice":"Healed","damage_taken":0,"max_hp_gain":0,"max_hp_loss":0,"event_name":"The Cleric","floor":12,"gold_loss":35},{"damage_healed":0,"gold_gain":0,"player_choice":"Fought Mushrooms","damage_taken":0,"max_hp_gain":0,"max_hp_loss":0,"event_name":"Mushrooms","floor":13,"gold_loss":0}],"is_beta":false,"boss_relics":[],"items_purged_floors":[],"is_endless":false,"potions_floor_spawned":[3,5,6,7],"killed_by":"The Mushroom Lair","ascension_level":0}