{"gold_per_floor":[109,123,123,133,32,32,60,60,86,117,117,133,193,203,203,308,308,321,321,338,338,253,253,268,268],"floor_reached":25,"playtime":1451,"items_purged":[],"score":243,"play_id":"ab1a56c7-7840-4c45-87a1-9827b9c03944","local_time":"20190330092933","is_ascension_mode":true,"campfire_choices":[{"floor":6.0,"key":"RECALL"},{"floor":8.0,"key":"REST"},{"data":"Core Surge","floor":11,"key":"SMITH"},{"floor":15,"key":"REST"},{"data":"Echo Form","floor":23,"key":"SMITH"}],"neow_cost":"NONE","seed_source_timestamp":0,"circlet_count":0,"master_deck":["Strike_B","Strike_B+1","Strike_B","Defend_B","Defend_B","Defend_B","Defend_B","Zap","Dualcast","Forethought","Beam Cell","Ball Lightning","Core Surge+1","Creative AI","Storm","Sunder+1","Gash","Auto Shields","Defragment","Conserve Battery","Thunder Strike","Echo Form+1","Defragment","Sweeping Beam","Leap"],"special_seed":0,"relics":["Cracked Core","Regal Pillow","Whetstone","Blue Candle","Orichalcum","Unceasing Top"],"potions_floor_usage":[13,20,24,24],"damage_taken":[{"damage":7.0,"enemies":"Jaw Worm","floor":1.0,"turns":3.0},{"damage":1.0,"enemies":"Cultist","floor":2.0,"turns":3.0},{"damage":0.0,"enemies":"Small Slimes","floor":4.0,"turns":2.0},{"damage":55.0,"enemies":"3 Sentries","floor":7.0,"turns":7.0},{"damage":8.0,"enemies":"Gremlin Nob","floor":10.0,"turns":3.0},{"damage":13,"enemies":"Gremlin Gang","floor":12,"turns":4},{"damage":0,"enemies":"Gremlin Nob","floor":13,"turns":2},{"damage":3,"enemies":"Blue Slaver","floor":14,"turns":2},{"damage":32,"enemies":"Hexaghost","floor":16,"turns":9},{"damage":30,"enemies":"3 Byrds","floor":18,"turns":4},{"damage":0,"enemies":"Spheric Guardian","floor":20,"turns":3},{"damage":24,"enemies":"3 Cultists","floor":24,"turns":5},{"damage":31,"enemies":"Slavers","floor":25,"turns":3}],"seed_played":"4978620252338363539","potions_obtained":[{"floor":7.0,"key":"SteroidPotion"},{"floor":10,"key":"Swift Potion"},{"floor":12,"key":"SneckoOil"},{"floor":16,"key":"Swift Potion"},{"floor":20,"key":"Fire Potion"}],"is_trial":false,"path_per_floor":["M","M","?","M","$","R","E","R","T","E","R","M","?","M","R","B",null,"M","?","M","?","?","R","M","E"],"character_chosen":"DEFECT","items_purchased":["Storm","Sunder"],"campfire_rested":2,"item_purchase_floors":[5,5],"current_hp_per_floor":[68,67,67,67,67,67,12,49,49,41,41,28,28,25,62,30,75,45,45,45,70,70,70,46,15],"gold":268,"neow_bonus":"RANDOM_COLORLESS","is_prod":false,"is_daily":false,"chose_seed":false,"campfire_upgraded":2,"win_rate":0,"timestamp":1553948973,"path_taken":["M","M","?","M","$","R","E","R","T","E","R","?","?","M","R","BOSS","M","?","?","?","?","R","M","E"],"build_version":"2019-01-23","purchased_purges":0,"victory":false,"max_hp_per_floor":[75,75,75,75,75,75,75,75,75,75,75,75,75,75,75,75,75,75,75,75,75,75,75,75,75],"card_choices":[{"not_picked":["Turbo","Fusion"],"picked":"Beam Cell","floor":1.0},{"not_picked":["Undo","Fusion"],"picked":"Ball Lightning","floor":2.0},{"not_picked":["Go for the Eyes","Melter"],"picked":"Creative AI","floor":4.0},{"not_picked":["Steam Power","Steam"],"picked":"Gash","floor":7.0},{"not_picked":["Hologram","Streamline"],"picked":"Auto Shields","floor":10},{"not_picked":["Cold Snap","Stack"],"picked":"Defragment","floor":12},{"not_picked":["Compile Driver","Go for the Eyes"],"picked":"Conserve Battery","floor":13},{"not_picked":["Reprogram","Coolheaded"],"picked":"Thunder Strike","floor":14},{"not_picked":["Fission","Rainbow"],"picked":"Echo Form","floor":16},{"not_picked":["Doom and Gloom","Turbo","Hologram"],"picked":"SKIP","floor":18},{"not_picked":["Hologram+1","Go for the Eyes"],"picked":"Sweeping Beam","floor":20},{"not_picked":["Doom and Gloom","Sweeping Beam"],"picked":"Leap","floor":24}],"player_experience":312066,"relics_obtained":[{"floor":7.0,"key":"Regal Pillow"},{"floor":9.0,"key":"Whetstone"},{"floor":10,"key":"Blue Candle"},{"floor":13,"key":"Orichalcum"}],"event_choices":[{"damage_healed":0.0,"max_hp_gain":0.0,"max_hp_loss":0.0,"gold_gain":0.0,"cards_transformed":["Strike_B"],"event_name":"Transmorgrifier","player_choice":"Transformed","floor":3.0,"gold_loss":0.0,"damage_taken":0.0,"cards_obtained":["Core Surge"]},{"damage_healed":0,"gold_gain":30,"player_choice":"Searched \u00272\u0027 times","damage_taken":0,"max_hp_gain":0,"max_hp_loss":0,"event_name":"Dead Adventurer","floor":13,"gold_loss":0},{"damage_healed":0,"gold_gain":0,"player_choice":"Copied","damage_taken":0,"max_hp_gain":0,"max_hp_loss":0,"event_name":"Duplicator","floor":19,"gold_loss":0,"cards_obtained":["Defragment"]},{"damage_healed":25,"gold_gain":0,"player_choice":"Heal","damage_taken":0,"max_hp_gain":0,"max_hp_loss":0,"event_name":"The Library","floor":21,"gold_loss":0},{"damage_healed":0,"gold_gain":0,"player_choice":"Obtained Relic","damage_taken":0,"relics_obtained":["Unceasing Top"],"max_hp_gain":0,"max_hp_loss":0,"event_name":"Addict","floor":22,"gold_loss":85}],"is_beta":false,"boss_relics":[{"not_picked":["Coffee Dripper","FrozenCore","Snecko Eye"]}],"items_purged_floors":[],"is_endless":false,"potions_floor_spawned":[7,10,12,16,20],"killed_by":"Slavers","ascension_level":3}