{"path_per_floor":["M","?","$","?","?","R","E","R","T","E","M","M","?","M","R","B",null,"M","$","?","M","M","E","R","M","T","R","?","M","E","M","R","B",null,"M","$","?","$","?","?","E","R","T","E","M","R","T","M","R","B"],"character_chosen":"IRONCLAD","items_purchased":["Flex","Gambling Chip","Singing Bowl","Whirlwind","Reaper"],"gold_per_floor":[116,116,18,18,18,18,46,46,346,374,390,401,401,413,413,514,514,530,75,75,89,104,135,135,153,199,199,199,216,243,253,253,348,348,359,191,191,55,55,110,144,144,198,230,244,244,244,263,263,263],"floor_reached":51,"campfire_rested":3,"playtime":1365,"current_hp_per_floor":[78,78,78,66,59,59,65,65,65,71,71,71,76,77,77,35,73,50,50,50,47,51,35,62,35,35,62,62,40,29,39,60,64,71,66,66,66,66,66,72,67,67,67,77,83,83,83,85,85,65],"items_purged":["Defend_R","Bite"],"gold":263,"score":1156,"play_id":"594722d5-ba83-4715-8e8f-900f7b5aafe2","local_time":"20180327152450","is_prod":false,"is_daily":false,"is_ascension_mode":true,"campfire_upgraded":6,"timestamp":1522178690,"path_taken":["M","?","$","?","?","R","E","R","T","E","M","M","?","M","R","BOSS","M","$","?","M","M","E","R","?","T","R","?","?","E","?","R","BOSS","M","$","?","$","?","?","E","R","T","E","M","R","?","M","R","BOSS"],"build_version":"2018-03-22v2","purchased_purges":2,"victory":true,"master_deck":["Bash+1","Thunderclap+1","Flex+1","Spot Weakness","Limit Break+1","Limit Break+1","Anger+1","Intimidate+1","Flex+1","Clash+1","Bite","Bite","Bite","Whirlwind+1"],"max_hp_per_floor":[80,80,80,80,80,80,80,80,80,80,80,80,85,85,85,85,85,85,85,85,87,89,91,91,93,93,93,65,67,69,71,71,73,73,75,75,75,75,75,77,79,79,79,81,83,83,83,85,85,85],"relics":["Burning Blood","NeowsBlessing","Lantern","Oddly Smooth Stone","Bird Faced Urn","Astrolabe","Gambling Chip","Singing Bowl","Nloth\u0027s Gift","Blood Vial","Bag of Preparation","Mercury Hourglass","Philosopher\u0027s Stone","Ginger","Ancient Tea Set","Tiny Chest","Bronze Scales","Calipers"],"card_choices":[{"not_picked":["Clash","Shockwave"],"picked":"Thunderclap","floor":1},{"not_picked":["Ghostly Armor","Sword Boomerang"],"picked":"Spot Weakness","floor":10},{"not_picked":["Rampage","Perfected Strike"],"picked":"Limit Break","floor":14},{"not_picked":["Dark Embrace","Barricade"],"picked":"Limit Break","floor":16},{"not_picked":["True Grit","Body Slam"],"picked":"Clash","floor":18}],"player_experience":202267,"potions_floor_usage":[16,23,23,33,33,50,50,50],"damage_taken":[{"damage":0,"enemies":"Small Slimes","floor":1,"turns":1},{"damage":0,"enemies":"Gremlin Nob","floor":7,"turns":1},{"damage":0,"enemies":"Lagavulin","floor":10,"turns":1},{"damage":6,"enemies":"Cultist","floor":11,"turns":3},{"damage":6,"enemies":"Jaw Worm","floor":12,"turns":2},{"damage":5,"enemies":"Looter","floor":14,"turns":2},{"damage":48,"enemies":"Hexaghost","floor":16,"turns":6},{"damage":29,"enemies":"Shell Parasite","floor":18,"turns":3},{"damage":11,"enemies":"Spheric Guardian","floor":21,"turns":3},{"damage":4,"enemies":"3 Cultists","floor":22,"turns":3},{"damage":30,"enemies":"Gremlin Leader","floor":23,"turns":3},{"damage":37,"enemies":"Cultist and Chosen","floor":25,"turns":4},{"damage":35,"enemies":"Centurion and Healer","floor":29,"turns":3},{"damage":25,"enemies":"Slavers","floor":30,"turns":3},{"damage":0,"enemies":"Snake Plant","floor":31,"turns":1},{"damage":16,"enemies":"Automaton","floor":33,"turns":4},{"damage":15,"enemies":"3 Darklings","floor":35,"turns":2},{"damage":4,"enemies":"Mysterious Sphere","floor":40,"turns":1},{"damage":18,"enemies":"Nemesis","floor":41,"turns":3},{"damage":0,"enemies":"2 Orb Walkers","floor":44,"turns":1},{"damage":0,"enemies":"Orb Walker","floor":45,"turns":1},{"damage":0,"enemies":"3 Darklings","floor":48,"turns":2},{"damage":28,"enemies":"Donu and Deca","floor":50,"turns":3}],"event_choices":[{"event_name":"The Woman in Blue","player_choice":"Bought 0 Potions","floor":2,"damage_taken":0},{"event_name":"Scrap Ooze","player_choice":"success","floor":4,"damage_taken":12},{"event_name":"Golden Wing","player_choice":"Card Removal","floor":5,"damage_taken":0},{"event_name":"Big Fish","player_choice":"Donut","floor":13,"damage_taken":0},{"event_name":"N\u0027loth","player_choice":"Traded a Old Coin","floor":20,"damage_taken":0},{"event_name":"Vampires","player_choice":"Became a vampire","floor":28,"damage_taken":0},{"event_name":"Purifier","player_choice":"One Purge","floor":37,"damage_taken":0},{"event_name":"Mysterious Sphere","player_choice":"Fight","floor":40,"damage_taken":0}],"boss_relics":[{"not_picked":["Calling Bell","Mark of Pain"],"picked":"Astrolabe"},{"not_picked":["Eternal Feather","Runic Dome"],"picked":"Philosopher\u0027s Stone"}],"potions_floor_spawned":[7,10,11,14,21,29,31,40,44],"seed_played":"2460948559304403337","ascension_level":7,"is_trial":false}