{"gold_per_floor":[115,115,215,242,258,258,287,287,314,324,338,338,351,351,351,453,453,473,473,493,233,233,233,293,293,317,16,16,33,33,33,33,134,134,149,149,162,13,13,13,23,23,75,75,75,88,88,108,108,108],"floor_reached":50,"playtime":2392,"items_purged":["Defend_B"],"score":547,"play_id":"379a53f4-c530-43d8-82f7-c011671cb81e","local_time":"20180831182652","is_ascension_mode":true,"campfire_choices":[{"data":"Fusion","floor":6,"key":"SMITH"},{"floor":8,"key":"REST"},{"data":"Electrodynamics","floor":12,"key":"SMITH"},{"data":"Zap","floor":15,"key":"SMITH"},{"data":"Defragment","floor":23,"key":"SMITH"},{"floor":28,"key":"REST"},{"data":"Genetic Algorithm","floor":30,"key":"SMITH"},{"data":"Creative AI","floor":32,"key":"SMITH"},{"data":"Mayhem","floor":40,"key":"SMITH"},{"data":"Self Repair","floor":42,"key":"SMITH"},{"data":"White Noise","floor":47,"key":"SMITH"},{"data":"Dualcast","floor":49,"key":"SMITH"}],"neow_cost":"NONE","seed_source_timestamp":855252544380198,"circlet_count":0,"master_deck":["Defend_B","Defend_B","Defend_B","Zap+1","Dualcast+1","Fusion+1","Electrodynamics+1","Leap","Glacier","White Noise+1","Creative AI+1","Conserve Battery","Defragment+1","Self Repair+1","Genetic Algorithm+1","Mayhem+1","Madness","Madness"],"relics":["Velvet Choker","Ancient Tea Set","Mummified Hand","Blood Vial","Runic Pyramid","Oddly Smooth Stone","Tiny Chest","Juzu Bracelet","Happy Flower","Art of War","Eternal Feather","Bag of Preparation","Omamori"],"potions_floor_usage":[50],"damage_taken":[{"damage":7,"enemies":"Jaw Worm","floor":1,"turns":4},{"damage":0,"enemies":"Cultist","floor":5,"turns":3},{"damage":39,"enemies":"Lagavulin","floor":7,"turns":7},{"damage":0,"enemies":"Small Slimes","floor":10,"turns":3},{"damage":0,"enemies":"2 Fungi Beasts","floor":11,"turns":2},{"damage":1,"enemies":"Exordium Thugs","floor":13,"turns":3},{"damage":33,"enemies":"Slime Boss","floor":16,"turns":9},{"damage":8,"enemies":"3 Byrds","floor":18,"turns":2},{"damage":24,"enemies":"Shell Parasite","floor":20,"turns":6},{"damage":21,"enemies":"Slavers","floor":24,"turns":3},{"damage":0,"enemies":"Snecko","floor":29,"turns":7},{"damage":44,"enemies":"Champ","floor":33,"turns":14},{"damage":0,"enemies":"3 Shapes","floor":35,"turns":2},{"damage":7,"enemies":"Orb Walker","floor":37,"turns":7},{"damage":0,"enemies":"4 Shapes","floor":41,"turns":3},{"damage":31,"enemies":"Maw","floor":46,"turns":11},{"damage":16,"enemies":"Transient","floor":48,"turns":5},{"damage":65,"enemies":"Awakened One","floor":50,"turns":8}],"seed_played":"6073544689283467202","potions_obtained":[{"floor":1,"key":"FearPotion"},{"floor":7,"key":"Swift Potion"},{"floor":11,"key":"Poison Potion"},{"floor":18,"key":"SpeedPotion"},{"floor":24,"key":"Fire Potion"}],"is_trial":false,"path_per_floor":["M","?","?","T","M","R","E","R","T","M","M","R","M","?","R","B",null,"M","?","M","$","?","R","E","?","T","$","R","M","R","$","R","B",null,"M","?","M","$","?","R","M","R","T","$","?","M","R","M","R"],"character_chosen":"DEFECT","items_purchased":["Oddly Smooth Stone","Defragment","Self Repair","Art of War","Genetic Algorithm","Bag of Preparation"],"campfire_rested":2,"item_purchase_floors":[21,21,27,27,27,38],"current_hp_per_floor":[68,68,68,68,68,68,29,51,51,53,55,55,56,49,49,18,75,67,67,45,45,45,45,26,26,26,26,48,57,57,57,57,29,75,75,75,75,75,75,75,75,75,75,75,66,47,56,52,61,0],"gold":108,"neow_bonus":"BOSS_RELIC","is_prod":false,"is_daily":false,"chose_seed":false,"campfire_upgraded":10,"win_rate":0,"timestamp":1535736412,"path_taken":["M","?","?","?","M","R","E","R","T","M","M","R","?","?","R","BOSS","M","?","?","$","?","R","E","?","T","$","R","M","R","$","R","BOSS","M","?","M","$","?","R","M","R","T","$","?","M","R","M","R","BOSS"],"build_version":"2018-08-30","purchased_purges":1,"victory":false,"max_hp_per_floor":[75,75,75,75,75,75,75,75,75,75,75,75,75,75,75,75,75,75,75,75,75,75,75,75,75,75,75,75,75,75,75,75,75,75,75,75,75,75,75,75,75,75,75,75,75,75,75,75,75,75],"card_choices":[{"not_picked":["Compile Driver","Rip and Tear"],"picked":"Fusion","floor":1},{"not_picked":["Scrape","Turbo","Blizzard"],"picked":"SKIP","floor":5},{"not_picked":["Turbo","Gash"],"picked":"Leap","floor":7},{"not_picked":["Fusion","Hologram","Double Energy"],"picked":"SKIP","floor":10},{"not_picked":["Doom and Gloom","Sunder"],"picked":"Glacier","floor":11},{"not_picked":["Go for the Eyes","Leap"],"picked":"White Noise","floor":13},{"not_picked":["Reboot","Electrodynamics"],"picked":"Creative AI","floor":16},{"not_picked":["Barrage+1","Cold Snap","Darkness"],"picked":"SKIP","floor":18},{"not_picked":["Force Field+1","Gash"],"picked":"Conserve Battery","floor":20},{"not_picked":["Cold Snap","Sunder","Biased Cognition"],"picked":"SKIP","floor":24},{"not_picked":["Sweeping Beam","Beam Cell","Barrage"],"picked":"SKIP","floor":29},{"not_picked":["Doom and Gloom+1","Darkness+1","Hello World"],"picked":"SKIP","floor":35},{"not_picked":["Compile Driver","Sweeping Beam","Steam"],"picked":"SKIP","floor":37},{"not_picked":["Flash of Steel","Jack Of All Trades"],"picked":"Mayhem","floor":39},{"not_picked":["Melter+1","Static Discharge+1","Leap+1"],"picked":"SKIP","floor":41},{"not_picked":["Conserve Battery","Hologram+1","Cold Snap+1"],"picked":"SKIP","floor":46},{"not_picked":["Coolheaded","Streamline+1","Auto Shields"],"picked":"SKIP","floor":48}],"player_experience":287030,"relics_obtained":[{"floor":4,"key":"Ancient Tea Set"},{"floor":7,"key":"Mummified Hand"},{"floor":9,"key":"Blood Vial"},{"floor":24,"key":"Tiny Chest"},{"floor":26,"key":"Happy Flower"},{"floor":43,"key":"Omamori"}],"event_choices":[{"event_name":"Transmorgrifier","player_choice":"Transform","floor":2,"damage_taken":0},{"event_name":"Wheel of Change","player_choice":"Gold","floor":3,"damage_taken":0},{"event_name":"Golden Wing","player_choice":"Card Removal","floor":14,"damage_taken":0},{"event_name":"Purifier","player_choice":"One Purge","floor":19,"damage_taken":0},{"event_name":"Ghosts","player_choice":"Ignored","floor":22,"damage_taken":0},{"event_name":"The Mausoleum","player_choice":"Yes","floor":25,"damage_taken":0},{"event_name":"Falling","player_choice":"Removed Attack","floor":36,"damage_taken":0},{"event_name":"SensoryStone","player_choice":"Memory 1","floor":39,"damage_taken":0},{"event_name":"Winding Halls","player_choice":"Embrace Madness","floor":45,"damage_taken":0}],"is_beta":false,"boss_relics":[{"not_picked":["Lizard Tail","Busted Crown"],"picked":"Runic Pyramid"},{"not_picked":["Sozu","Fusion Hammer"],"picked":"Eternal Feather"}],"items_purged_floors":[21],"is_endless":false,"potions_floor_spawned":[1,7,11,16,18,24,29,35,37,41],"killed_by":"Awakened One","ascension_level":4}