{"gold_per_floor":[118,134,147,21,32,32,32,32,86,102,0,0,50,119,119,239,239,225,2,52,72,34,34,84,84,84,49,99,131,149,169,169,266,266,281,331,1380,569,619,619,632,632,632,632],"floor_reached":44,"playtime":2128,"items_purged":["Strike_G","Normality"],"score":655,"play_id":"1bdae49f-d695-46aa-98ef-ae947f8e4652","local_time":"20180920024635","is_ascension_mode":true,"campfire_choices":[{"data":"Neutralize","floor":6,"key":"SMITH"},{"data":"Noxious Fumes","floor":12,"key":"SMITH"},{"data":"Footwork","floor":15,"key":"SMITH"},{"data":"Footwork","floor":23,"key":"SMITH"},{"data":"Bullet Time","floor":25,"key":"SMITH"},{"data":"Well Laid Plans","floor":32,"key":"SMITH"},{"data":"Mayhem","floor":40,"key":"SMITH"},{"data":"PiercingWail","floor":42,"key":"SMITH"}],"neow_cost":"TEN_PERCENT_HP_LOSS","seed_source_timestamp":460586896387575,"circlet_count":0,"master_deck":["Defend_G","Defend_G","Defend_G","Defend_G","Survivor","Neutralize+1","PiercingWail+1","Quick Slash","Footwork+1","Impatience","Bullet Time+1","Flying Knee","Noxious Fumes+1","Die Die Die","Well Laid Plans+1","Bite","Bite","Bite","Bite","Bite","Footwork+1","Dodge and Roll","Die Die Die","Caltrops+1","Normality","Blur","Impatience","Mayhem+1","Acrobatics+1"],"relics":["Ring of the Snake","Incense Burner","SsserpentHead","Tiny Chest","Bloody Idol","WristBlade","Juzu Bracelet","Kunai","Potion Belt","Paper Crane","Nunchaku","Sozu","Blood Vial","Frozen Eye","The Courier","Toxic Egg 2"],"potions_floor_usage":[18,18,33,44],"damage_taken":[{"damage":6,"enemies":"Small Slimes","floor":1,"turns":5},{"damage":3,"enemies":"Cultist","floor":2,"turns":5},{"damage":0,"enemies":"2 Louse","floor":3,"turns":3},{"damage":9,"enemies":"Gremlin Gang","floor":5,"turns":10},{"damage":6,"enemies":"Exordium Thugs","floor":10,"turns":9},{"damage":7,"enemies":"Exordium Wildlife","floor":14,"turns":5},{"damage":17,"enemies":"The Guardian","floor":16,"turns":13},{"damage":11,"enemies":"2 Thieves","floor":18,"turns":4},{"damage":8,"enemies":"Shell Parasite","floor":21,"turns":9},{"damage":20,"enemies":"Slavers","floor":29,"turns":8},{"damage":1,"enemies":"Chosen and Byrds","floor":30,"turns":7},{"damage":6,"enemies":"Centurion and Healer","floor":31,"turns":8},{"damage":32,"enemies":"Automaton","floor":33,"turns":14},{"damage":0,"enemies":"3 Darklings","floor":35,"turns":9},{"damage":15,"enemies":"Orb Walker","floor":41,"turns":5},{"damage":63,"enemies":"2 Orb Walkers","floor":44,"turns":4}],"seed_played":"-1136185144048589565","potions_obtained":[{"floor":3,"key":"LiquidBronze"},{"floor":5,"key":"Swift Potion"},{"floor":16,"key":"Weak Potion"},{"floor":18,"key":"Energy Potion"},{"floor":21,"key":"Strength Potion"}],"is_trial":false,"path_per_floor":["M","M","M","$","M","R","?","?","T","M","$","R","?","M","R","B",null,"M","$","?","M","$","R","?","R","T","?","T","E","M","M","R","B",null,"M","?","?","$","T","R","M","R","T"],"character_chosen":"THE_SILENT","items_purchased":["Footwork","Impatience","Noxious Fumes","Juzu Bracelet","Well Laid Plans","Footwork","Blur","Blood Vial","Impatience","Frozen Eye","Mayhem"],"campfire_rested":0,"item_purchase_floors":[4,4,11,19,19,22,38,38,38,38,38],"current_hp_per_floor":[57,54,54,54,45,45,45,45,45,39,39,39,39,32,32,15,47,36,36,36,40,40,40,40,40,40,40,40,37,40,40,40,40,40,40,40,40,40,40,40,38,38,38,0],"gold":632,"neow_bonus":"ONE_RARE_RELIC","is_prod":false,"is_daily":false,"chose_seed":false,"campfire_upgraded":8,"win_rate":0,"timestamp":1537407995,"path_taken":["M","M","M","$","M","R","?","?","T","M","?","R","?","?","R","BOSS","M","$","?","M","$","R","?","R","T","?","?","E","M","M","R","BOSS","M","?","?","$","?","R","M","R","T","E"],"build_version":"2018-09-06","purchased_purges":2,"victory":false,"max_hp_per_floor":[63,63,63,63,63,63,63,63,63,63,63,63,58,58,58,58,58,58,58,40,40,40,40,40,40,40,40,40,40,40,40,40,40,40,40,40,40,40,40,40,40,40,40,40],"card_choices":[{"not_picked":["Calculated Gamble","Bouncing Flask"],"picked":"PiercingWail","floor":1},{"not_picked":["Deflect","Deadly Poison"],"picked":"Quick Slash","floor":2},{"not_picked":["Poisoned Stab","Bane","PiercingWail"],"picked":"SKIP","floor":3},{"not_picked":["Sucker Punch","Dash"],"picked":"Bullet Time","floor":5},{"not_picked":["Prepared","Masterful Stab"],"picked":"Flying Knee","floor":10},{"not_picked":["Sucker Punch","Slice","PiercingWail"],"picked":"SKIP","floor":14},{"not_picked":["Storm of Steel","Grand Finale"],"picked":"Die Die Die","floor":16},{"not_picked":["PiercingWail","Slice","Deadly Poison+1"],"picked":"SKIP","floor":18},{"not_picked":["Dodge and Roll","Flying Knee","Dagger Throw"],"picked":"SKIP","floor":21},{"not_picked":["Flechettes","Blade Dance","Underhanded Strike+1"],"picked":"SKIP","floor":29},{"not_picked":["Outmaneuver","Well Laid Plans"],"picked":"Dodge and Roll","floor":30},{"not_picked":["Deflect","Catalyst+1","Setup"],"picked":"SKIP","floor":31},{"not_picked":["Doppelganger","Phantasmal Killer"],"picked":"Die Die Die","floor":33},{"not_picked":["Dagger Spray+1","Leg Sweep+1"],"picked":"Caltrops+1","floor":35},{"not_picked":["Reflex","Tactician+1"],"picked":"Acrobatics+1","floor":41}],"player_experience":401576,"relics_obtained":[{"floor":9,"key":"Tiny Chest"},{"floor":26,"key":"Kunai"},{"floor":28,"key":"Paper Crane"},{"floor":29,"key":"Nunchaku"},{"floor":39,"key":"The Courier"},{"floor":43,"key":"Toxic Egg 2"}],"event_choices":[{"event_name":"Purifier","player_choice":"One Purge","floor":7,"damage_taken":0},{"event_name":"FaceTrader","player_choice":"Trade","floor":8,"damage_taken":0},{"event_name":"Golden Idol","player_choice":"Lose Max HP","floor":13,"damage_taken":0},{"event_name":"Vampires","player_choice":"Became a vampire","floor":20,"damage_taken":0},{"event_name":"Forgotten Altar","player_choice":"Gave Idol","floor":24,"damage_taken":0},{"event_name":"Addict","player_choice":"Obtained Relic","floor":27,"damage_taken":0},{"event_name":"Falling","player_choice":"Removed Skill","floor":36,"damage_taken":0},{"event_name":"MindBloom","player_choice":"Gold","floor":37,"damage_taken":0}],"is_beta":false,"boss_relics":[{"not_picked":["Eternal Feather","Ectoplasm"],"picked":"WristBlade"},{"not_picked":["Runic Dome","Tiny House"],"picked":"Sozu"}],"items_purged_floors":[11,38],"is_endless":false,"potions_floor_spawned":[3,5,16,18,21],"killed_by":"2 Orb Walkers","ascension_level":8}