{"path_per_floor":["M","?","?","M","M","E","R","M","T","R","?","M","$","M","R","B",null,"M","M","M","$","?"],"character_chosen":"IRONCLAD","items_purchased":["Trip"],"gold_per_floor":[112,112,112,126,141,173,173,192,192,192,192,202,22,37,37,132,132,150,166,180,80,80],"floor_reached":23,"campfire_rested":0,"playtime":1347,"current_hp_per_floor":[80,73,73,77,80,60,60,63,63,63,63,49,49,51,51,15,80,60,15,23,23,23],"items_purged":["Regret","Strike_R"],"gold":80,"score":222,"play_id":"5f751589-081a-41d9-8858-4d5274f7c9b5","local_time":"20180312152029","is_prod":false,"is_daily":false,"is_ascension_mode":true,"campfire_upgraded":3,"timestamp":1520868029,"path_taken":["M","?","?","M","?","E","R","M","T","R","?","M","$","M","R","BOSS","M","M","M","$","?","E"],"build_version":"2018-03-09","purchased_purges":2,"victory":false,"master_deck":["Strike_R","Strike_R","Strike_R","Defend_R","Defend_R","Defend_R","Defend_R","Bash+1","Metallicize+1","Iron Wave","Impervious","Body Slam+1","Trip+1","Searing Blow","Brutality","Dropkick","Pommel Strike+1"],"max_hp_per_floor":[80,80,80,80,80,80,80,80,80,80,80,80,80,80,80,80,80,80,80,82,82,82],"relics":["Burning Blood","Shovel","Champion Belt","Singing Bowl","Question Card"],"card_choices":[{"not_picked":["Dual Wield","Sever Soul"],"picked":"Metallicize"},{"not_picked":["Rampage","Reaper"],"picked":"Iron Wave"},{"not_picked":["Rupture","Twin Strike"],"picked":"Impervious"},{"not_picked":["Havoc","Power Through"],"picked":"Body Slam"},{"not_picked":["Heavy Blade","Twin Strike"],"picked":"Searing Blow"},{"not_picked":["Impervious","Limit Break"],"picked":"Brutality"},{"not_picked":["Iron Wave","Perfected Strike","Evolve"],"picked":"Dropkick"},{"not_picked":["Rampage","Wild Strike","Cleave"],"picked":"Pommel Strike"}],"player_experience":177198,"potions_floor_usage":[16,16,16,23],"damage_taken":[{"damage":1,"enemies":"2 Louse","floor":1,"turns":4},{"damage":2,"enemies":"Jaw Worm","floor":4,"turns":3},{"damage":3,"enemies":"Cultist","floor":5,"turns":5},{"damage":26,"enemies":"Gremlin Nob","floor":6,"turns":5},{"damage":3,"enemies":"2 Fungi Beasts","floor":8,"turns":4},{"damage":20,"enemies":"Lots of Slimes","floor":12,"turns":8},{"damage":4,"enemies":"3 Louse","floor":14,"turns":4},{"damage":42,"enemies":"Hexaghost","floor":16,"turns":15},{"damage":26,"enemies":"Chosen","floor":18,"turns":7},{"damage":51,"enemies":"Spheric Guardian","floor":19,"turns":11},{"damage":0,"enemies":"Centurion and Healer","floor":20,"turns":7},{"damage":31,"enemies":"Gremlin Leader","floor":23,"turns":6}],"event_choices":[{"event_name":"Golden Wing","player_choice":"Card Removal","floor":2,"damage_taken":0},{"event_name":"The Woman in Blue","player_choice":"Bought 0 Potions","floor":3,"damage_taken":0},{"event_name":"Big Fish","player_choice":"Box","floor":11,"damage_taken":0},{"event_name":"Upgrade Shrine","player_choice":"Upgraded","floor":22,"damage_taken":0}],"boss_relics":[{"not_picked":["Snecko Eye","Runic Dome"],"picked":"Question Card"}],"potions_floor_spawned":[6,12,14,16,18],"seed_played":"5120336283840087046","killed_by":"Gremlin Leader","ascension_level":3,"is_trial":false}