{"gold_per_floor":[112,112,112,130,205,220,29,29,29,3,16,26,26,40,40,141,141,158,177,177,190,45,45],"floor_reached":23,"playtime":695,"items_purged":["Strike_B"],"score":265,"play_id":"a089e177-3e0f-4cfc-bb1c-3752c08ec8c1","local_time":"20180923020831","is_ascension_mode":true,"campfire_choices":[{"data":"Defragment","floor":8,"key":"SMITH"},{"floor":15,"key":"REST"}],"neow_cost":"","seed_source_timestamp":718938736984369,"circlet_count":0,"master_deck":["Strike_B","Strike_B","Defend_B","Defend_B","Defend_B","Defend_B","Zap","Dualcast+1","Coolheaded","FTL","Defragment+1","FTL","Ball Lightning","Sweeping Beam","Static Discharge","White Noise","Rainbow","Conserve Battery","Cold Snap","Defragment"],"relics":["Cracked Core","Oddly Smooth Stone","Pen Nib","Bag of Marbles","Cursed Key"],"potions_floor_usage":[16,23,23,23],"damage_taken":[{"damage":3,"enemies":"2 Louse","floor":1,"turns":2},{"damage":0,"enemies":"Jaw Worm","floor":4,"turns":5},{"damage":5,"enemies":"Small Slimes","floor":6,"turns":3},{"damage":7,"enemies":"Gremlin Gang","floor":11,"turns":3},{"damage":5,"enemies":"3 Louse","floor":12,"turns":2},{"damage":0,"enemies":"Exordium Thugs","floor":14,"turns":3},{"damage":10,"enemies":"The Guardian","floor":16,"turns":8},{"damage":10,"enemies":"Spheric Guardian","floor":18,"turns":4},{"damage":16,"enemies":"2 Thieves","floor":19,"turns":3},{"damage":14,"enemies":"Centurion and Healer","floor":21,"turns":5},{"damage":22,"enemies":"Slavers","floor":23,"turns":2}],"seed_played":"-2524177226289028996","potions_obtained":[{"floor":4,"key":"Weak Potion"},{"floor":11,"key":"FocusPotion"},{"floor":12,"key":"Dexterity Potion"},{"floor":18,"key":"Ancient Potion"}],"is_trial":false,"path_per_floor":["M","?","?","M","?","M","$","R","T","$","M","M","?","M","R","B",null,"M","M","?","M","$"],"character_chosen":"DEFECT","items_purchased":["Oddly Smooth Stone","FTL","Ball Lightning","Defragment"],"campfire_rested":1,"item_purchase_floors":[7,7,10,22],"current_hp_per_floor":[65,58,58,58,47,42,42,42,42,42,35,30,12,12,34,24,62,52,36,36,22,22,0],"gold":45,"neow_bonus":"","is_prod":false,"is_daily":false,"chose_seed":false,"campfire_upgraded":1,"win_rate":0,"timestamp":1537664911,"path_taken":["M","?","?","?","?","M","$","R","T","$","M","M","?","M","R","BOSS","M","M","?","M","$","E"],"build_version":"2018-09-20","purchased_purges":1,"victory":false,"max_hp_per_floor":[75,75,75,75,75,75,75,75,75,75,75,75,75,75,75,75,75,75,75,75,75,75,75],"card_choices":[{"not_picked":["Barrage","Beam Cell"],"picked":"Coolheaded","floor":1},{"not_picked":["Reprogram","Turbo"],"picked":"FTL","floor":4},{"not_picked":["Barrage","Go for the Eyes"],"picked":"Defragment","floor":6},{"not_picked":["Steam","Beam Cell"],"picked":"Sweeping Beam","floor":11},{"not_picked":["Turbo","Skim"],"picked":"Static Discharge","floor":12},{"not_picked":["Core Surge","Steam"],"picked":"White Noise","floor":14},{"not_picked":["Multi-Cast","Buffer"],"picked":"Rainbow","floor":16},{"not_picked":["Recycle","Sunder"],"picked":"Conserve Battery","floor":18},{"not_picked":["Go for the Eyes","Compile Driver"],"picked":"Cold Snap","floor":19},{"not_picked":["Force Field","Reprogram+1","Beam Cell"],"picked":"SKIP","floor":21}],"player_experience":411170,"relics_obtained":[{"floor":9,"key":"Pen Nib"}],"event_choices":[{"event_name":"Golden Wing","player_choice":"Card Removal","floor":2,"damage_taken":0},{"event_name":"Upgrade Shrine","player_choice":"Upgraded","floor":3,"damage_taken":0},{"event_name":"World of Goop","player_choice":"Gather Gold","floor":5,"damage_taken":0},{"event_name":"Scrap Ooze","player_choice":"success","floor":13,"damage_taken":18},{"event_name":"Cursed Tome","player_choice":"Ignored","floor":20,"damage_taken":0}],"is_beta":false,"boss_relics":[{"not_picked":["Philosopher\u0027s Stone","Busted Crown"],"picked":"Cursed Key"}],"items_purged_floors":[22],"is_endless":false,"potions_floor_spawned":[4,11,12,18],"killed_by":"Slavers","ascension_level":9}