{"gold_per_floor":[13,29,29,29,29,29,40,51,78,101,125,137,161,173,185,294,306,332,356,58,77,77,77,89,89,89,89],"floor_reached":27,"playtime":1085,"items_purged":[],"score":259,"play_id":"b9cfce11-7abd-479f-afd7-65d7ef0c86b9","local_time":"20180902220917","is_ascension_mode":true,"campfire_choices":[{"data":"Chaos","floor":6,"key":"SMITH"},{"data":"Defragment","floor":12,"key":"SMITH"},{"floor":15,"key":"REST"},{"floor":23,"key":"REST"},{"floor":25,"key":"REST"}],"neow_cost":"NO_GOLD","seed_source_timestamp":1042711074888384,"circlet_count":0,"master_deck":["Strike_B","Strike_B","Defend_B","Defend_B","Defend_B","Defend_B","Zap","Dualcast","Reboot","Streamline","Chaos+1","Sweeping Beam","Sweeping Beam","Defragment+1","Core Surge","Go for the Eyes+1","Hello World","All For One","Lockon+1","FTL+1","Finesse","Defragment+1","Steam","Genetic Algorithm+1"],"relics":["Cracked Core","Boot","MawBank","Runic Pyramid","DollysMirror","Oddly Smooth Stone"],"potions_floor_usage":[16,16,19,27],"damage_taken":[{"damage":0,"enemies":"Small Slimes","floor":1,"turns":2},{"damage":2,"enemies":"Jaw Worm","floor":2,"turns":3},{"damage":4,"enemies":"2 Louse","floor":7,"turns":2},{"damage":12,"enemies":"Exordium Wildlife","floor":8,"turns":4},{"damage":9,"enemies":"2 Fungi Beasts","floor":10,"turns":2},{"damage":9,"enemies":"3 Louse","floor":11,"turns":2},{"damage":3,"enemies":"Exordium Wildlife","floor":13,"turns":3},{"damage":38,"enemies":"The Guardian","floor":16,"turns":9},{"damage":22,"enemies":"Chosen","floor":18,"turns":5},{"damage":6,"enemies":"Spheric Guardian","floor":19,"turns":3},{"damage":16,"enemies":"Cultist and Chosen","floor":21,"turns":6},{"damage":10,"enemies":"Snake Plant","floor":24,"turns":4},{"damage":61,"enemies":"Slavers","floor":27,"turns":4}],"seed_played":"5942191480534160891","potions_obtained":[{"floor":1,"key":"SkillPotion"},{"floor":7,"key":"Dexterity Potion"},{"floor":10,"key":"Poison Potion"},{"floor":16,"key":"Fire Potion"},{"floor":21,"key":"SkillPotion"}],"is_trial":false,"path_per_floor":["M","M","?","?","?","R","M","M","T","M","M","R","M","?","R","B",null,"M","M","$","M","?","R","M","R","T"],"character_chosen":"DEFECT","items_purchased":["Finesse","DollysMirror"],"campfire_rested":3,"item_purchase_floors":[20,20],"current_hp_per_floor":[75,73,73,73,66,66,62,50,50,41,32,32,29,29,51,13,60,38,32,32,16,16,38,28,50,50,0],"gold":89,"neow_bonus":"TRANSFORM_TWO_CARDS","is_prod":false,"is_daily":false,"chose_seed":false,"campfire_upgraded":2,"win_rate":0,"timestamp":1535922557,"path_taken":["M","M","?","?","?","R","M","M","T","M","M","R","M","?","R","BOSS","M","M","$","M","?","R","M","R","T","E"],"build_version":"2018-08-30","purchased_purges":0,"victory":false,"max_hp_per_floor":[75,75,75,75,75,75,75,75,75,75,75,75,75,75,75,75,75,75,75,75,75,75,75,75,75,75,75],"card_choices":[{"not_picked":["Blizzard","Beam Cell"],"picked":"Chaos","floor":1},{"not_picked":["Steam","Force Field"],"picked":"Sweeping Beam","floor":2},{"not_picked":["Cold Snap","Undo"],"picked":"Sweeping Beam","floor":7},{"not_picked":["Coolheaded","Hologram"],"picked":"Defragment","floor":8},{"not_picked":["Stack","Turbo"],"picked":"Core Surge","floor":10},{"not_picked":["Streamline","Go for the Eyes","Coolheaded"],"picked":"SKIP","floor":11},{"not_picked":["Streamline","Coolheaded"],"picked":"Go for the Eyes","floor":11},{"not_picked":["Gash","Turbo"],"picked":"Hello World","floor":13},{"not_picked":["Thunder Strike","Reboot"],"picked":"All For One","floor":16},{"not_picked":["Stack","Turbo"],"picked":"Lockon+1","floor":18},{"not_picked":["Cold Snap","Leap"],"picked":"FTL+1","floor":19},{"not_picked":["Steam Power","Beam Cell+1"],"picked":"Steam","floor":21},{"not_picked":["Cold Snap","Blizzard"],"picked":"Genetic Algorithm+1","floor":24}],"player_experience":305661,"relics_obtained":[{"floor":9,"key":"MawBank"},{"floor":26,"key":"Oddly Smooth Stone"}],"event_choices":[{"event_name":"The Cleric","player_choice":"Leave","floor":3,"damage_taken":0},{"event_name":"Big Fish","player_choice":"Box","floor":4,"damage_taken":0},{"event_name":"Golden Wing","player_choice":"Card Removal","floor":5,"damage_taken":0},{"event_name":"Accursed Blacksmith","player_choice":"Forge","floor":14,"damage_taken":0},{"event_name":"Cursed Tome","player_choice":"Ignored","floor":22,"damage_taken":0}],"is_beta":false,"boss_relics":[{"not_picked":["Runic Dome","FrozenCore"],"picked":"Runic Pyramid"}],"items_purged_floors":[],"is_endless":false,"potions_floor_spawned":[1,7,10,16,21],"killed_by":"Slavers","ascension_level":5}