{"gold_per_floor":[113,129,139,153,74,74,74,90,117,128,128,203,274,287,287,391,391,401,401,326,336,336,336,347,359,410,310,320,8,8],"floor_reached":30,"playtime":1029,"items_purged":["Strike_B+1","Strike_B+1"],"score":224,"play_id":"6f1b7157-c8f4-463b-9357-20f99ed5f5d9","local_time":"20180626164724","is_ascension_mode":false,"campfire_choices":[{"data":"Zap","floor":6,"key":"SMITH"},{"data":"Redo","floor":11,"key":"SMITH"},{"floor":15,"key":"REST"},{"data":"Creative AI","floor":23,"key":"SMITH"}],"neow_cost":"NONE","seed_source_timestamp":369271009180297,"circlet_count":0,"master_deck":["Strike_B+1","Strike_B+1","Defend_B+1","Defend_B+1","Defend_B+1","Defend_B+1","Zap+1","Dualcast","Sweeping Beam","Leap","Capacitor","Leap","Redo+1","White Noise","Creative AI+1","Streamline+1","Doom and Gloom+1","Cold Snap+1","Redo","Go for the Eyes+1"],"special_seed":17708,"relics":["Cracked Core","Whetstone","Lantern","Molten Egg 2","Sozu","Bag of Marbles","Pen Nib","Bottled Lightning"],"potions_floor_usage":[16,16,30,30],"damage_taken":[{"damage":6,"enemies":"Jaw Worm","floor":1,"turns":3},{"damage":0,"enemies":"2 Louse","floor":2,"turns":2},{"damage":1,"enemies":"Cultist","floor":3,"turns":3},{"damage":14,"enemies":"2 Fungi Beasts","floor":4,"turns":3},{"damage":11,"enemies":"3 Louse","floor":8,"turns":3},{"damage":2,"enemies":"Large Slime","floor":10,"turns":7},{"damage":2,"enemies":"Blue Slaver","floor":14,"turns":3},{"damage":24,"enemies":"Hexaghost","floor":16,"turns":9},{"damage":25,"enemies":"Shell Parasite","floor":18,"turns":5},{"damage":24,"enemies":"3 Byrds","floor":21,"turns":5},{"damage":9,"enemies":"Snake Plant","floor":24,"turns":4},{"damage":2,"enemies":"Cultist and Chosen","floor":25,"turns":5},{"damage":16,"enemies":"3 Cultists","floor":28,"turns":4},{"damage":12,"enemies":"Slavers","floor":30,"turns":1}],"seed_played":"2618065849027099658","potions_obtained":[{"floor":3,"key":"FocusPotion"},{"floor":4,"key":"SkillPotion"},{"floor":14,"key":"PowerPotion"},{"floor":16,"key":"SkillPotion"}],"is_trial":false,"path_per_floor":["M","M","M","M","$","R","?","M","T","M","R","?","T","M","R","B",null,"M","?","$","M","?","R","M","M","T","$","M","$"],"character_chosen":"DEFECT","items_purchased":["Capacitor","Bottled Lightning","Go for the Eyes+1"],"campfire_rested":1,"item_purchase_floors":[5,29,29],"current_hp_per_floor":[69,69,68,54,54,54,59,48,48,46,46,35,35,33,57,33,80,55,55,55,31,31,31,22,27,27,27,11,11,0],"gold":8,"neow_bonus":"RANDOM_COMMON_RELIC","is_prod":false,"is_daily":false,"chose_seed":false,"campfire_upgraded":3,"win_rate":0,"timestamp":1530042444,"path_taken":["M","M","M","M","$","R","?","M","T","M","R","?","?","M","R","BOSS","M","?","$","M","?","R","M","M","T","$","?","$","E"],"build_version":"2018-06-21v2","purchased_purges":2,"victory":false,"max_hp_per_floor":[75,75,75,75,75,75,80,80,80,80,80,80,80,80,80,80,80,80,80,80,80,80,80,80,80,80,80,80,80,80],"card_choices":[{"not_picked":["Tempest","Streamline"],"picked":"Sweeping Beam","floor":1},{"not_picked":["Streamline","Stack","Ball Lightning"],"picked":"SKIP","floor":2},{"not_picked":["Chaos","Stack","Compile Driver"],"picked":"SKIP","floor":3},{"not_picked":["Glacier","Hologram"],"picked":"Leap","floor":4},{"not_picked":["Go for the Eyes","Turbo"],"picked":"Leap","floor":8},{"not_picked":["Genetic Algorithm","Hello World"],"picked":"Redo","floor":10},{"not_picked":["Auto Shields","Scrape+1"],"picked":"White Noise","floor":14},{"not_picked":["Seek","Rainbow"],"picked":"Creative AI","floor":16},{"not_picked":["Ball Lightning+1","Sweeping Beam+1"],"picked":"Streamline+1","floor":18},{"not_picked":["Capacitor","Stack"],"picked":"Doom and Gloom+1","floor":21},{"not_picked":["Loop+1","Turbo"],"picked":"Cold Snap+1","floor":24},{"not_picked":["Blizzard+1","Beam Cell+1"],"picked":"Redo","floor":25},{"not_picked":["Coolheaded","Cold Snap+1","Rip and Tear+1"],"picked":"SKIP","floor":28}],"player_experience":155611,"relics_obtained":[{"floor":9,"key":"Lantern"},{"floor":13,"key":"Molten Egg 2"},{"floor":26,"key":"Pen Nib"}],"event_choices":[{"event_name":"Big Fish","player_choice":"Donut","floor":7,"damage_taken":0},{"event_name":"World of Goop","player_choice":"Gather Gold","floor":12,"damage_taken":0},{"event_name":"Back to Basics","player_choice":"Simplicity","floor":19,"damage_taken":0},{"event_name":"Wheel of Change","player_choice":"Relic","floor":22,"damage_taken":0}],"boss_relics":[{"not_picked":["Calling Bell","Ectoplasm"],"picked":"Sozu"}],"items_purged_floors":[20,27],"is_endless":false,"potions_floor_spawned":[3,4,14,16,21,24,25],"killed_by":"Slavers","ascension_level":0}