{"path_per_floor":["M","?","?","?","$","R","E","R","T","M","E","M","M","$","R","B",null,"M","?","?","M"],"character_chosen":"IRONCLAD","items_purchased":["Flex","Whirlwind","War Paint"],"gold_per_floor":[217,292,292,292,133,133,159,159,159,174,206,219,238,82,82,182,182,193,193,193,213,213],"floor_reached":22,"campfire_rested":1,"playtime":547,"current_hp_per_floor":[80,69,69,69,69,69,35,59,59,63,79,85,91,91,91,53,94,87,87,68,47,0],"items_purged":["Defend_R"],"gold":213,"score":255,"play_id":"0a006225-c9be-4010-9133-58e6ac8fb838","local_time":"20180324162026","is_prod":false,"is_daily":false,"is_ascension_mode":true,"campfire_upgraded":2,"timestamp":1521922826,"path_taken":["M","?","?","?","$","R","E","R","T","M","E","M","?","$","R","BOSS","M","?","?","M","M"],"build_version":"2018-03-22v2","purchased_purges":1,"victory":false,"master_deck":["Strike_R","Strike_R","Strike_R","Strike_R","Strike_R","Defend_R","Defend_R+1","Bash","Flex+1","Whirlwind+1","Thunderclap","Seeing Red+1","Bloodletting"],"max_hp_per_floor":[80,80,80,80,80,80,80,80,80,80,94,94,94,94,94,94,94,94,94,99,99,99],"relics":["Burning Blood","Lantern","Thread and Needle","Mango","War Paint","Runic Cube","Darkstone Periapt"],"card_choices":[{"not_picked":["Clothesline","Carnage"],"picked":"Thunderclap","floor":7},{"not_picked":["Infernal Blade","Cleave"],"picked":"Seeing Red","floor":10},{"not_picked":["Thunderclap","Iron Wave"],"picked":"Bloodletting","floor":12}],"player_experience":189927,"potions_floor_usage":[16,16,16],"damage_taken":[{"damage":6,"enemies":"2 Louse","floor":1,"turns":2},{"damage":40,"enemies":"Lagavulin","floor":7,"turns":5},{"damage":2,"enemies":"Jaw Worm","floor":10,"turns":2},{"damage":4,"enemies":"3 Sentries","floor":11,"turns":3},{"damage":0,"enemies":"Small Slimes","floor":12,"turns":1},{"damage":0,"enemies":"Looter","floor":13,"turns":1},{"damage":44,"enemies":"The Guardian","floor":16,"turns":7},{"damage":13,"enemies":"Chosen","floor":18,"turns":4},{"damage":27,"enemies":"Spheric Guardian","floor":21,"turns":4},{"damage":65,"enemies":"Cultist and Chosen","floor":22,"turns":7}],"event_choices":[{"event_name":"World of Goop","player_choice":"Gather Gold","floor":2,"damage_taken":0},{"event_name":"Living Wall","player_choice":"Forget","floor":3,"damage_taken":0},{"event_name":"The Lab","player_choice":"Got Potions","floor":4,"damage_taken":0},{"event_name":"The Mausoleum","player_choice":"Yes","floor":19,"damage_taken":0},{"event_name":"Forgotten Altar","player_choice":"Shed Blood","floor":20,"damage_taken":0}],"boss_relics":[{"not_picked":["Mark of Pain","Snecko Eye"],"picked":"Runic Cube"}],"potions_floor_spawned":[1,12,13],"seed_played":"6892029603723725313","killed_by":"Cultist and Chosen","ascension_level":4,"is_trial":false}