{"gold_per_floor":[14,14,14,30,30,30,30,58,58,71,129,129,148,63,63,63],"floor_reached":16,"playtime":701,"items_purged":[],"score":189,"play_id":"5eb471a1-d571-499c-98a2-ab8ca5d5bf47","local_time":"20190320203521","is_ascension_mode":true,"campfire_choices":[{"data":"Bash","floor":6,"key":"SMITH"},{"data":"Armaments","floor":12,"key":"SMITH"},{"data":"Flame Barrier","floor":15,"key":"SMITH"}],"neow_cost":"NO_GOLD","seed_source_timestamp":2076379236500,"circlet_count":0,"master_deck":["AscendersBane","Strike_R","Strike_R","Strike_R","Strike_R","Strike_R","Defend_R","Defend_R","Defend_R","Defend_R","Bash+1","Bludgeon","Twin Strike","Flame Barrier+1","Armaments+1","Shrug It Off","Dropkick"],"relics":["Burning Blood","CultistMask","Letter Opener","Ornamental Fan","Tiny Chest"],"potions_floor_usage":[7,8,16],"damage_taken":[{"damage":0,"enemies":"2 Louse","floor":1,"turns":3},{"damage":16,"enemies":"Small Slimes","floor":4,"turns":4},{"damage":30,"enemies":"Gremlin Nob","floor":8,"turns":5},{"damage":1,"enemies":"Cultist","floor":10,"turns":3},{"damage":22,"enemies":"Lagavulin","floor":11,"turns":7},{"damage":10,"enemies":"Exordium Wildlife","floor":13,"turns":5},{"damage":35,"enemies":"Hexaghost","floor":16,"turns":11}],"seed_played":"541023909125081634","potions_obtained":[{"floor":1,"key":"SkillPotion"},{"floor":7,"key":"Weak Potion"},{"floor":7,"key":"Fruit Juice"},{"floor":10,"key":"Ancient Potion"},{"floor":13,"key":"SkillPotion"}],"is_trial":false,"path_per_floor":["M","?","?","M","T","R","?","E","T","M","E","R","M","$","R","B"],"character_chosen":"IRONCLAD","items_purchased":["Shrug It Off","Dropkick"],"campfire_rested":0,"item_purchase_floors":[14,14],"current_hp_per_floor":[74,74,74,64,64,64,69,45,45,50,34,34,30,30,30,0],"gold":63,"neow_bonus":"THREE_RARE_CARDS","is_prod":false,"is_daily":false,"chose_seed":false,"campfire_upgraded":3,"win_rate":0,"timestamp":1553114121,"path_taken":["M","?","?","?","?","R","?","E","T","M","E","R","?","?","R","BOSS"],"build_version":"2019-01-23","purchased_purges":0,"victory":false,"max_hp_per_floor":[75,75,75,75,75,75,80,80,80,80,80,80,80,80,80,80],"card_choices":[{"not_picked":["Dark Embrace","Demon Form"],"picked":"Bludgeon","floor":0},{"not_picked":["Corruption","Power Through"],"picked":"Twin Strike","floor":1},{"not_picked":["Havoc","Carnage"],"picked":"Flame Barrier","floor":4},{"not_picked":["Wild Strike","Anger"],"picked":"Armaments","floor":8},{"not_picked":["Searing Blow","Wild Strike","Perfected Strike"],"picked":"SKIP","floor":10},{"not_picked":["Wild Strike","Sword Boomerang","Limit Break"],"picked":"SKIP","floor":11},{"not_picked":["Perfected Strike","Sword Boomerang","Evolve"],"picked":"SKIP","floor":13}],"player_experience":617850,"relics_obtained":[{"floor":8,"key":"Letter Opener"},{"floor":9,"key":"Ornamental Fan"},{"floor":11,"key":"Tiny Chest"}],"event_choices":[{"damage_healed":0,"gold_gain":0,"player_choice":"Leave","damage_taken":0,"max_hp_gain":0,"max_hp_loss":0,"event_name":"The Cleric","floor":2,"gold_loss":0},{"damage_healed":0,"gold_gain":0,"player_choice":"Trade","damage_taken":0,"relics_obtained":["CultistMask"],"max_hp_gain":0,"max_hp_loss":0,"event_name":"FaceTrader","floor":3,"gold_loss":0},{"damage_healed":0,"gold_gain":0,"player_choice":"Got Potions","damage_taken":0,"max_hp_gain":0,"max_hp_loss":0,"event_name":"Lab","floor":7,"gold_loss":0}],"is_beta":false,"boss_relics":[],"items_purged_floors":[],"is_endless":false,"potions_floor_spawned":[1,10,13],"killed_by":"Hexaghost","ascension_level":15}