{"gold_per_floor":[211,211,211,224,44,44,44,58,136,151,169,169],"floor_reached":12,"playtime":517,"items_purged":[],"score":84,"play_id":"112982d4-e666-4c83-9444-a294414321e3","local_time":"20180801235558","is_ascension_mode":true,"campfire_choices":[{"data":"Enlightenment","floor":6,"key":"SMITH"}],"neow_cost":"NONE","seed_source_timestamp":619517208695363,"circlet_count":0,"master_deck":["Strike_R","Strike_R","Strike_R","Strike_R","Strike_R","Defend_R","Defend_R","Defend_R","Defend_R","Bash","Enlightenment+1","Body Slam","Entrench+1","Shockwave+1"],"relics":["Burning Blood","Boot","Golden Idol","Toxic Egg 2"],"potions_floor_usage":[11],"damage_taken":[{"damage":11,"enemies":"Small Slimes","floor":1,"turns":4},{"damage":0,"enemies":"2 Louse","floor":4,"turns":2},{"damage":2,"enemies":"Jaw Worm","floor":8,"turns":4},{"damage":15,"enemies":"3 Louse","floor":10,"turns":5},{"damage":41,"enemies":"Large Slime","floor":11,"turns":14},{"damage":9,"enemies":"Red Slaver","floor":12,"turns":3}],"seed_played":"-8845696790921516211","potions_obtained":[{"floor":4,"key":"LiquidBronze"},{"floor":7,"key":"Regen Potion"},{"floor":7,"key":"Ancient Potion"},{"floor":11,"key":"Energy Potion"}],"is_trial":false,"path_per_floor":["M","?","?","M","$","R","?","M","T","M","M"],"character_chosen":"IRONCLAD","items_purchased":["Enlightenment"],"campfire_rested":0,"item_purchase_floors":[5],"current_hp_per_floor":[75,57,37,43,43,43,43,47,47,38,15,6],"gold":169,"neow_bonus":"HUNDRED_GOLD","is_prod":false,"is_daily":false,"chose_seed":false,"campfire_upgraded":1,"win_rate":0,"timestamp":1533164158,"path_taken":["M","?","?","?","$","R","?","M","T","M","M","M"],"build_version":"2018-07-26","purchased_purges":0,"victory":false,"max_hp_per_floor":[80,80,80,80,80,80,80,80,80,80,80,80],"card_choices":[{"not_picked":["Thunderclap","Havoc","Rampage"],"picked":"SKIP","floor":1},{"not_picked":["Havoc","Corruption","Hemokinesis"],"picked":"SKIP","floor":4},{"not_picked":["Thunderclap","Burning Pact"],"picked":"Body Slam","floor":8},{"not_picked":["Body Slam","True Grit+1"],"picked":"Entrench+1","floor":10},{"not_picked":["Rage+1","Anger"],"picked":"Shockwave+1","floor":11}],"player_experience":244596,"relics_obtained":[{"floor":9,"key":"Toxic Egg 2"}],"event_choices":[{"event_name":"Scrap Ooze","player_choice":"success","floor":2,"damage_taken":18},{"event_name":"Golden Idol","player_choice":"Take Damage","floor":3,"damage_taken":0},{"event_name":"The Lab","player_choice":"Got Potions","floor":7,"damage_taken":0}],"is_beta":false,"boss_relics":[],"items_purged_floors":[],"is_endless":false,"potions_floor_spawned":[4,8,11],"killed_by":"Red Slaver","ascension_level":4}