{"gold_per_floor":[114,132,51,51,65,65,96,96,121,71,246,246,246,262,262,386,386,399,415,142,158,177,177,200,200,225,225,225,62,62,78,78,208,208,226,226,226,244,24,24,42,42,115,0,0,38,58,82,82,82],"floor_reached":51,"playtime":3281,"items_purged":["Strike_G+1"],"score":650,"play_id":"b1127782-a6b3-44f9-9b14-6bbbc1f63d96","local_time":"20181103024624","is_ascension_mode":false,"campfire_choices":[{"data":"Neutralize","floor":6,"key":"SMITH"},{"floor":8,"key":"REST"},{"floor":15,"key":"REST"},{"floor":23,"key":"REST"},{"data":"Footwork","floor":25,"key":"SMITH"},{"data":"Footwork","floor":32,"key":"SMITH"},{"floor":40,"key":"REST"},{"data":"Noxious Fumes","floor":42,"key":"SMITH"},{"data":"Well Laid Plans","floor":45,"key":"SMITH"},{"data":"Dodge and Roll","floor":49,"key":"SMITH"}],"neow_cost":"NONE","seed_source_timestamp":560924601362901,"circlet_count":0,"master_deck":["Defend_G+1","Defend_G+1","Defend_G+1","Defend_G+1","Defend_G+1","Strike_G+1","Strike_G+1","Strike_G+1","Survivor","Neutralize+1","Flying Knee","PiercingWail+1","Well Laid Plans+1","Quick Slash","Dodge and Roll+1","After Image","Footwork+1","Dodge and Roll+1","Escape Plan+1","Footwork+1","Slice+1","Bandage Up+1","Dagger Spray","Bullet Time+1","Distraction+1","Blind+1","Metamorphosis+1","Flying Knee+1","Noxious Fumes+1","Dagger Spray+1","Terror+1"],"relics":["Ring of the Serpent","NeowsBlessing","Golden Idol","War Paint","Snake Skull","Toxic Egg 2","Centennial Puzzle","Black Star","Oddly Smooth Stone","Meat on the Bone","Red Mask","Darkstone Periapt","Matryoshka"],"potions_floor_usage":[16,18,27,33,46,48],"damage_taken":[{"damage":0,"enemies":"Cultist","floor":1,"turns":1},{"damage":0,"enemies":"2 Louse","floor":2,"turns":1},{"damage":0,"enemies":"Jaw Worm","floor":5,"turns":1},{"damage":30,"enemies":"Gremlin Nob","floor":7,"turns":5},{"damage":0,"enemies":"Large Slime","floor":14,"turns":6},{"damage":26,"enemies":"The Guardian","floor":16,"turns":18},{"damage":0,"enemies":"3 Byrds","floor":18,"turns":4},{"damage":5,"enemies":"Spheric Guardian","floor":19,"turns":8},{"damage":21,"enemies":"Cultist and Chosen","floor":21,"turns":11},{"damage":27,"enemies":"3 Cultists","floor":22,"turns":11},{"damage":0,"enemies":"Sentry and Sphere","floor":24,"turns":12},{"damage":12,"enemies":"Colosseum Slavers","floor":27,"turns":7},{"damage":2,"enemies":"Shelled Parasite and Fungi","floor":31,"turns":9},{"damage":22,"enemies":"Collector","floor":33,"turns":21},{"damage":29,"enemies":"3 Shapes","floor":35,"turns":5},{"damage":17,"enemies":"3 Darklings","floor":38,"turns":7},{"damage":1,"enemies":"Maw","floor":41,"turns":10},{"damage":15,"enemies":"Reptomancer","floor":46,"turns":9},{"damage":0,"enemies":"Sphere and 2 Shapes","floor":47,"turns":6},{"damage":19,"enemies":"3 Darklings","floor":48,"turns":7},{"damage":25,"enemies":"Awakened One","floor":50,"turns":18}],"seed_played":"3155931058214341583","potions_obtained":[{"floor":7,"key":"GhostInAJar"},{"floor":16,"key":"LiquidBronze"},{"floor":21,"key":"EssenceOfSteel"},{"floor":24,"key":"Ancient Potion"},{"floor":35,"key":"Explosive Potion"},{"floor":41,"key":"Regen Potion"}],"is_trial":false,"path_per_floor":["M","M","$","?","M","R","E","R","T","?","?","?","?","M","R","B",null,"M","M","$","M","M","R","M","R","T","?","?","$","?","M","R","B",null,"M","?","?","M","$","R","M","R","T","?","R","E","M","M","R","B",null],"character_chosen":"THE_SILENT","items_purchased":["Well Laid Plans","Toxic Egg 2","Dodge and Roll+1","Bandage Up+1","Noxious Fumes","Oddly Smooth Stone"],"campfire_rested":4,"item_purchase_floors":[3,20,20,29,39,39],"current_hp_per_floor":[70,70,70,53,53,53,23,44,44,44,44,37,23,23,44,18,70,70,65,65,44,17,38,38,38,38,26,26,26,26,30,30,14,70,47,47,42,31,31,52,57,57,57,57,57,48,54,56,56,37],"gold":82,"neow_bonus":"THREE_ENEMY_KILL","is_prod":false,"is_daily":false,"chose_seed":false,"campfire_upgraded":6,"win_rate":0.0,"timestamp":1541213184,"path_taken":["M","?","$","?","M","R","E","R","T","?","?","?","?","?","R","BOSS","M","M","$","M","M","R","M","R","T","?","?","$","?","M","R","BOSS","M","?","?","M","$","R","M","R","T","?","R","E","M","M","R","BOSS"],"build_version":"2018-11-01v2","purchased_purges":1,"victory":true,"max_hp_per_floor":[70,70,70,70,70,70,70,70,70,70,70,70,70,70,70,70,70,70,70,70,70,70,70,70,70,70,70,70,70,70,70,70,70,70,70,70,70,70,70,70,70,70,70,70,70,70,70,70,70,70],"card_choices":[{"not_picked":["Poisoned Stab","Sucker Punch"],"picked":"Flying Knee","floor":1},{"not_picked":["Dagger Spray","Underhanded Strike"],"picked":"PiercingWail","floor":2},{"not_picked":["Dagger Throw","Slice"],"picked":"Quick Slash","floor":5},{"not_picked":["Quick Slash","Poisoned Stab","Deflect"],"picked":"SKIP","floor":7},{"not_picked":["Deflect","Underhanded Strike"],"picked":"Dodge and Roll","floor":14},{"not_picked":["Phantasmal Killer","Malaise"],"picked":"After Image","floor":16},{"not_picked":["Dodge and Roll","Endless Agony"],"picked":"Footwork","floor":18},{"not_picked":["Acrobatics","Sucker Punch+1"],"picked":"Distraction","floor":19},{"not_picked":["Dagger Throw","Sucker Punch"],"picked":"Escape Plan+1","floor":21},{"not_picked":["Poisoned Stab+1","Dodge and Roll+1"],"picked":"Footwork","floor":22},{"not_picked":["Underhanded Strike","All Out Attack+1"],"picked":"Slice+1","floor":24},{"not_picked":["Underhanded Strike","Leg Sweep+1","Expertise+1"],"picked":"SKIP","floor":31},{"not_picked":["Wraith Form v2","Unload"],"picked":"Bullet Time+1","floor":33},{"not_picked":["Flying Knee","Dagger Spray+1"],"picked":"Distraction+1","floor":35},{"not_picked":["Apotheosis+1","Impatience+1"],"picked":"Blind+1","floor":37},{"not_picked":["Swift Strike","Discovery+1"],"picked":"Metamorphosis+1","floor":37},{"not_picked":["Reflex+1","Deflect+1"],"picked":"Flying Knee+1","floor":38},{"not_picked":["Well Laid Plans+1","Slice"],"picked":"Dagger Spray+1","floor":41},{"not_picked":["PiercingWail+1","Sucker Punch","Expertise+1"],"picked":"SKIP","floor":46},{"not_picked":["Acrobatics+1","Infinite Blades","Outmaneuver+1"],"picked":"SKIP","floor":47},{"not_picked":["Footwork","Quick Slash+1"],"picked":"Terror+1","floor":48}],"player_experience":2906,"relics_obtained":[{"floor":7,"key":"War Paint"},{"floor":9,"key":"Snake Skull"},{"floor":26,"key":"Centennial Puzzle"},{"floor":43,"key":"Meat on the Bone"},{"floor":46,"key":"Darkstone Periapt"},{"floor":46,"key":"Matryoshka"}],"event_choices":[{"damage_healed":0,"gold_gain":0,"player_choice":"Take Damage","damage_taken":17,"relics_obtained":["Golden Idol"],"max_hp_gain":0,"max_hp_loss":0,"event_name":"Golden Idol","floor":4,"gold_loss":0},{"cards_removed":["Strike_G"],"damage_healed":0,"gold_gain":0,"player_choice":"Card Removal","damage_taken":0,"max_hp_gain":0,"max_hp_loss":0,"event_name":"The Cleric","floor":10,"gold_loss":50},{"damage_healed":0,"gold_gain":175,"player_choice":"AGREE","damage_taken":0,"max_hp_gain":0,"max_hp_loss":0,"event_name":"Liars Game","floor":11,"gold_loss":0,"cards_obtained":["Doubt"]},{"cards_removed":["Doubt"],"damage_healed":0,"gold_gain":0,"player_choice":"Card Removal","damage_taken":7,"max_hp_gain":0,"max_hp_loss":0,"event_name":"Golden Wing","floor":12,"gold_loss":0},{"damage_healed":0,"gold_gain":0,"player_choice":"Entered Light","damage_taken":14,"max_hp_gain":0,"max_hp_loss":0,"event_name":"Shining Light","floor":13,"gold_loss":0,"cards_upgraded":["Strike_G","Strike_G"]},{"damage_healed":0,"gold_gain":0,"player_choice":"Fight","damage_taken":0,"max_hp_gain":0,"max_hp_loss":0,"event_name":"Colosseum","floor":27,"gold_loss":0},{"damage_healed":0,"gold_gain":0,"player_choice":"Fled From Nobs","damage_taken":0,"max_hp_gain":0,"max_hp_loss":0,"event_name":"Colosseum","floor":27,"gold_loss":0},{"damage_healed":0,"gold_gain":0,"player_choice":"Simplicity","damage_taken":0,"max_hp_gain":0,"max_hp_loss":0,"event_name":"Back to Basics","floor":28,"gold_loss":0,"cards_upgraded":["Defend_G","Defend_G","Defend_G","Defend_G","Strike_G","Strike_G"]},{"damage_healed":0,"gold_gain":0,"player_choice":"1 cards matched","damage_taken":0,"max_hp_gain":0,"max_hp_loss":0,"event_name":"Match and Keep!","floor":30,"gold_loss":0,"cards_obtained":["Dagger Spray"]},{"cards_removed":["Distraction"],"damage_healed":0,"gold_gain":0,"player_choice":"Removed Skill","damage_taken":0,"max_hp_gain":0,"max_hp_loss":0,"event_name":"Falling","floor":36,"gold_loss":0},{"damage_healed":0,"gold_gain":0,"player_choice":"Memory 2","damage_taken":5,"max_hp_gain":0,"max_hp_loss":0,"event_name":"SensoryStone","floor":37,"gold_loss":0},{"damage_healed":0,"gold_gain":0,"player_choice":"Paid","damage_taken":0,"relics_obtained":["Red Mask"],"max_hp_gain":0,"max_hp_loss":0,"event_name":"Tomb of Lord Red Mask","floor":44,"gold_loss":115}],"is_beta":true,"boss_relics":[{"not_picked":["Velvet Choker","Snecko Eye"],"picked":"Ring of the Serpent"},{"not_picked":["HoveringKite","Runic Pyramid"],"picked":"Black Star"}],"items_purged_floors":[29],"is_endless":false,"potions_floor_spawned":[7,16,21,24,27,35,41],"ascension_level":0}