{"gold_per_floor":[213,223,223,239,55,55,70,70,70,145,145,164,35,0,0,95,95,105,69,69,87,106,106,156,172,195,224,224,243,67,79,79,79],"floor_reached":33,"playtime":2425,"items_purged":["Strike_R","Defend_R"],"score":308,"play_id":"3a84c7c5-f537-424a-ab15-bddafcc4f90c","local_time":"20180726140657","is_ascension_mode":true,"campfire_choices":[{"data":"Magnetism","floor":6,"key":"SMITH"},{"data":"Bash","floor":8,"key":"SMITH"},{"data":"Metallicize","floor":11,"key":"SMITH"},{"data":"Flex","floor":15,"key":"SMITH"},{"data":"Armaments","floor":23,"key":"SMITH"},{"floor":32,"key":"REST"}],"neow_cost":"NONE","seed_source_timestamp":63844481657984,"circlet_count":0,"master_deck":["Strike_R+1","Strike_R+1","Strike_R+1","Defend_R","Defend_R+1","Defend_R","Bash+1","Metallicize+1","Clash","Magnetism+1","Shrug It Off","Shrug It Off","Flex+1","Brutality","Armaments+1","Battle Trance","Shockwave","Feed","Searing Blow+1"],"relics":["Burning Blood","Red Skull","Busted Crown","Whetstone","Kunai"],"potions_floor_usage":[27,29,31,31,31],"damage_taken":[{"damage":3,"enemies":"Small Slimes","floor":1,"turns":4},{"damage":3,"enemies":"2 Louse","floor":2,"turns":5},{"damage":0,"enemies":"Cultist","floor":4,"turns":3},{"damage":8,"enemies":"3 Louse","floor":7,"turns":4},{"damage":19,"enemies":"Exordium Thugs","floor":12,"turns":7},{"damage":24,"enemies":"The Guardian","floor":16,"turns":10},{"damage":5,"enemies":"Chosen","floor":18,"turns":5},{"damage":2,"enemies":"Shell Parasite","floor":21,"turns":7},{"damage":15,"enemies":"Snake Plant","floor":22,"turns":6},{"damage":0,"enemies":"3 Cultists","floor":25,"turns":5},{"damage":53,"enemies":"Gremlin Leader","floor":27,"turns":8},{"damage":16,"enemies":"Sentry and Sphere","floor":29,"turns":6},{"damage":8,"enemies":"Snake Plant","floor":31,"turns":4},{"damage":45,"enemies":"Collector","floor":33,"turns":7}],"seed_played":"-9167211060186862925","potions_obtained":[{"floor":1,"key":"GamblersBrew"},{"floor":7,"key":"FearPotion"},{"floor":18,"key":"EntropicBrew"},{"floor":22,"key":"Ancient Potion"},{"floor":25,"key":"Block Potion"},{"floor":27,"key":"Swift Potion"}],"is_trial":false,"path_per_floor":["M","M","?","M","$","R","M","R","T","?","R","M","$","?","R","B",null,"M","$","$","M","M","R","?","M","T","E","?","M","$","M","R"],"character_chosen":"IRONCLAD","items_purchased":["Magnetism","Flex","Battle Trance","Feed"],"campfire_rested":1,"item_purchase_floors":[5,13,19,30],"current_hp_per_floor":[80,80,64,70,70,70,68,68,68,57,57,44,44,64,64,46,80,80,80,80,80,71,71,71,77,77,30,30,20,20,18,42,0],"gold":79,"neow_bonus":"HUNDRED_GOLD","is_prod":false,"is_daily":false,"chose_seed":false,"campfire_upgraded":5,"win_rate":0,"timestamp":1532610417,"path_taken":["M","M","?","M","?","R","M","R","T","?","R","M","$","?","R","BOSS","M","?","$","?","M","R","?","?","T","E","?","?","$","?","R","BOSS"],"build_version":"2018-07-19v2","purchased_purges":2,"victory":false,"max_hp_per_floor":[80,80,80,80,80,80,80,80,80,80,80,80,80,80,80,80,80,80,80,80,80,80,80,80,80,80,80,80,80,80,80,80,80],"card_choices":[{"not_picked":["Headbutt","Clash"],"picked":"Metallicize","floor":1},{"not_picked":["True Grit","Intimidate"],"picked":"Clash","floor":2},{"not_picked":["Thunderclap","Headbutt","Combust"],"picked":"SKIP","floor":4},{"not_picked":["Heavy Blade","Pommel Strike"],"picked":"Shrug It Off","floor":7},{"not_picked":["Pummel","Power Through"],"picked":"Shrug It Off","floor":12},{"not_picked":["Limit Break","Dark Embrace"],"picked":"Brutality","floor":16},{"not_picked":[],"picked":"Armaments","floor":18},{"not_picked":["Thunderclap+1"],"picked":"SKIP","floor":21},{"not_picked":[],"picked":"Shockwave","floor":22},{"not_picked":["Rupture"],"picked":"SKIP","floor":25},{"not_picked":["Brutality"],"picked":"SKIP","floor":27},{"not_picked":["Havoc"],"picked":"SKIP","floor":29},{"not_picked":[],"picked":"Searing Blow+1","floor":31}],"player_experience":229276,"relics_obtained":[{"floor":9,"key":"Red Skull"},{"floor":26,"key":"Whetstone"},{"floor":27,"key":"Kunai"}],"event_choices":[{"event_name":"Shining Light","player_choice":"Entered Light","floor":3,"damage_taken":0},{"event_name":"World of Goop","player_choice":"Gather Gold","floor":10,"damage_taken":0},{"event_name":"The Cleric","player_choice":"Healed","floor":14,"damage_taken":0},{"event_name":"The Joust","player_choice":"Bet on Murderer","floor":24,"damage_taken":0},{"event_name":"Back to Basics","player_choice":"Elegance","floor":28,"damage_taken":0}],"is_beta":false,"boss_relics":[{"not_picked":["Calling Bell","Pandora\u0027s Box"],"picked":"Busted Crown"}],"items_purged_floors":[13,30],"is_endless":false,"potions_floor_spawned":[1,7,18,22,25,27],"killed_by":"Collector","ascension_level":4}