{"gold_per_floor":[118,133,133,133,149,149,165,165,189,209,219,219,219,253,253,349,349,360,635,645,656,656],"floor_reached":22,"playtime":767,"items_purged":[],"score":279,"play_id":"35969537-28d1-4490-80ea-ac4e9bd4115c","local_time":"20181005130705","is_ascension_mode":true,"campfire_choices":[{"data":"Dualcast","floor":6,"key":"SMITH"},{"floor":8,"key":"REST"},{"floor":13,"key":"REST"},{"floor":15,"key":"REST"}],"neow_cost":"PERCENT_DAMAGE","seed_source_timestamp":253300472458326,"circlet_count":0,"master_deck":["Strike_B","Strike_B","Strike_B","Defend_B+1","Defend_B","Defend_B+1","Defend_B+1","Zap+1","Dualcast+1","AscendersBane","Conserve Battery","Ball Lightning","Sweeping Beam","Conserve Battery","Glacier","BootSequence","White Noise","Coolheaded","Rainbow","Capacitor","Regret","Genetic Algorithm","Darkness+1"],"relics":["Cracked Core","Incense Burner","War Paint","Dream Catcher","Odd Mushroom","Anchor","Cursed Key"],"potions_floor_usage":[10,14,21],"damage_taken":[{"damage":7,"enemies":"Jaw Worm","floor":1,"turns":4},{"damage":0,"enemies":"2 Louse","floor":2,"turns":2},{"damage":0,"enemies":"Cultist","floor":5,"turns":2},{"damage":0,"enemies":"Looter","floor":7,"turns":3},{"damage":15,"enemies":"The Mushroom Lair","floor":10,"turns":4},{"damage":5,"enemies":"3 Louse","floor":11,"turns":2},{"damage":19,"enemies":"Gremlin Nob","floor":14,"turns":5},{"damage":21,"enemies":"Hexaghost","floor":16,"turns":11},{"damage":7,"enemies":"3 Byrds","floor":18,"turns":4},{"damage":10,"enemies":"Spheric Guardian","floor":20,"turns":5},{"damage":41,"enemies":"Cultist and Chosen","floor":21,"turns":7},{"damage":6,"enemies":"3 Cultists","floor":22,"turns":3}],"seed_played":"85475497062805013","potions_obtained":[{"floor":7,"key":"Explosive Potion"},{"floor":10,"key":"Block Potion"},{"floor":20,"key":"Fire Potion"}],"is_trial":false,"path_per_floor":["M","M","?","?","M","R","M","R","T","?","M","?","R","E","R","B",null,"M","?","M","M"],"character_chosen":"DEFECT","items_purchased":[],"campfire_rested":3,"item_purchase_floors":[],"current_hp_per_floor":[43,43,36,33,33,33,33,55,55,40,35,20,42,23,45,24,62,55,55,45,4,0],"gold":656,"neow_bonus":"ONE_RARE_RELIC","is_prod":false,"is_daily":false,"chose_seed":false,"campfire_upgraded":1,"win_rate":0,"timestamp":1538741225,"path_taken":["M","M","?","?","M","R","M","R","T","?","M","?","R","E","R","BOSS","M","?","?","M","M"],"build_version":"2018-10-04","purchased_purges":0,"victory":false,"max_hp_per_floor":[75,75,75,75,75,75,75,75,75,75,75,75,75,75,75,75,75,75,75,75,75,75],"card_choices":[{"not_picked":["Gash","Ball Lightning"],"picked":"Conserve Battery","floor":1},{"not_picked":["Leap","Sweeping Beam"],"picked":"Ball Lightning","floor":2},{"not_picked":["Compile Driver","Beam Cell","Gash"],"picked":"SKIP","floor":5},{"not_picked":["Doom and Gloom","Hologram"],"picked":"Sweeping Beam","floor":7},{"not_picked":["Melter","Gash"],"picked":"Conserve Battery","floor":10},{"not_picked":["Melter","Ball Lightning"],"picked":"Glacier","floor":11},{"not_picked":["Leap","Recycle"],"picked":"BootSequence","floor":13},{"not_picked":["Auto Shields","Seek"],"picked":"White Noise","floor":14},{"not_picked":["Beam Cell","Static Discharge"],"picked":"Coolheaded","floor":15},{"not_picked":["All For One","Fission"],"picked":"Rainbow","floor":16},{"not_picked":["Auto Shields","Barrage+1"],"picked":"Capacitor","floor":18},{"not_picked":["Compile Driver+1","BootSequence"],"picked":"Genetic Algorithm","floor":20},{"not_picked":["Turbo","Barrage+1"],"picked":"Darkness+1","floor":21}],"player_experience":452073,"relics_obtained":[{"floor":9,"key":"Dream Catcher"},{"floor":10,"key":"Odd Mushroom"},{"floor":14,"key":"Anchor"}],"event_choices":[{"event_name":"Golden Wing","player_choice":"Card Removal","floor":3,"damage_taken":0},{"event_name":"Scrap Ooze","player_choice":"success","floor":4,"damage_taken":3},{"event_name":"Mushrooms","player_choice":"Fought Mushrooms","floor":10,"damage_taken":0},{"event_name":"Shining Light","player_choice":"Entered Light","floor":12,"damage_taken":0},{"event_name":"Golden Shrine","player_choice":"Desecrate","floor":19,"damage_taken":0}],"is_beta":false,"boss_relics":[{"not_picked":["Runic Dome","Sozu"],"picked":"Cursed Key"}],"items_purged_floors":[],"is_endless":false,"potions_floor_spawned":[7,10,20],"killed_by":"3 Cultists","ascension_level":10}