{"gold_per_floor":[363,313,313,23,42,42,42,42,66,84,84,97,128,143,143,222,222,235,510,524,536,136,136,146,146,146,146,28,44,44,58,58,130,180,190,208,208,226,326,326,46,46,71,101,113,113,113,125,125,125,125,125,33,61,61],"floor_reached":55,"playtime":3475,"items_purged":["Regret","Well Laid Plans"],"score":1143,"play_id":"94b321df-cf6b-422a-b64f-bb3fe5775526","local_time":"20190108222343","is_ascension_mode":true,"campfire_choices":[{"data":"Escape Plan","floor":6.0,"key":"SMITH"},{"data":"Masterful Stab","floor":8.0,"key":"SMITH"},{"floor":11.0,"key":"RECALL"},{"data":"Crippling Poison","floor":15.0,"key":"SMITH"},{"data":"Footwork","floor":23,"key":"SMITH"},{"data":"After Image","floor":25,"key":"SMITH"},{"data":"Distraction","floor":27,"key":"SMITH"},{"data":"Poisoned Stab","floor":32,"key":"SMITH"},{"data":"Doppelganger","floor":40,"key":"SMITH"},{"data":"Apotheosis","floor":42,"key":"SMITH"},{"floor":46,"key":"REST"},{"floor":49,"key":"REST"},{"data":"Discovery","floor":52,"key":"SMITH"}],"neow_cost":"CURSE","seed_source_timestamp":0,"circlet_count":0,"master_deck":["AscendersBane","Defend_G","Defend_G","Defend_G","Defend_G","Defend_G","Strike_G","Strike_G","Strike_G","Strike_G","Strike_G","Survivor","Neutralize+1","Escape Plan+1","Flying Knee","Masterful Stab+1","Crippling Poison+1","Dagger Throw","After Image+1","Distraction+1","Footwork+1","Finesse","Endless Agony","Slice","Noxious Fumes+1","Poisoned Stab+1","Bane+1","Corpse Explosion+1","Deadly Poison","Deadly Poison+1","Backstab+1","Neutralize","Doppelganger+1","Venomology","Apotheosis+1","Discovery+1","PiercingWail+1","Madness","Madness","Acrobatics","Concentrate","Venomology"],"special_seed":0,"relics":["Ring of the Snake","Mercury Hourglass","Anchor","Lantern","The Courier","Runic Pyramid","Lee\u0027s Waffle","Paper Crane","Happy Flower","Tiny House","The Specimen","Question Card","Letter Opener"],"potions_floor_usage":[35,44,45,48,50,50,50,55],"damage_taken":[{"damage":3.0,"enemies":"2 Louse","floor":1.0,"turns":4.0},{"damage":2.0,"enemies":"Jaw Worm","floor":5.0,"turns":4.0},{"damage":0.0,"enemies":"Small Slimes","floor":10.0,"turns":2.0},{"damage":5.0,"enemies":"Exordium Thugs","floor":12.0,"turns":4.0},{"damage":20.0,"enemies":"3 Sentries","floor":13.0,"turns":6.0},{"damage":0.0,"enemies":"2 Fungi Beasts","floor":14.0,"turns":3.0},{"damage":32.0,"enemies":"The Guardian","floor":16.0,"turns":15.0},{"damage":20,"enemies":"Spheric Guardian","floor":18,"turns":6},{"damage":9,"enemies":"2 Thieves","floor":20,"turns":4},{"damage":9,"enemies":"Centurion and Healer","floor":21,"turns":7},{"damage":7,"enemies":"Shelled Parasite and Fungi","floor":24,"turns":6},{"damage":5,"enemies":"Sentry and Sphere","floor":29,"turns":5},{"damage":3,"enemies":"Cultist and Chosen","floor":31,"turns":6},{"damage":32,"enemies":"Champ","floor":33,"turns":13},{"damage":29,"enemies":"3 Darklings","floor":35,"turns":4},{"damage":0,"enemies":"3 Shapes","floor":36,"turns":5},{"damage":0,"enemies":"Sphere and 2 Shapes","floor":38,"turns":3},{"damage":2,"enemies":"Mind Bloom Boss Battle","floor":39,"turns":8},{"damage":11,"enemies":"Giant Head","floor":44,"turns":9},{"damage":0,"enemies":"3 Darklings","floor":45,"turns":4},{"damage":0,"enemies":"Maw","floor":48,"turns":7},{"damage":49,"enemies":"Time Eater","floor":50,"turns":14},{"damage":49,"enemies":"Shield and Spear","floor":54,"turns":10},{"damage":54,"enemies":"The Heart","floor":55,"turns":3}],"seed_played":"-542616053706814750","potions_obtained":[{"floor":1.0,"key":"FearPotion"},{"floor":12.0,"key":"FearPotion"},{"floor":13.0,"key":"Block Potion"},{"floor":18,"key":"Explosive Potion"},{"floor":20,"key":"Explosive Potion"},{"floor":24,"key":"Dexterity Potion"},{"floor":35,"key":"PowerPotion"}],"is_trial":false,"path_per_floor":["M","?","?","$","M","R","?","R","T","M","R","M","E","M","R","B",null,"M","?","M","M","$","R","M","R","T","R","$","M","?","M","R","B",null,"M","M","?","M","?","R","$","R","T","E","M","R","?","M","R","B",null,"R","$","E","B"],"character_chosen":"THE_SILENT","items_purchased":["Mercury Hourglass","Flying Knee","Finesse","Lee\u0027s Waffle","Endless Agony","Slice","Happy Flower","Apotheosis","Discovery","Acrobatics","Concentrate"],"campfire_rested":2,"item_purchase_floors":[4,4,22,22,22,22,28,41,41,53,53],"current_hp_per_floor":[60,60,60,60,58,58,58,58,58,58,58,53,33,33,33,1,53,33,33,24,15,77,77,70,70,70,70,70,65,51,48,48,16,71,42,42,42,42,40,40,40,40,40,29,29,55,44,44,70,21,71,71,71,22,0],"gold":61,"neow_bonus":"TWO_FIFTY_GOLD","is_prod":false,"is_daily":false,"chose_seed":false,"campfire_upgraded":10,"win_rate":0,"timestamp":1546986223,"path_taken":["M","?","?","$","M","R","?","R","T","M","R","M","E","M","R","BOSS","M","?","M","M","$","R","M","R","T","R","?","M","?","M","R","BOSS","M","M","?","?","?","R","$","R","T","E","M","R","?","M","R","BOSS","R","$","E","BOSS"],"build_version":"2019-01-03v4","purchased_purges":2,"victory":false,"max_hp_per_floor":[70,70,70,70,70,70,70,70,70,70,70,70,70,70,70,70,70,70,70,70,70,77,77,77,77,77,77,77,77,82,82,82,82,87,87,87,87,87,87,87,87,87,87,87,87,87,87,87,87,87,87,87,87,87,87],"card_choices":[{"not_picked":["Expertise","Tactician"],"picked":"Escape Plan","floor":1.0},{"not_picked":["Prepared","Choke"],"picked":"Masterful Stab","floor":5.0},{"not_picked":["Predator","Catalyst","Underhanded Strike"],"picked":"SKIP","floor":10.0},{"not_picked":["Deflect","Leg Sweep"],"picked":"Crippling Poison","floor":12.0},{"not_picked":["Quick Slash","Doppelganger"],"picked":"Well Laid Plans","floor":13.0},{"not_picked":["Finisher","Bane"],"picked":"Dagger Throw","floor":14.0},{"not_picked":["Phantasmal Killer","Corpse Explosion"],"picked":"After Image","floor":16.0},{"not_picked":["Dagger Throw","Outmaneuver","Skewer"],"picked":"SKIP","floor":18},{"not_picked":["Deflect","Poisoned Stab"],"picked":"Distraction","floor":20},{"not_picked":["Riddle With Holes","Sucker Punch"],"picked":"Footwork","floor":21},{"not_picked":["Outmaneuver","Prepared+1"],"picked":"Noxious Fumes+1","floor":24},{"not_picked":["Cloak And Dagger","Setup"],"picked":"Poisoned Stab","floor":29},{"not_picked":["Flying Knee","Underhanded Strike"],"picked":"Bane+1","floor":31},{"not_picked":["Night Terror","Doppelganger"],"picked":"Corpse Explosion","floor":33},{"not_picked":["Choke","Deflect+1"],"picked":"Deadly Poison","floor":34},{"not_picked":["Bane","Tactician"],"picked":"Deadly Poison+1","floor":35},{"not_picked":["PiercingWail","Sucker Punch"],"picked":"Backstab+1","floor":36},{"not_picked":["Skewer+1","Dagger Spray","Quick Slash"],"picked":"SKIP","floor":38},{"not_picked":["Bane","Prepared+1"],"picked":"Venomology","floor":39},{"not_picked":["Distraction","Calculated Gamble+1"],"picked":"PiercingWail+1","floor":44},{"not_picked":["Deadly Poison","Prepared+1","Blade Dance","Acrobatics+1"],"picked":"SKIP","floor":45},{"not_picked":["Escape Plan+1","Acrobatics","Slice+1","Cloak And Dagger+1"],"picked":"SKIP","floor":48},{"not_picked":["Predator","Backstab","Backflip"],"picked":"Venomology","floor":54}],"player_experience":542060,"relics_obtained":[{"floor":9.0,"key":"Lantern"},{"floor":13.0,"key":"The Courier"},{"floor":26,"key":"Paper Crane"},{"floor":39,"key":"The Specimen"},{"floor":44,"key":"Question Card"},{"floor":54,"key":"Letter Opener"}],"event_choices":[{"cards_removed":["Writhe"],"damage_healed":0.0,"max_hp_gain":0.0,"max_hp_loss":0.0,"gold_gain":0.0,"event_name":"The Cleric","player_choice":"Card Removal","floor":2.0,"gold_loss":50.0,"damage_taken":0.0},{"damage_healed":0.0,"max_hp_gain":0.0,"max_hp_loss":0.0,"gold_gain":0.0,"event_name":"Living Wall","player_choice":"Grow","floor":3.0,"gold_loss":0.0,"damage_taken":0.0,"cards_upgraded":["Neutralize"]},{"damage_healed":0.0,"max_hp_gain":0.0,"max_hp_loss":0.0,"gold_gain":0.0,"event_name":"Dead Adventurer","player_choice":"Searched \u00271\u0027 times","floor":7.0,"gold_loss":0.0,"damage_taken":0.0,"relics_obtained":["Anchor"]},{"damage_healed":0,"gold_gain":275,"player_choice":"Desecrate","damage_taken":0,"max_hp_gain":0,"max_hp_loss":0,"event_name":"Golden Shrine","floor":19,"gold_loss":0,"cards_obtained":["Regret"]},{"damage_healed":0,"gold_gain":0,"player_choice":"Shed Blood","damage_taken":19,"max_hp_gain":5,"max_hp_loss":0,"event_name":"Forgotten Altar","floor":30,"gold_loss":0},{"damage_healed":0,"gold_gain":0,"player_choice":"2 cards matched","damage_taken":0,"max_hp_gain":0,"max_hp_loss":0,"event_name":"Match and Keep!","floor":37,"gold_loss":0,"cards_obtained":["Neutralize","Doppelganger"]},{"damage_healed":0,"gold_gain":0,"player_choice":"Fight","damage_taken":0,"max_hp_gain":0,"max_hp_loss":0,"event_name":"MindBloom","floor":39,"gold_loss":0},{"damage_healed":0,"gold_gain":0,"player_choice":"Embrace Madness","damage_taken":11,"max_hp_gain":0,"max_hp_loss":0,"event_name":"Winding Halls","floor":47,"gold_loss":0,"cards_obtained":["Madness","Madness"]}],"is_beta":false,"boss_relics":[{"not_picked":["Velvet Choker","Runic Dome"],"picked":"Runic Pyramid"},{"not_picked":["WristBlade","Astrolabe"],"picked":"Tiny House"}],"items_purged_floors":[22,41],"is_endless":false,"potions_floor_spawned":[1,12,13,18,20,24,35,45],"killed_by":"The Heart","ascension_level":13}