{"gold_per_floor":[113,188,207,222,234,234,261,261,286,297,321,55,89,115,115,217,217,232,232,332,332,351,351,351,384,384,384,197,208,224,249,249,352,352,364,364,314,197,197,197,209,224,251,251,251,281,28,58,58,58],"floor_reached":51,"playtime":3052,"items_purged":["Strike_R","Strike_R","Strike_R","Strike_R","Strike_R"],"score":1297,"play_id":"af62412b-63de-46d5-9127-46579d18203b","local_time":"20190315141602","is_ascension_mode":true,"campfire_choices":[{"data":"Flame Barrier","floor":6,"key":"SMITH"},{"floor":8,"key":"REST"},{"data":"Body Slam","floor":15,"key":"SMITH"},{"floor":23,"key":"DIG"},{"floor":27,"key":"REST"},{"data":"Body Slam","floor":32,"key":"SMITH"},{"floor":40,"key":"DIG"},{"floor":44,"key":"DIG"},{"floor":49,"key":"REST"}],"neow_cost":"NONE","seed_source_timestamp":137917240571954,"circlet_count":0,"master_deck":["AscendersBane","Defend_R","Defend_R","Defend_R","Defend_R","Bash","Shrug It Off","Flame Barrier+1","Pommel Strike","Carnage","Headbutt+1","Shrug It Off","Body Slam+1","Metallicize","Iron Wave","Impervious","Body Slam+1","Shrug It Off","Corruption","Body Slam+1","True Grit","Disarm+1","Seeing Red","Armaments+1","Immolate","Spot Weakness+1","Dark Shackles","Intimidate","Body Slam+1","Ghostly Armor","Shrug It Off"],"relics":["Burning Blood","Juzu Bracelet","Lantern","Oddly Smooth Stone","Regal Pillow","Art of War","Odd Mushroom","Black Star","Shovel","Mercury Hourglass","Ancient Tea Set","The Courier","Smiling Mask","Anchor","Vajra","Potion Belt","Ornamental Fan","Sozu","Strawberry","Whetstone","Boot","Pen Nib","Mango","Frozen Eye","Bag of Preparation","Shuriken"],"potions_floor_usage":[7,10,13,16,20,25,31,33],"damage_taken":[{"damage":2,"enemies":"Small Slimes","floor":1,"turns":4},{"damage":8,"enemies":"Jaw Worm","floor":3,"turns":6},{"damage":8,"enemies":"2 Louse","floor":4,"turns":3},{"damage":8,"enemies":"Red Slaver","floor":5,"turns":4},{"damage":31,"enemies":"3 Sentries","floor":7,"turns":10},{"damage":0,"enemies":"Looter","floor":10,"turns":2},{"damage":23,"enemies":"Lagavulin","floor":13,"turns":3},{"damage":3,"enemies":"The Mushroom Lair","floor":14,"turns":5},{"damage":37,"enemies":"Hexaghost","floor":16,"turns":11},{"damage":9,"enemies":"Chosen","floor":18,"turns":6},{"damage":17,"enemies":"Colosseum Slavers","floor":20,"turns":7},{"damage":33,"enemies":"Colosseum Nobs","floor":20,"turns":7},{"damage":14,"enemies":"Shell Parasite","floor":22,"turns":5},{"damage":28,"enemies":"Book of Stabbing","floor":25,"turns":5},{"damage":0,"enemies":"Cultist and Chosen","floor":29,"turns":5},{"damage":3,"enemies":"Snake Plant","floor":30,"turns":3},{"damage":0,"enemies":"Slavers","floor":31,"turns":4},{"damage":76,"enemies":"Collector","floor":33,"turns":19},{"damage":0,"enemies":"Orb Walker","floor":35,"turns":3},{"damage":0,"enemies":"3 Shapes","floor":41,"turns":4},{"damage":0,"enemies":"Jaw Worm Horde","floor":42,"turns":3},{"damage":4,"enemies":"Nemesis","floor":46,"turns":8},{"damage":35,"enemies":"Giant Head","floor":48,"turns":8},{"damage":35,"enemies":"Awakened One","floor":50,"turns":17}],"seed_played":"5156843976219399800","potions_obtained":[{"floor":1,"key":"SkillPotion"},{"floor":4,"key":"Energy Potion"},{"floor":7,"key":"Dexterity Potion"},{"floor":10,"key":"AttackPotion"},{"floor":13,"key":"Regen Potion"},{"floor":18,"key":"LiquidBronze"},{"floor":20,"key":"Energy Potion"},{"floor":29,"key":"SteroidPotion"},{"floor":30,"key":"AttackPotion"}],"is_trial":false,"path_per_floor":["M","?","M","M","M","R","E","R","T","M","T","$","E","?","R","B",null,"M","?","?","?","M","R","?","E","T","R","$","M","M","E","R","B",null,"M","?","$","$","?","R","M","M","T","R","?","E","$","E","R","B",null],"character_chosen":"IRONCLAD","items_purchased":["Body Slam","Regal Pillow","True Grit","Vajra","Dark Shackles","Frozen Eye","Shrug It Off"],"campfire_rested":3,"item_purchase_floors":[12,12,28,28,38,47,47],"current_hp_per_floor":[76,65,63,61,59,59,34,58,58,64,64,64,47,50,50,34,69,66,90,52,82,74,74,56,34,34,77,77,83,86,92,92,22,77,83,83,83,83,83,90,96,102,102,102,102,116,116,87,116,87],"gold":58,"neow_bonus":"ONE_RANDOM_RARE_CARD","is_prod":false,"is_daily":false,"chose_seed":false,"campfire_upgraded":3,"win_rate":0,"timestamp":1552673762,"path_taken":["M","?","M","M","M","R","E","R","T","M","?","?","E","?","R","BOSS","M","?","?","?","M","R","?","E","T","R","?","M","M","E","R","BOSS","M","?","?","$","?","R","M","M","T","R","?","E","$","E","R","BOSS"],"build_version":"2019-01-23","purchased_purges":5,"victory":true,"max_hp_per_floor":[80,80,80,80,80,80,80,80,80,80,80,80,80,80,80,80,80,80,90,90,90,90,90,95,95,95,95,95,95,95,95,95,95,95,95,95,95,95,95,102,102,102,102,102,102,116,116,116,116,116],"card_choices":[{"not_picked":["Fire Breathing","Cleave"],"picked":"Shrug It Off","floor":1},{"not_picked":["Body Slam","Pummel"],"picked":"Flame Barrier","floor":3},{"not_picked":["Warcry","Clash"],"picked":"Pommel Strike","floor":4},{"not_picked":["Twin Strike","Anger"],"picked":"Carnage","floor":5},{"not_picked":["Warcry","Rage"],"picked":"Headbutt","floor":7},{"not_picked":["Berserk","Reckless Charge"],"picked":"Shrug It Off","floor":10},{"not_picked":["Iron Wave","Pommel Strike"],"picked":"Metallicize","floor":13},{"not_picked":["Flex","Dual Wield"],"picked":"Iron Wave","floor":14},{"not_picked":["Limit Break","Offering"],"picked":"Impervious","floor":16},{"not_picked":["Shrug It Off+1","Combust+1"],"picked":"Body Slam+1","floor":18},{"not_picked":["Hemokinesis","Dropkick"],"picked":"Shrug It Off","floor":20},{"not_picked":["Blood for Blood","Iron Wave"],"picked":"Corruption","floor":22},{"not_picked":["Perfected Strike","Iron Wave"],"picked":"Body Slam","floor":25},{"not_picked":["Sever Soul+1","Heavy Blade"],"picked":"Disarm+1","floor":29},{"not_picked":["Cleave","Power Through"],"picked":"Seeing Red","floor":30},{"not_picked":["Flex","Havoc"],"picked":"Armaments+1","floor":31},{"not_picked":["Brutality","Offering"],"picked":"Immolate","floor":33},{"not_picked":["Perfected Strike+1","Clash"],"picked":"Spot Weakness+1","floor":35},{"not_picked":["Warcry","Burning Pact+1"],"picked":"Intimidate","floor":41},{"not_picked":["Thunderclap+1","Dropkick+1"],"picked":"Body Slam","floor":42},{"not_picked":["Inflame","Rampage+1"],"picked":"Ghostly Armor","floor":46},{"not_picked":["Thunderclap","Clash+1","Pommel Strike+1"],"picked":"SKIP","floor":48}],"player_experience":299334,"relics_obtained":[{"floor":7,"key":"Juzu Bracelet"},{"floor":9,"key":"Lantern"},{"floor":11,"key":"Oddly Smooth Stone"},{"floor":13,"key":"Art of War"},{"floor":14,"key":"Odd Mushroom"},{"floor":20,"key":"Shovel"},{"floor":20,"key":"Mercury Hourglass"},{"floor":23,"key":"Ancient Tea Set"},{"floor":25,"key":"The Courier"},{"floor":25,"key":"Smiling Mask"},{"floor":26,"key":"Anchor"},{"floor":31,"key":"Potion Belt"},{"floor":31,"key":"Ornamental Fan"},{"floor":40,"key":"Strawberry"},{"floor":43,"key":"Whetstone"},{"floor":44,"key":"Boot"},{"floor":46,"key":"Pen Nib"},{"floor":46,"key":"Mango"},{"floor":48,"key":"Bag of Preparation"},{"floor":48,"key":"Shuriken"}],"event_choices":[{"damage_healed":0,"gold_gain":75,"player_choice":"Gather Gold","damage_taken":11,"max_hp_gain":0,"max_hp_loss":0,"event_name":"World of Goop","floor":2,"gold_loss":0},{"damage_healed":0,"gold_gain":0,"player_choice":"Fought Mushrooms","damage_taken":0,"max_hp_gain":0,"max_hp_loss":0,"event_name":"Mushrooms","floor":14,"gold_loss":0},{"cards_removed":["Limit Break"],"damage_healed":14,"gold_gain":0,"player_choice":"Offered Rare","damage_taken":0,"max_hp_gain":10,"max_hp_loss":0,"event_name":"Bonfire Elementals","floor":19,"gold_loss":0},{"damage_healed":0,"gold_gain":0,"player_choice":"Fight","damage_taken":0,"max_hp_gain":0,"max_hp_loss":0,"event_name":"Colosseum","floor":20,"gold_loss":0},{"damage_healed":0,"gold_gain":0,"player_choice":"Fought Nobs","damage_taken":0,"max_hp_gain":0,"max_hp_loss":0,"event_name":"Colosseum","floor":20,"gold_loss":0},{"damage_healed":30,"gold_gain":0,"player_choice":"Heal","damage_taken":0,"max_hp_gain":0,"max_hp_loss":0,"event_name":"The Library","floor":21,"gold_loss":0},{"damage_healed":0,"gold_gain":0,"player_choice":"Shed Blood","damage_taken":23,"max_hp_gain":5,"max_hp_loss":0,"event_name":"Forgotten Altar","floor":24,"gold_loss":0},{"damage_healed":0,"gold_gain":0,"player_choice":"Ignored","damage_taken":0,"max_hp_gain":0,"max_hp_loss":0,"event_name":"Tomb of Lord Red Mask","floor":36,"gold_loss":0},{"damage_healed":0,"gold_gain":0,"player_choice":"Memory 1","damage_taken":0,"max_hp_gain":0,"max_hp_loss":0,"event_name":"SensoryStone","floor":39,"gold_loss":0},{"damage_healed":0,"gold_gain":0,"player_choice":"0 cards matched","damage_taken":0,"max_hp_gain":0,"max_hp_loss":0,"event_name":"Match and Keep!","floor":45,"gold_loss":0,"cards_obtained":[]}],"is_beta":false,"boss_relics":[{"not_picked":["Lizard Tail","Runic Cube"],"picked":"Black Star"},{"not_picked":["Black Blood","Pandora\u0027s Box"],"picked":"Sozu"}],"items_purged_floors":[12,28,37,38,47],"is_endless":false,"potions_floor_spawned":[1,4,7,10,13,18,20,29,30,41,46,48],"ascension_level":11}