{"gold_per_floor":[111,286,306,306,381,381,395,395,463,476,258,291,309,309,309,404,404,422,442,459,470,470],"floor_reached":22,"playtime":1211,"items_purged":["Doubt"],"score":188,"play_id":"3e06ea43-a689-4af7-b758-1821806eccaf","local_time":"20190327201055","is_ascension_mode":false,"campfire_choices":[{"floor":6,"key":"REST"},{"data":"Zap","floor":8,"key":"SMITH"},{"floor":15,"key":"REST"}],"neow_cost":"NONE","seed_source_timestamp":36432960373014,"circlet_count":0,"master_deck":["Strike_B","Strike_B","Strike_B","Strike_B","Defend_B","Defend_B","Defend_B","Defend_B","Zap+1","Dualcast+1","Finesse","Ball Lightning+1","Conserve Battery","Rebound","Capacitor+1","Core Surge+1","White Noise+1","Turbo+1","Multi-Cast+1","Ball Lightning+1","Chill+1","Cold Snap+1","Redo+1"],"relics":["Cracked Core","Molten Egg 2","Toxic Egg 2"],"potions_floor_usage":[20,22],"damage_taken":[{"damage":4,"enemies":"Jaw Worm","floor":1,"turns":3},{"damage":7,"enemies":"2 Louse","floor":3,"turns":2},{"damage":0,"enemies":"Small Slimes","floor":7,"turns":2},{"damage":0,"enemies":"Exordium Wildlife","floor":10,"turns":2},{"damage":29,"enemies":"Lagavulin","floor":12,"turns":5},{"damage":0,"enemies":"Large Slime","floor":13,"turns":3},{"damage":34,"enemies":"Hexaghost","floor":16,"turns":9},{"damage":0,"enemies":"Spheric Guardian","floor":18,"turns":1},{"damage":20,"enemies":"Shell Parasite","floor":19,"turns":5},{"damage":6,"enemies":"Snecko","floor":20,"turns":5},{"damage":37,"enemies":"3 Cultists","floor":21,"turns":7},{"damage":18,"enemies":"Snake Plant","floor":22,"turns":2}],"seed_played":"-7732029068608714507","potions_obtained":[{"floor":1,"key":"Energy Potion"},{"floor":13,"key":"Explosive Potion"},{"floor":16,"key":"PowerPotion"},{"floor":21,"key":"Ancient Potion"}],"is_trial":false,"path_per_floor":["M","?","M","?","?","R","M","R","T","M","$","E","M","?","R","B",null,"M","M","M","M","M"],"character_chosen":"DEFECT","items_purchased":["Core Surge+1"],"campfire_rested":2,"item_purchase_floors":[11],"current_hp_per_floor":[71,71,64,49,38,60,60,60,60,60,60,31,31,31,53,19,75,75,55,49,12,0],"gold":470,"neow_bonus":"RANDOM_COLORLESS","is_prod":false,"is_daily":false,"chose_seed":false,"campfire_upgraded":1,"win_rate":0,"timestamp":1553713855,"path_taken":["M","?","M","?","?","R","M","R","T","M","$","E","?","?","R","BOSS","M","M","?","M","?"],"build_version":"2019-01-23","purchased_purges":1,"victory":false,"max_hp_per_floor":[75,75,75,75,75,75,75,75,75,75,75,75,75,75,75,75,75,75,75,75,75,75],"card_choices":[{"not_picked":["Beam Cell","Leap"],"picked":"Ball Lightning","floor":1},{"not_picked":["Auto Shields","Streamline"],"picked":"Conserve Battery","floor":3},{"not_picked":["Go for the Eyes","Rip and Tear"],"picked":"Rebound","floor":7},{"not_picked":["Conserve Battery","Stack"],"picked":"Capacitor","floor":10},{"not_picked":["Compile Driver+1","Steam Power"],"picked":"White Noise","floor":12},{"not_picked":["Beam Cell+1","Skim+1"],"picked":"Turbo+1","floor":13},{"not_picked":["Seek+1","Meteor Strike+1"],"picked":"Multi-Cast+1","floor":16},{"not_picked":["Gash+1","Rip and Tear+1"],"picked":"Ball Lightning+1","floor":18},{"not_picked":["Force Field+1","Gash+1"],"picked":"Chill+1","floor":19},{"not_picked":["Beam Cell+1","Rebound+1"],"picked":"Cold Snap+1","floor":20},{"not_picked":["Turbo+1","Hologram+1"],"picked":"Redo+1","floor":21}],"player_experience":97134,"relics_obtained":[{"floor":9,"key":"Molten Egg 2"},{"floor":12,"key":"Toxic Egg 2"}],"event_choices":[{"damage_healed":0,"gold_gain":175,"player_choice":"AGREE","damage_taken":0,"max_hp_gain":0,"max_hp_loss":0,"event_name":"Liars Game","floor":2,"gold_loss":0,"cards_obtained":["Doubt"]},{"damage_healed":0,"gold_gain":0,"player_choice":"Entered Light","damage_taken":15,"max_hp_gain":0,"max_hp_loss":0,"event_name":"Shining Light","floor":4,"gold_loss":0,"cards_upgraded":["Dualcast","Ball Lightning"]},{"damage_healed":0,"gold_gain":75,"player_choice":"Gather Gold","damage_taken":11,"max_hp_gain":0,"max_hp_loss":0,"event_name":"World of Goop","floor":5,"gold_loss":0},{"damage_healed":0,"gold_gain":0,"player_choice":"Upgraded","damage_taken":0,"max_hp_gain":0,"max_hp_loss":0,"event_name":"Upgrade Shrine","floor":14,"gold_loss":0,"cards_upgraded":["Capacitor"]}],"is_beta":false,"boss_relics":[{"not_picked":["Coffee Dripper","FrozenCore","Snecko Eye"]}],"items_purged_floors":[11],"is_endless":false,"potions_floor_spawned":[1,13,16,21],"killed_by":"Snake Plant","ascension_level":0}