{"gold_per_floor":[113,113,126,142,104,104,134,150,174,174,209,209,134,154,154,251,251,263,109,128,148,167,167,179,198,249,249,277,277,304,304,304,408,408,423,423,438,455,555,555,586,586,634,302,316,348,348,359,359,359],"floor_reached":51,"playtime":5402,"items_purged":["Strike_R","Strike_R","Flex"],"score":757,"play_id":"33a8ad7a-9251-4095-a6bb-088d901bf7be","local_time":"20181225191047","is_ascension_mode":false,"campfire_choices":[{"data":"Armaments","floor":6,"key":"SMITH"},{"data":"Shrug It Off","floor":10,"key":"SMITH"},{"data":"Iron Wave","floor":12,"key":"SMITH"},{"data":"Body Slam","floor":15,"key":"SMITH"},{"data":"Flame Barrier","floor":23,"key":"SMITH"},{"data":"Combust","floor":27,"key":"SMITH"},{"data":"Bash","floor":29,"key":"SMITH"},{"data":"Carnage","floor":32,"key":"SMITH"},{"data":"Juggernaut","floor":40,"key":"SMITH"},{"data":"Uppercut","floor":49,"key":"SMITH"}],"neow_cost":"","seed_source_timestamp":352904844333254,"circlet_count":0,"master_deck":["Strike_R","Strike_R+1","Defend_R","Defend_R","Defend_R","Bash+1","Iron Wave+1","Armaments+1","Flame Barrier+1","Pommel Strike","Shrug It Off+1","Body Slam+1","Barricade","Second Wind+1","Clothesline+1","Iron Wave+1","Body Slam","Combust+1","Pommel Strike+1","Entrench+1","Dark Embrace","Carnage+1","Juggernaut+1","Uppercut+1","True Grit+1","Second Wind+1","Thunderclap+1","Carnage+1","Iron Wave","Clothesline+1","Carnage+1","Blood for Blood+1"],"relics":["Burning Blood","Vajra","Pen Nib","Oddly Smooth Stone","Snecko Eye","Whetstone","Self Forming Clay","Bag of Marbles","MutagenicStrength","Sozu","Mango","Molten Egg 2","Anchor","Bronze Scales","Gambling Chip"],"potions_floor_usage":[7,7,16,16,28,30],"damage_taken":[{"damage":6,"enemies":"2 Louse","floor":1,"turns":3},{"damage":9,"enemies":"Cultist","floor":3,"turns":4},{"damage":5,"enemies":"Small Slimes","floor":4,"turns":4},{"damage":13,"enemies":"Lagavulin","floor":7,"turns":9},{"damage":2,"enemies":"Red Slaver","floor":8,"turns":4},{"damage":13,"enemies":"3 Sentries","floor":11,"turns":10},{"damage":6,"enemies":"Blue Slaver","floor":14,"turns":3},{"damage":21,"enemies":"The Guardian","floor":16,"turns":10},{"damage":32,"enemies":"2 Thieves","floor":18,"turns":5},{"damage":0,"enemies":"3 Byrds","floor":20,"turns":4},{"damage":14,"enemies":"Snake Plant","floor":21,"turns":4},{"damage":0,"enemies":"Chosen and Byrds","floor":22,"turns":7},{"damage":0,"enemies":"Centurion and Healer","floor":24,"turns":5},{"damage":3,"enemies":"Sentry and Sphere","floor":25,"turns":4},{"damage":4,"enemies":"Gremlin Leader","floor":28,"turns":6},{"damage":15,"enemies":"Book of Stabbing","floor":30,"turns":5},{"damage":10,"enemies":"Champ","floor":33,"turns":6},{"damage":0,"enemies":"3 Shapes","floor":35,"turns":3},{"damage":8,"enemies":"Orb Walker","floor":37,"turns":3},{"damage":13,"enemies":"Maw","floor":38,"turns":6},{"damage":4,"enemies":"Mind Bloom Boss Battle","floor":39,"turns":4},{"damage":12,"enemies":"Reptomancer","floor":41,"turns":5},{"damage":0,"enemies":"Spire Growth","floor":45,"turns":3},{"damage":0,"enemies":"Giant Head","floor":46,"turns":5},{"damage":0,"enemies":"3 Darklings","floor":48,"turns":2},{"damage":25,"enemies":"Awakened One","floor":50,"turns":8}],"seed_played":"993137653960252901","potions_obtained":[{"floor":1,"key":"LiquidBronze"},{"floor":3,"key":"FearPotion"},{"floor":8,"key":"Fire Potion"},{"floor":11,"key":"GamblersBrew"},{"floor":16,"key":"Ancient Potion"},{"floor":22,"key":"Explosive Potion"},{"floor":24,"key":"SteroidPotion"},{"floor":28,"key":"PowerPotion"},{"floor":33,"key":"Poison Potion"}],"is_trial":false,"path_per_floor":["M","?","M","M","$","R","E","M","T","R","E","R","$","M","R","B",null,"M","$","M","M","M","R","M","M","T","R","E","R","E","?","R","B",null,"M","?","M","M","?","R","E","?","T","$","M","E","?","M","R","B",null],"character_chosen":"IRONCLAD","items_purchased":["Flame Barrier","Clothesline","Bronze Scales","Clothesline+1"],"campfire_rested":0,"item_purchase_floors":[5,19,44,44],"current_hp_per_floor":[80,72,69,70,70,70,63,67,67,67,60,60,60,60,60,45,80,54,54,60,52,58,58,64,67,67,67,69,69,60,60,60,56,80,80,80,78,71,87,87,81,81,81,81,87,93,93,94,94,75],"gold":359,"neow_bonus":"","is_prod":false,"is_daily":false,"chose_seed":false,"campfire_upgraded":10,"win_rate":0.0,"timestamp":1545793847,"path_taken":["M","?","M","M","$","R","E","M","T","R","E","R","?","M","R","BOSS","M","$","M","M","M","R","M","M","T","R","E","R","E","?","R","BOSS","M","?","?","M","?","R","E","?","T","$","?","E","?","M","R","BOSS"],"build_version":"2018-12-20","purchased_purges":3,"victory":true,"max_hp_per_floor":[80,80,80,80,80,80,80,80,80,80,80,80,80,80,80,80,80,80,80,80,80,80,80,80,80,80,80,80,80,80,80,80,80,80,80,80,80,80,94,94,94,94,94,94,94,94,94,94,94,94],"card_choices":[{"not_picked":["Sever Soul","Flex"],"picked":"Iron Wave","floor":1},{"not_picked":["Anger","Clothesline"],"picked":"Armaments","floor":3},{"not_picked":["True Grit","Headbutt"],"picked":"Flex","floor":4},{"not_picked":["Carnage","Battle Trance"],"picked":"Pommel Strike","floor":7},{"not_picked":["Iron Wave","Dropkick"],"picked":"Shrug It Off","floor":8},{"not_picked":["True Grit","Hemokinesis","Searing Blow"],"picked":"SKIP","floor":11},{"not_picked":["Seeing Red","Thunderclap"],"picked":"Body Slam","floor":14},{"not_picked":["Offering","Reaper"],"picked":"Barricade","floor":16},{"not_picked":["Inflame","Infernal Blade"],"picked":"Second Wind+1","floor":18},{"not_picked":["Power Through","Thunderclap"],"picked":"Iron Wave+1","floor":20},{"not_picked":["Warcry+1","Power Through"],"picked":"Body Slam","floor":21},{"not_picked":["Headbutt","Whirlwind"],"picked":"Combust","floor":22},{"not_picked":["Body Slam","Reckless Charge"],"picked":"Pommel Strike+1","floor":24},{"not_picked":["Battle Trance+1","Shrug It Off"],"picked":"Entrench+1","floor":25},{"not_picked":["Combust","True Grit+1"],"picked":"Dark Embrace","floor":28},{"not_picked":["Clothesline","Anger+1"],"picked":"Carnage","floor":30},{"not_picked":["Barricade","Berserk"],"picked":"Juggernaut","floor":33},{"not_picked":["Ghostly Armor+1","Rampage"],"picked":"Uppercut","floor":35},{"not_picked":["Perfected Strike","Twin Strike"],"picked":"True Grit+1","floor":37},{"not_picked":["Body Slam","Perfected Strike"],"picked":"Second Wind+1","floor":38},{"not_picked":["Flex","Fire Breathing+1"],"picked":"Thunderclap+1","floor":39},{"not_picked":["Shrug It Off+1","True Grit+1"],"picked":"Carnage+1","floor":41},{"not_picked":["Flex+1","Fire Breathing+1"],"picked":"Carnage+1","floor":45},{"not_picked":["Sword Boomerang+1","Shrug It Off","Thunderclap+1"],"picked":"SKIP","floor":46},{"not_picked":["Rupture+1","Shrug It Off"],"picked":"Blood for Blood+1","floor":48}],"player_experience":0,"relics_obtained":[{"floor":7,"key":"Vajra"},{"floor":9,"key":"Pen Nib"},{"floor":11,"key":"Oddly Smooth Stone"},{"floor":26,"key":"Whetstone"},{"floor":28,"key":"Self Forming Clay"},{"floor":30,"key":"Bag of Marbles"},{"floor":39,"key":"Mango"},{"floor":41,"key":"Molten Egg 2"},{"floor":43,"key":"Anchor"},{"floor":46,"key":"Gambling Chip"}],"event_choices":[{"damage_healed":0,"gold_gain":0,"player_choice":"Damaged","damage_taken":8,"max_hp_gain":0,"max_hp_loss":0,"event_name":"Wheel of Change","floor":2,"gold_loss":0},{"damage_healed":0,"gold_gain":0,"player_choice":"Inject Mutagens","damage_taken":0,"relics_obtained":["MutagenicStrength"],"max_hp_gain":0,"max_hp_loss":0,"event_name":"Drug Dealer","floor":31,"gold_loss":0},{"damage_healed":0,"gold_gain":0,"player_choice":"Ignored","damage_taken":0,"max_hp_gain":0,"max_hp_loss":0,"event_name":"SecretPortal","floor":36,"gold_loss":0},{"damage_healed":0,"gold_gain":0,"player_choice":"Fight","damage_taken":0,"max_hp_gain":0,"max_hp_loss":0,"event_name":"MindBloom","floor":39,"gold_loss":0},{"cards_removed":["Strike_R"],"damage_healed":0,"gold_gain":0,"player_choice":"Took Card","damage_taken":0,"max_hp_gain":0,"max_hp_loss":0,"event_name":"NoteForYourself","floor":42,"gold_loss":0,"cards_obtained":["Iron Wave"]},{"cards_removed":["Defend_R"],"damage_healed":0,"gold_gain":0,"player_choice":"Removed Skill","damage_taken":0,"max_hp_gain":0,"max_hp_loss":0,"event_name":"Falling","floor":47,"gold_loss":0}],"is_beta":false,"boss_relics":[{"not_picked":["Runic Cube","Ectoplasm"],"picked":"Snecko Eye"},{"not_picked":["Runic Dome","Velvet Choker"],"picked":"Sozu"}],"items_purged_floors":[13,19,44],"is_endless":false,"potions_floor_spawned":[1,3,8,11,16,22,24,25,28,33,35,45,46,48],"ascension_level":0}