{"gold_per_floor":[109,121,196,196,214,214,214,214,238,253,273,72,72,129,129,224,224,234,249,249,260,260,260,12,12,12,26,38,38,53,67,67,168,168,178,198,210,210,210,210,230,230,230,230,230,59,74,91,91,91],"floor_reached":51,"playtime":4180,"items_purged":["Defend_B","Sweeping Beam"],"score":920,"play_id":"b3614e0c-fdd3-44e9-a437-a426291f9292","local_time":"20180726123052","is_ascension_mode":true,"campfire_choices":[{"data":"Zap","floor":6,"key":"SMITH"},{"data":"White Noise","floor":8,"key":"SMITH"},{"data":"Regret","floor":15,"key":"PURGE"},{"data":"Apotheosis","floor":23,"key":"SMITH"},{"data":"Strike_B","floor":32,"key":"PURGE"},{"data":"Glacier","floor":40,"key":"PURGE"},{"data":"Dualcast","floor":49,"key":"SMITH"}],"neow_cost":"NONE","seed_source_timestamp":56312032203601,"circlet_count":0,"master_deck":["Strike_B","Strike_B","Defend_B","Defend_B","Defend_B","Zap+1","Dualcast+1","Conserve Battery","White Noise+1","Storm+1","Skim","Apotheosis+1","Force Field+1","Biased Cognition+1","Go for the Eyes","Redo+1","Chaos+1","Loop+1","Flash of Steel","Lockon","Hello World+1","Creative AI+1","BootSequence+1","Self Repair+1","Master of Strategy+1","Loop+1","Dark Shackles+1","All For One","Force Field+1"],"relics":["Cracked Core","Frozen Egg 2","Bag of Preparation","Toxic Egg 2","Peace Pipe","Coffee Dripper","Dodecahedron","Eternal Feather","Meat on the Bone","Calipers","Mango"],"potions_floor_usage":[16,16,16,45],"damage_taken":[{"damage":0,"enemies":"Small Slimes","floor":1,"turns":4},{"damage":1,"enemies":"Cultist","floor":2,"turns":4},{"damage":1,"enemies":"2 Louse","floor":5,"turns":3},{"damage":12,"enemies":"Lots of Slimes","floor":10,"turns":5},{"damage":1,"enemies":"Exordium Wildlife","floor":11,"turns":3},{"damage":18,"enemies":"Lagavulin Event","floor":14,"turns":6},{"damage":30,"enemies":"Slime Boss","floor":16,"turns":18},{"damage":23,"enemies":"3 Byrds","floor":18,"turns":6},{"damage":1,"enemies":"Shell Parasite","floor":19,"turns":6},{"damage":0,"enemies":"Sentry and Sphere","floor":21,"turns":4},{"damage":24,"enemies":"Snake Plant","floor":27,"turns":2},{"damage":4,"enemies":"Centurion and Healer","floor":28,"turns":7},{"damage":13,"enemies":"Slaver and Parasite","floor":30,"turns":4},{"damage":0,"enemies":"Snake Plant","floor":31,"turns":2},{"damage":13,"enemies":"Champ","floor":33,"turns":9},{"damage":31,"enemies":"3 Darklings","floor":35,"turns":4},{"damage":4,"enemies":"Flame Bruiser 1 Orb","floor":36,"turns":4},{"damage":7,"enemies":"Maw","floor":37,"turns":6},{"damage":17,"enemies":"Sphere and 2 Shapes","floor":41,"turns":3},{"damage":14,"floor":45,"turns":5},{"damage":12,"enemies":"Flame Bruiser 2 Orb","floor":47,"turns":5},{"damage":0,"enemies":"Transient","floor":48,"turns":5},{"damage":60,"enemies":"Awakened One","floor":50,"turns":9}],"seed_played":"-3370157795612881992","potions_obtained":[{"floor":1,"key":"Block Potion"},{"floor":14,"key":"PowerPotion"},{"floor":14,"key":"Energy Potion"},{"floor":16,"key":"FairyPotion"},{"floor":18,"key":"SteroidPotion"},{"floor":19,"key":"Explosive Potion"},{"floor":27,"key":"GamblersBrew"},{"floor":36,"key":"Regen Potion"}],"is_trial":false,"path_per_floor":["M","M","?","?","M","R","?","R","T","M","M","$","?","?","R","B",null,"M","M","?","M","?","R","$","?","T","M","M","?","M","M","R","B",null,"M","M","M","?","?","R","M","?","T","T","?","$","M","M","R","B"],"character_chosen":"DEFECT","items_purchased":["Apotheosis","Loop+1","Flash of Steel","All For One"],"campfire_rested":0,"item_purchase_floors":[12,24,24,46],"current_hp_per_floor":[82,81,73,73,72,72,72,72,72,60,59,59,52,34,34,18,82,59,58,58,58,42,42,42,42,42,25,21,50,37,37,37,24,87,56,52,45,45,45,60,53,53,53,53,82,82,80,90,101,63],"gold":91,"neow_bonus":"TEN_PERCENT_HP_BONUS","is_prod":false,"is_daily":false,"chose_seed":false,"campfire_upgraded":4,"win_rate":0,"timestamp":1532604652,"path_taken":["M","M","?","?","M","R","?","R","T","?","?","$","?","?","R","BOSS","M","M","?","M","?","R","$","?","T","?","M","?","M","M","R","BOSS","M","M","M","?","?","R","M","?","T","?","?","$","?","M","R","BOSS"],"build_version":"2018-07-19v2","purchased_purges":2,"victory":true,"max_hp_per_floor":[82,82,82,82,82,82,82,82,82,82,82,82,82,82,82,82,82,82,82,82,82,87,87,87,87,87,87,87,87,87,87,87,87,87,87,87,87,87,87,87,87,87,87,87,101,101,101,101,101,101],"card_choices":[{"not_picked":["Skim","Turbo"],"picked":"Glacier","floor":1},{"not_picked":["Fusion","Rebound"],"picked":"Conserve Battery","floor":2},{"not_picked":["Gash","Compile Driver"],"picked":"White Noise","floor":5},{"not_picked":["Sweeping Beam","Stack"],"picked":"Storm+1","floor":10},{"not_picked":["Storm+1","Double Energy"],"picked":"Skim","floor":11},{"not_picked":["Coolheaded+1","Stack+1"],"picked":"Force Field+1","floor":14},{"not_picked":["Buffer+1","Hyperbeam"],"picked":"Biased Cognition+1","floor":16},{"not_picked":["Sunder","Leap+1"],"picked":"Go for the Eyes","floor":18},{"not_picked":["Turbo+1","Hologram+1"],"picked":"Redo+1","floor":19},{"not_picked":["Beam Cell","Sweeping Beam"],"picked":"Chaos+1","floor":21},{"not_picked":["Go for the Eyes+1","Sunder"],"picked":"Lockon","floor":27},{"not_picked":["Leap+1","Turbo+1"],"picked":"Hello World+1","floor":28},{"not_picked":["Compile Driver","Streamline+1","Go for the Eyes"],"picked":"SKIP","floor":30},{"not_picked":["Stack+1","Rebound","Compile Driver"],"picked":"SKIP","floor":31},{"not_picked":["Rainbow+1","All For One"],"picked":"Creative AI+1","floor":33},{"not_picked":["Leap+1","Sunder","Streamline+1"],"picked":"SKIP","floor":35},{"not_picked":["Turbo+1","Streamline"],"picked":"BootSequence+1","floor":36},{"not_picked":["Stack+1","Compile Driver+1"],"picked":"Self Repair+1","floor":37},{"not_picked":["Purity+1","Blind+1"],"picked":"Master of Strategy+1","floor":39},{"not_picked":["Barrage","Recycle+1"],"picked":"Loop+1","floor":41},{"not_picked":["Stack+1","Compile Driver","Barrage+1"],"picked":"SKIP","floor":47},{"not_picked":["Melter+1","Leap+1"],"picked":"Force Field+1","floor":48}],"player_experience":225096,"relics_obtained":[{"floor":9,"key":"Bag of Preparation"},{"floor":14,"key":"Peace Pipe"},{"floor":26,"key":"Dodecahedron"},{"floor":43,"key":"Meat on the Bone"},{"floor":44,"key":"Calipers"},{"floor":45,"key":"Mango"}],"event_choices":[{"event_name":"FaceTrader","player_choice":"Touch","floor":3,"damage_taken":0},{"event_name":"Purifier","player_choice":"One Purge","floor":4,"damage_taken":0},{"event_name":"Big Fish","player_choice":"Box","floor":7,"damage_taken":0},{"event_name":"Scrap Ooze","player_choice":"success","floor":13,"damage_taken":7},{"event_name":"Dead Adventurer","player_choice":"Searched \u00271\u0027 times","floor":14,"damage_taken":0},{"event_name":"Ghosts","player_choice":"Ignored","floor":20,"damage_taken":0},{"event_name":"Forgotten Altar","player_choice":"Shed Blood","floor":22,"damage_taken":0},{"event_name":"Beggar","player_choice":"Ignored","floor":25,"damage_taken":0},{"event_name":"The Library","player_choice":"Heal","floor":29,"damage_taken":0},{"event_name":"Tomb of Lord Red Mask","player_choice":"Ignored","floor":38,"damage_taken":0},{"event_name":"SensoryStone","player_choice":"Memory 1","floor":39,"damage_taken":0},{"event_name":"Match and Keep!","player_choice":"2 cards matched","floor":42,"damage_taken":0},{"event_name":"MindBloom","player_choice":"Fight","floor":45,"damage_taken":0}],"is_beta":false,"boss_relics":[{"not_picked":["Cursed Key","Sozu"],"picked":"Coffee Dripper"},{"not_picked":["Snecko Eye","Black Star"],"picked":"Eternal Feather"}],"items_purged_floors":[24,46],"is_endless":false,"potions_floor_spawned":[1,14,14,16,18,19,27,30,35,36],"ascension_level":2}