{"gold_per_floor":[109,119,119,19,35,70,70,83,83,101,114,114,152,173,173,301,301,317,338,363,363,376,376,389,118,164,28,53,53,69,87,87,87],"floor_reached":33,"playtime":2935,"items_purged":["Strike_B","Pain"],"score":365,"play_id":"218b3f59-6fbe-4a8b-b497-f752214e8d33","local_time":"20181223190549","is_ascension_mode":false,"campfire_choices":[{"floor":7,"key":"REST"},{"floor":15,"key":"REST"},{"data":"Chill","floor":23,"key":"SMITH"},{"floor":32,"key":"REST"}],"neow_cost":"NONE","seed_source_timestamp":19376447704836,"circlet_count":0,"master_deck":["Strike_B","Strike_B","Strike_B","Defend_B","Defend_B","Defend_B","Defend_B","Zap","Dualcast","Compile Driver","Beam Cell","Go for the Eyes","Rebound","Double Energy","White Noise","Chill+1","Hello World","Ball Lightning","Conserve Battery","Rebound","Seek","Doubt","Regret","Conserve Battery","Beam Cell","Hello World","White Noise","BootSequence","Scrape","Compile Driver","Shame","BootSequence","Echo Form"],"relics":["Philosopher\u0027s Stone","Golden Idol","Darkstone Periapt","Thread and Needle","Ginger","Calling Bell","Happy Flower","Shuriken","Gambling Chip","PreservedInsect","Lantern","Bronze Scales","Torii"],"potions_floor_usage":[11,13,13,14,16,20,22,28,31],"damage_taken":[{"damage":6,"enemies":"Jaw Worm","floor":1,"turns":3},{"damage":0,"enemies":"Small Slimes","floor":2,"turns":3},{"damage":0,"enemies":"Cultist","floor":5,"turns":3},{"damage":45,"enemies":"3 Sentries","floor":6,"turns":8},{"damage":23,"enemies":"Red Slaver","floor":8,"turns":4},{"damage":0,"enemies":"2 Fungi Beasts","floor":10,"turns":4},{"damage":0,"enemies":"3 Louse","floor":11,"turns":3},{"damage":0,"enemies":"Lagavulin","floor":13,"turns":5},{"damage":4,"enemies":"Blue Slaver","floor":14,"turns":3},{"damage":0,"enemies":"The Guardian","floor":16,"turns":9},{"damage":19,"enemies":"Chosen","floor":18,"turns":6},{"damage":17,"enemies":"Spheric Guardian","floor":19,"turns":5},{"damage":2,"enemies":"Centurion and Healer","floor":20,"turns":5},{"damage":1,"enemies":"3 Cultists","floor":22,"turns":4},{"damage":15,"enemies":"Snake Plant","floor":24,"turns":5},{"damage":5,"enemies":"Cultist and Chosen","floor":28,"turns":4},{"damage":1,"enemies":"Chosen and Byrds","floor":30,"turns":4},{"damage":2,"enemies":"Centurion and Healer","floor":31,"turns":7},{"damage":74,"enemies":"Automaton","floor":33,"turns":6}],"seed_played":"-455289890933799072","potions_obtained":[{"floor":2,"key":"Swift Potion"},{"floor":8,"key":"Block Potion"},{"floor":12,"key":"EssenceOfSteel"},{"floor":12,"key":"Block Potion"},{"floor":13,"key":"SteroidPotion"},{"floor":16,"key":"Strength Potion"},{"floor":18,"key":"Fire Potion"},{"floor":20,"key":"AttackPotion"},{"floor":28,"key":"Block Potion"},{"floor":30,"key":"SteroidPotion"},{"floor":31,"key":"Ancient Potion"}],"is_trial":false,"path_per_floor":["M","M","?","$","M","E","R","M","T","M","M","?","E","M","R","B",null,"M","M","M","?","M","R","M","$","T","$","M","?","M","M","R","B"],"character_chosen":"DEFECT","items_purchased":["Go for the Eyes","Rebound","Lantern","BootSequence","Scrape"],"campfire_rested":3,"item_purchase_floors":[4,4,25,25,27],"current_hp_per_floor":[69,69,51,51,51,6,28,5,5,5,5,5,5,1,23,23,93,74,57,55,55,54,54,39,39,39,39,34,40,39,37,66,0],"gold":87,"neow_bonus":"BOSS_RELIC","is_prod":false,"is_daily":false,"chose_seed":false,"campfire_upgraded":1,"win_rate":0,"timestamp":1545588349,"path_taken":["M","M","?","$","M","E","R","M","T","M","M","?","E","M","R","BOSS","M","M","M","?","M","R","M","$","T","$","?","?","M","M","R","BOSS"],"build_version":"2018-12-20","purchased_purges":2,"victory":false,"max_hp_per_floor":[75,75,75,75,75,75,75,75,75,75,75,75,75,75,75,75,93,93,93,93,93,93,93,93,93,93,93,93,99,99,99,99,99],"card_choices":[{"not_picked":["Coolheaded","Stack"],"picked":"Compile Driver","floor":1},{"not_picked":["Barrage","Compile Driver"],"picked":"Beam Cell","floor":2},{"not_picked":["Hello World","Heatsinks"],"picked":"Double Energy","floor":5},{"not_picked":["Go for the Eyes","Tempest"],"picked":"White Noise","floor":6},{"not_picked":["Gash","Steam"],"picked":"Chill","floor":8},{"not_picked":["Reboot","Chaos"],"picked":"Hello World","floor":10},{"not_picked":["Darkness","Streamline"],"picked":"Ball Lightning","floor":11},{"not_picked":["Coolheaded","Defragment"],"picked":"Conserve Battery","floor":13},{"not_picked":["Force Field","Turbo"],"picked":"Rebound","floor":14},{"not_picked":["Machine Learning","Biased Cognition"],"picked":"Seek","floor":16},{"not_picked":["Gash","Capacitor","Blizzard"],"picked":"SKIP","floor":18},{"not_picked":["Hello World","Leap"],"picked":"Conserve Battery","floor":19},{"not_picked":["Redo","Aggregate"],"picked":"Beam Cell","floor":20},{"not_picked":["Rebound","Aggregate"],"picked":"Hello World","floor":22},{"not_picked":["Go for the Eyes+1","Aggregate"],"picked":"White Noise","floor":24},{"not_picked":["Chaos","Coolheaded"],"picked":"Compile Driver","floor":28},{"not_picked":["Redo+1","Turbo"],"picked":"BootSequence","floor":30},{"not_picked":["Barrage","Leap"],"picked":"Echo Form","floor":31}],"player_experience":55100,"relics_obtained":[{"floor":6,"key":"Darkstone Periapt"},{"floor":9,"key":"Thread and Needle"},{"floor":13,"key":"Ginger"},{"floor":17,"key":"Happy Flower"},{"floor":17,"key":"Shuriken"},{"floor":17,"key":"Gambling Chip"},{"floor":21,"key":"PreservedInsect"},{"floor":26,"key":"Bronze Scales"}],"event_choices":[{"damage_healed":0,"gold_gain":0,"player_choice":"Take Damage","damage_taken":18,"relics_obtained":["Golden Idol"],"max_hp_gain":0,"max_hp_loss":0,"event_name":"Golden Idol","floor":3,"gold_loss":0},{"damage_healed":0,"gold_gain":0,"player_choice":"Got Potions","damage_taken":0,"max_hp_gain":0,"max_hp_loss":0,"event_name":"Lab","floor":12,"gold_loss":0},{"damage_healed":0,"gold_gain":0,"player_choice":"Relic","damage_taken":0,"max_hp_gain":0,"max_hp_loss":0,"event_name":"Wheel of Change","floor":21,"gold_loss":0},{"damage_healed":0,"gold_gain":0,"player_choice":"Stole Relic","damage_taken":0,"relics_obtained":["Torii"],"max_hp_gain":0,"max_hp_loss":0,"event_name":"Addict","floor":29,"gold_loss":0,"cards_obtained":["Shame"]}],"is_beta":false,"boss_relics":[{"not_picked":["Inserter","Lizard Tail"],"picked":"Calling Bell"}],"items_purged_floors":[25,27],"is_endless":false,"potions_floor_spawned":[2,8,13,16,18,20,28,30,31],"killed_by":"Automaton","ascension_level":0}