{"gold_per_floor":[110,73,73,248,248,248,96,96,122,152,152,163,178,253,253,354,354,338,338,94,106,124,124,124,136,136,136,146,146,159,179,179,275,275,285,1284,1284,671,686,717,717,752,832,844,844],"floor_reached":45,"playtime":2846,"items_purged":["Strike_G","Strike_G+1","Normality"],"score":686,"play_id":"ce7ef2af-0c28-4491-902b-65ee5dfc776e","local_time":"20180914014136","is_ascension_mode":true,"campfire_choices":[{"data":"Neutralize","floor":6,"key":"SMITH"},{"data":"Footwork","floor":8,"key":"SMITH"},{"floor":11,"key":"REST"},{"data":"Footwork","floor":15,"key":"SMITH"},{"floor":23,"key":"REST"},{"data":"Noxious Fumes","floor":29,"key":"SMITH"},{"floor":32,"key":"REST"},{"floor":41,"key":"REST"}],"neow_cost":"","seed_source_timestamp":123735215143917,"circlet_count":0,"master_deck":["Defend_G+1","Defend_G+1","Defend_G+1","Defend_G+1","Defend_G+1","Strike_G+1","Strike_G+1","Strike_G+1","Survivor","Neutralize+1","Footwork+1","Terror+1","Footwork","Backflip","Deadly Poison","Footwork+1","Tools of the Trade","Flying Knee+1","Glass Knife+1","Infinite Blades","Noxious Fumes+1","PiercingWail+1","Well Laid Plans","Deadly Poison","Flying Knee","Corpse Explosion","PiercingWail","Normality","Crippling Poison","Malaise","Noxious Fumes+1","Noxious Fumes+1","Dodge and Roll+1"],"relics":["Ring of the Serpent","Smiling Mask","Bronze Scales","Darkstone Periapt","Sozu","Bag of Preparation","Lee\u0027s Waffle","Orichalcum","Whetstone","Matryoshka","Art of War","Toxic Egg 2"],"potions_floor_usage":[16,28,31,33,35,39,45],"damage_taken":[{"damage":1,"enemies":"2 Louse","floor":1,"turns":3},{"damage":12,"enemies":"3 Sentries","floor":10,"turns":15},{"damage":0,"enemies":"Small Slimes","floor":12,"turns":4},{"damage":0,"enemies":"Jaw Worm","floor":13,"turns":5},{"damage":35,"enemies":"Slime Boss","floor":16,"turns":20},{"damage":14,"enemies":"2 Thieves","floor":18,"turns":4},{"damage":0,"enemies":"Chosen","floor":21,"turns":4},{"damage":23,"enemies":"Centurion and Healer","floor":22,"turns":7},{"damage":1,"enemies":"Colosseum Slavers","floor":24,"turns":6},{"damage":11,"enemies":"Snake Plant","floor":25,"turns":5},{"damage":0,"enemies":"Cultist and Chosen","floor":28,"turns":8},{"damage":8,"enemies":"3 Cultists","floor":30,"turns":6},{"damage":0,"enemies":"Centurion and Healer","floor":31,"turns":7},{"damage":16,"enemies":"Collector","floor":33,"turns":11},{"damage":0,"enemies":"Orb Walker","floor":35,"turns":4},{"damage":26,"enemies":"3 Shapes","floor":39,"turns":5},{"damage":47,"enemies":"2 Orb Walkers","floor":40,"turns":5},{"damage":12,"enemies":"Nemesis","floor":42,"turns":9},{"damage":24,"enemies":"Spire Growth","floor":44,"turns":7},{"damage":17,"enemies":"Reptomancer","floor":45,"turns":2}],"seed_played":"1469520011670685386","potions_obtained":[{"floor":1,"key":"PowerPotion"},{"floor":16,"key":"SneckoOil"},{"floor":22,"key":"Dexterity Potion"},{"floor":25,"key":"Dexterity Potion"},{"floor":28,"key":"SkillPotion"},{"floor":31,"key":"Weak Potion"},{"floor":33,"key":"Weak Potion"}],"is_trial":false,"path_per_floor":["M","$","?","?","?","R","$","R","T","E","R","M","M","?","R","B",null,"M","?","$","M","M","R","?","M","T","?","M","R","M","M","R","B",null,"M","?","?","$","M","E","R","E","T","M"],"character_chosen":"THE_SILENT","items_purchased":["Terror","Footwork","Glass Knife","Infinite Blades","Bag of Preparation","Lee\u0027s Waffle","Orichalcum","Crippling Poison"],"campfire_rested":4,"item_purchase_floors":[2,7,20,20,38,38,38,38],"current_hp_per_floor":[62,62,48,48,41,41,41,41,41,29,50,50,50,39,39,4,54,40,40,40,40,17,38,37,26,26,26,26,26,18,18,39,23,58,58,70,70,89,63,16,42,30,30,6,0],"gold":844,"neow_bonus":"","is_prod":false,"is_daily":false,"chose_seed":false,"campfire_upgraded":4,"win_rate":0,"timestamp":1536885696,"path_taken":["M","$","?","?","?","R","$","R","T","E","R","M","?","?","R","BOSS","M","?","$","M","M","R","?","M","T","?","?","R","?","?","R","BOSS","M","?","?","$","?","E","R","E","T","M","M"],"build_version":"2018-09-06","purchased_purges":3,"victory":false,"max_hp_per_floor":[70,70,70,70,70,70,70,70,70,70,70,70,70,70,70,70,70,70,70,70,70,70,70,70,70,70,70,70,70,70,70,70,70,70,70,82,82,89,89,89,89,89,89,89,89],"card_choices":[{"not_picked":["Tactician","Backstab"],"picked":"Footwork","floor":1},{"not_picked":["Dagger Spray","Night Terror"],"picked":"Backflip","floor":10},{"not_picked":["Dagger Throw","Slice"],"picked":"Deadly Poison","floor":12},{"not_picked":["Tactician","Outmaneuver"],"picked":"Footwork","floor":13},{"not_picked":["Storm of Steel","Venomology"],"picked":"Tools of the Trade","floor":16},{"not_picked":["Dagger Throw","Flechettes"],"picked":"Flying Knee","floor":18},{"not_picked":["Quick Slash+1","Escape Plan"],"picked":"Noxious Fumes","floor":21},{"not_picked":["Outmaneuver","Dodge and Roll"],"picked":"PiercingWail+1","floor":22},{"not_picked":["Prepared","Predator+1"],"picked":"Well Laid Plans","floor":25},{"not_picked":["Poisoned Stab","Quick Slash"],"picked":"Deadly Poison","floor":28},{"not_picked":["Blade Dance","Poisoned Stab"],"picked":"Flying Knee","floor":30},{"not_picked":["Phantasmal Killer","Poisoned Stab","Outmaneuver"],"picked":"SKIP","floor":31},{"not_picked":["Tools of the Trade","Venomology"],"picked":"Corpse Explosion","floor":33},{"not_picked":["Dagger Throw+1","Flying Knee"],"picked":"PiercingWail","floor":35},{"not_picked":["Blade Dance","Bane"],"picked":"Malaise","floor":39},{"not_picked":["Night Terror","Backflip+1"],"picked":"Noxious Fumes+1","floor":40},{"not_picked":["Heel Hook+1","Bouncing Flask"],"picked":"Noxious Fumes+1","floor":42},{"not_picked":["Terror+1","Dagger Throw+1"],"picked":"Dodge and Roll+1","floor":44}],"player_experience":368814,"relics_obtained":[{"floor":9,"key":"Smiling Mask"},{"floor":10,"key":"Bronze Scales"},{"floor":26,"key":"Darkstone Periapt"},{"floor":40,"key":"Whetstone"},{"floor":42,"key":"Matryoshka"},{"floor":43,"key":"Art of War"},{"floor":43,"key":"Toxic Egg 2"}],"event_choices":[{"event_name":"Shining Light","player_choice":"Entered Light","floor":3,"damage_taken":0},{"event_name":"Liars Game","player_choice":"agreed","floor":4,"damage_taken":0},{"event_name":"Golden Wing","player_choice":"Card Removal","floor":5,"damage_taken":0},{"event_name":"World of Goop","player_choice":"Gather Gold","floor":14,"damage_taken":0},{"event_name":"Back to Basics","player_choice":"Simplicity","floor":19,"damage_taken":0},{"event_name":"Colosseum","player_choice":"Fight","floor":24,"damage_taken":0},{"event_name":"Colosseum","player_choice":"Fled From Nobs","floor":24,"damage_taken":0},{"event_name":"Cursed Tome","player_choice":"Ignored","floor":27,"damage_taken":0},{"event_name":"MindBloom","player_choice":"Gold","floor":36,"damage_taken":0},{"event_name":"Tomb of Lord Red Mask","player_choice":"Ignored","floor":37,"damage_taken":0}],"is_beta":false,"boss_relics":[{"not_picked":["Tiny House","Fusion Hammer"],"picked":"Ring of the Serpent"},{"not_picked":["Eternal Feather","Black Star"],"picked":"Sozu"}],"items_purged_floors":[7,20,38],"is_endless":false,"potions_floor_spawned":[1,16,22,25,28,31,33,44],"killed_by":"Reptomancer","ascension_level":7}