{"gold_per_floor":[116,11,11,11,11,11,86,86,155,165,176,176,208,0,0,95,95,111,111,130,130,14,42,42,59,59,158,176,41,41,41,41,41],"floor_reached":33,"playtime":2057,"items_purged":["Strike_B"],"score":285,"play_id":"0e797f50-c57e-46d7-8fe4-9d68cecc330d","local_time":"20180726001253","is_ascension_mode":true,"campfire_choices":[{"data":"Dualcast","floor":6,"key":"SMITH"},{"data":"Zap","floor":8,"key":"SMITH"},{"data":"Consume","floor":12,"key":"SMITH"},{"data":"Apotheosis","floor":15,"key":"SMITH"},{"data":"Loop","floor":24,"key":"SMITH"},{"data":"Electrodynamics","floor":30,"key":"SMITH"},{"data":"Redo","floor":32,"key":"SMITH"}],"neow_cost":"NONE","seed_source_timestamp":14165574258777,"circlet_count":0,"master_deck":["Strike_B","Strike_B","Strike_B","Defend_B","Defend_B","Defend_B","Zap+1","Dualcast+1","Reboot","Cold Snap","Conserve Battery","Hello World+1","Consume+1","Conserve Battery","Auto Shields","Apotheosis+1","Electrodynamics+1","Hologram","Conserve Battery","Loop+1","Redo+1","Fusion+1","Seek+1"],"relics":["Cracked Core","Matryoshka","Meat on the Bone","Centennial Puzzle","Bottled Tornado","Lantern","Sozu","Bag of Marbles","Bird Faced Urn","Toxic Egg 2"],"potions_floor_usage":[16,23],"damage_taken":[{"damage":1,"enemies":"Cultist","floor":1,"turns":3},{"damage":2,"enemies":"2 Louse","floor":10,"turns":2},{"damage":0,"enemies":"Small Slimes","floor":11,"turns":2},{"damage":17,"enemies":"Lagavulin","floor":13,"turns":5},{"damage":8,"enemies":"Hexaghost","floor":16,"turns":9},{"damage":4,"enemies":"2 Thieves","floor":18,"turns":3},{"damage":3,"enemies":"Chosen","floor":20,"turns":4},{"damage":7,"enemies":"Book of Stabbing","floor":23,"turns":4},{"damage":4,"enemies":"Snecko","floor":25,"turns":5},{"damage":0,"enemies":"Centurion and Healer","floor":28,"turns":6},{"damage":53,"enemies":"Collector","floor":33,"turns":8}],"seed_played":"9114553393103717408","potions_obtained":[{"floor":1,"key":"SpeedPotion"},{"floor":11,"key":"FearPotion"},{"floor":13,"key":"SkillPotion"}],"is_trial":false,"path_per_floor":["M","$","T","?","?","R","?","R","T","M","M","R","E","$","R","B",null,"M","?","M","?","$","E","R","M","T","?","M","$","R","?","R"],"character_chosen":"DEFECT","items_purchased":["Conserve Battery","Hello World","Apotheosis","Loop","Seek+1"],"campfire_rested":0,"item_purchase_floors":[2,2,14,22,29],"current_hp_per_floor":[74,74,74,71,71,71,60,60,60,58,58,58,41,41,41,45,75,71,55,52,52,52,45,45,41,41,41,47,47,47,47,47,0],"gold":41,"neow_bonus":"ONE_RANDOM_RARE_CARD","is_prod":false,"is_daily":false,"chose_seed":false,"campfire_upgraded":7,"win_rate":0,"timestamp":1532560373,"path_taken":["M","$","?","?","?","R","?","R","T","?","M","R","E","$","R","BOSS","M","?","?","?","$","E","R","?","T","?","M","$","R","?","R","BOSS"],"build_version":"2018-07-19v2","purchased_purges":1,"victory":false,"max_hp_per_floor":[75,75,75,75,75,75,75,75,75,75,75,75,75,75,75,75,75,75,75,75,75,75,75,75,75,75,75,75,75,75,75,75,75],"card_choices":[{"not_picked":["Heatsinks","Lockon"],"picked":"Cold Snap","floor":1},{"not_picked":["Compile Driver","Auto Shields"],"picked":"Consume","floor":10},{"not_picked":["Steam","Skim"],"picked":"Conserve Battery","floor":11},{"not_picked":["Leap","Undo"],"picked":"Auto Shields","floor":13},{"not_picked":["Echo Form","All For One"],"picked":"Electrodynamics","floor":16},{"not_picked":["Beam Cell","Go for the Eyes"],"picked":"Hologram","floor":18},{"not_picked":["Chill","Stack+1"],"picked":"Conserve Battery","floor":20},{"not_picked":["Rebound","Undo"],"picked":"Redo","floor":23},{"not_picked":["Storm","Leap","Conserve Battery+1"],"picked":"SKIP","floor":25},{"not_picked":["Consume+1","Auto Shields+1"],"picked":"Fusion+1","floor":28}],"player_experience":218748,"relics_obtained":[{"floor":3,"key":"Matryoshka"},{"floor":9,"key":"Centennial Puzzle"},{"floor":9,"key":"Bottled Tornado"},{"floor":13,"key":"Lantern"},{"floor":23,"key":"Bag of Marbles"},{"floor":26,"key":"Bird Faced Urn"},{"floor":26,"key":"Toxic Egg 2"}],"event_choices":[{"event_name":"Scrap Ooze","player_choice":"success","floor":4,"damage_taken":3},{"event_name":"Upgrade Shrine","player_choice":"Upgraded","floor":5,"damage_taken":0},{"event_name":"World of Goop","player_choice":"Gather Gold","floor":7,"damage_taken":0},{"event_name":"Cursed Tome","player_choice":"Obtained Book","floor":19,"damage_taken":0},{"event_name":"Ghosts","player_choice":"Ignored","floor":21,"damage_taken":0},{"event_name":"Nest","player_choice":"Stole From Cult","floor":27,"damage_taken":0},{"event_name":"Back to Basics","player_choice":"Elegance","floor":31,"damage_taken":0}],"is_beta":false,"boss_relics":[{"not_picked":["Eternal Feather","Philosopher\u0027s Stone"],"picked":"Sozu"}],"items_purged_floors":[22],"is_endless":false,"potions_floor_spawned":[1,11,13,20,25,28],"killed_by":"Collector","ascension_level":2}