{"gold_per_floor":[117,117,135,154,173,199,217,247,247,267,267,277,277,347,347,446,446,446],"floor_reached":18,"playtime":6745,"items_purged":[],"score":191,"play_id":"88da521e-09c8-462a-9236-782303e531f8","local_time":"20190203203514","is_ascension_mode":true,"campfire_choices":[{"floor":11,"key":"RECALL"},{"floor":13,"key":"REST"},{"data":"Streamline","floor":15,"key":"SMITH"}],"neow_cost":"NONE","seed_source_timestamp":5812472169600,"circlet_count":0,"master_deck":["Strike_B","Strike_B","Strike_B","Strike_B","Defend_B","Defend_B","Defend_B","Defend_B","Zap","Dualcast","FTL","Sunder","Cold Snap","White Noise","Cold Snap","Sunder","Beam Cell","Streamline+1","Leap","Buffer"],"relics":["Cracked Core","Regal Pillow","Oddly Smooth Stone","Symbiotic Virus","White Beast Statue"],"potions_floor_usage":[6,6,8,10,16],"damage_taken":[{"damage":0,"enemies":"Small Slimes","floor":1,"turns":2},{"damage":0,"enemies":"Cultist","floor":3,"turns":2},{"damage":0,"enemies":"2 Louse","floor":4,"turns":2},{"damage":12,"enemies":"Looter","floor":5,"turns":3},{"damage":22,"enemies":"3 Sentries","floor":6,"turns":7},{"damage":2,"enemies":"Red Slaver","floor":7,"turns":5},{"damage":16,"enemies":"Gremlin Nob","floor":8,"turns":3},{"damage":10,"enemies":"Large Slime","floor":10,"turns":4},{"damage":5,"enemies":"Blue Slaver","floor":12,"turns":2},{"damage":18,"enemies":"Slime Boss","floor":16,"turns":8},{"damage":0,"enemies":"3 Byrds","floor":18,"turns":1}],"seed_played":"2918884810409109363","potions_obtained":[{"floor":1,"key":"SpeedPotion"},{"floor":4,"key":"Dexterity Potion"},{"floor":7,"key":"AttackPotion"},{"floor":8,"key":"Regen Potion"},{"floor":10,"key":"Swift Potion"},{"floor":16,"key":"Fire Potion"}],"is_trial":false,"path_per_floor":["M","?","M","M","M","E","M","E","T","M","R","M","R","T","R","B",null,"M"],"character_chosen":"DEFECT","items_purchased":[],"campfire_rested":1,"item_purchase_floors":[],"current_hp_per_floor":[82,82,82,82,70,48,46,30,30,32,32,27,66,66,66,48,82,82],"gold":446,"neow_bonus":"TEN_PERCENT_HP_BONUS","is_prod":false,"is_daily":false,"chose_seed":false,"campfire_upgraded":1,"win_rate":0,"timestamp":1549233314,"path_taken":["M","?","M","M","?","E","M","E","T","M","R","M","R","?","R","BOSS","M"],"build_version":"2019-01-23","purchased_purges":0,"victory":false,"max_hp_per_floor":[82,82,82,82,82,82,82,82,82,82,82,82,82,82,82,82,82,82],"card_choices":[{"not_picked":["Redo","Turbo"],"picked":"FTL","floor":1},{"not_picked":["Leap","Cold Snap"],"picked":"Sunder","floor":3},{"not_picked":["Coolheaded","Force Field"],"picked":"Cold Snap","floor":4},{"not_picked":["Rip and Tear","Coolheaded"],"picked":"White Noise","floor":5},{"not_picked":["Steam","Gash"],"picked":"Cold Snap","floor":6},{"not_picked":["Conserve Battery","Compile Driver"],"picked":"Sunder","floor":7},{"not_picked":["Doom and Gloom","Recycle"],"picked":"Beam Cell","floor":8},{"not_picked":["Redo","Rebound"],"picked":"Streamline","floor":10},{"not_picked":["Cold Snap","Blizzard"],"picked":"Leap","floor":12},{"not_picked":["Amplify","Meteor Strike"],"picked":"Buffer","floor":16}],"player_experience":279154,"relics_obtained":[{"floor":6,"key":"Regal Pillow"},{"floor":8,"key":"Oddly Smooth Stone"},{"floor":14,"key":"Symbiotic Virus"}],"event_choices":[{"damage_healed":0,"gold_gain":0,"player_choice":"Ignored","damage_taken":0,"max_hp_gain":0,"max_hp_loss":0,"event_name":"Transmorgrifier","floor":2,"gold_loss":0}],"is_beta":false,"boss_relics":[{"not_picked":["Coffee Dripper","Empty Cage"],"picked":"White Beast Statue"}],"items_purged_floors":[],"is_endless":false,"potions_floor_spawned":[1,4,7,8,10,16],"killed_by":"3 Byrds","ascension_level":2}