{"gold_per_floor":[111,121,12,12,12,12,12,23,23,23,23,54,70,170,170,272,272,287,299,224,18,18,18,18],"floor_reached":24,"playtime":659,"items_purged":["Shame"],"score":269,"play_id":"68203ccc-c4b4-4bd8-ade9-a3bfb28ec838","local_time":"20180920021057","is_ascension_mode":true,"campfire_choices":[{"data":"Neutralize","floor":6,"key":"SMITH"},{"data":"Caltrops","floor":11,"key":"SMITH"},{"data":"Dash","floor":15,"key":"SMITH"},{"data":"Mayhem","floor":23,"key":"SMITH"}],"neow_cost":"CURSE","seed_source_timestamp":459917549285486,"circlet_count":0,"master_deck":["Defend_G","Defend_G","Defend_G","Defend_G","Defend_G","Strike_G","Strike_G","Strike_G","Strike_G","Survivor","Neutralize+1","Terror","Dash+1","Caltrops+1","Crippling Poison","Bullet Time","Glass Knife","Footwork","Mayhem+1"],"relics":["Ring of the Snake","StoneCalendar","Omamori","Pantograph","Peace Pipe","Cursed Key"],"potions_floor_usage":[16],"damage_taken":[{"damage":0,"enemies":"2 Louse","floor":1,"turns":3},{"damage":1,"enemies":"Small Slimes","floor":2,"turns":4},{"damage":1,"enemies":"Cultist","floor":8,"turns":4},{"damage":21,"enemies":"Lagavulin","floor":12,"turns":7},{"damage":3,"enemies":"Large Slime","floor":13,"turns":7},{"damage":11,"enemies":"Hexaghost","floor":16,"turns":8},{"damage":1,"enemies":"2 Thieves","floor":18,"turns":4},{"damage":11,"enemies":"Spheric Guardian","floor":19,"turns":6},{"damage":43,"enemies":"Gremlin Leader","floor":24,"turns":4}],"seed_played":"8565676868056834123","potions_obtained":[{"floor":12,"key":"Strength Potion"},{"floor":13,"key":"SteroidPotion"},{"floor":16,"key":"Strength Potion"},{"floor":19,"key":"SpeedPotion"}],"is_trial":false,"path_per_floor":["M","M","$","?","?","R","?","M","T","$","R","E","M","?","R","B",null,"M","M","?","$","?","R"],"character_chosen":"THE_SILENT","items_purchased":["Caltrops","Mayhem"],"campfire_rested":0,"item_purchase_floors":[3,21],"current_hp_per_floor":[63,62,62,62,62,62,70,69,69,69,69,48,45,45,45,59,67,66,55,55,55,42,42,0],"gold":18,"neow_bonus":"ONE_RARE_RELIC","is_prod":false,"is_daily":false,"chose_seed":false,"campfire_upgraded":4,"win_rate":0,"timestamp":1537405857,"path_taken":["M","M","$","?","?","R","?","?","T","$","R","E","M","?","R","BOSS","M","M","?","$","?","R","E"],"build_version":"2018-09-06","purchased_purges":1,"victory":false,"max_hp_per_floor":[70,70,70,70,70,70,70,70,70,70,70,70,70,70,70,70,70,70,70,70,70,75,75,75],"card_choices":[{"not_picked":["PiercingWail","Deflect"],"picked":"Terror","floor":1},{"not_picked":["Dodge and Roll","Deflect"],"picked":"Dash","floor":2},{"not_picked":["Dagger Throw","Cloak And Dagger","Dash"],"picked":"SKIP","floor":8},{"not_picked":["Accuracy","Masterful Stab"],"picked":"Crippling Poison","floor":12},{"not_picked":["Flying Knee","Expertise"],"picked":"Bullet Time","floor":13},{"not_picked":["Envenom","Venomology"],"picked":"Glass Knife","floor":16},{"not_picked":["Bane","Blade Dance"],"picked":"Footwork","floor":18},{"not_picked":["Calculated Gamble+1","Slice+1","Setup"],"picked":"SKIP","floor":19}],"player_experience":400917,"relics_obtained":[{"floor":9,"key":"Pantograph"},{"floor":12,"key":"Peace Pipe"}],"event_choices":[{"event_name":"Big Fish","player_choice":"Box","floor":4,"damage_taken":0},{"event_name":"Fountain of Cleansing","player_choice":"Removed Curse","floor":5,"damage_taken":0},{"event_name":"Mushrooms","player_choice":"Healed and dodged fight","floor":7,"damage_taken":0},{"event_name":"Golden Shrine","player_choice":"Pray","floor":14,"damage_taken":0},{"event_name":"Beggar","player_choice":"Gave Gold","floor":20,"damage_taken":0},{"event_name":"Forgotten Altar","player_choice":"Shed Blood","floor":22,"damage_taken":0}],"is_beta":false,"boss_relics":[{"not_picked":["Coffee Dripper","Ring of the Serpent"],"picked":"Cursed Key"}],"items_purged_floors":[3],"is_endless":false,"potions_floor_spawned":[12,13,16,19],"killed_by":"Gremlin Leader","ascension_level":8}