{"path_per_floor":["M","?","?","?","M","R","?","$","T","M","R","E","R","E","R","B",null,"M","M","$","?","M","R","?","R","T","?","?","M","R","E","R","B",null,"M","M","M","?","M","R","M","M","T","T","R","M"],"character_chosen":"THE_SILENT","items_purchased":["Jack Of All Trades","Acrobatics","Backstab","Magnetism","Well Laid Plans"],"gold_per_floor":[116,66,241,241,261,261,261,86,134,153,153,179,179,209,209,304,304,324,336,53,53,68,68,68,68,68,68,68,79,79,112,112,208,208,220,240,253,253,267,267,282,301,301,301,301,313,313],"floor_reached":47,"campfire_rested":1,"playtime":4729,"item_purchase_floors":[],"current_hp_per_floor":[68,68,68,65,65,65,65,65,65,64,64,64,64,62,62,47,70,58,53,53,37,25,46,46,46,46,46,46,42,42,31,31,19,70,66,66,67,67,65,70,70,70,70,70,70,9,0],"items_purged":[],"gold":313,"score":503,"play_id":"ee6daa1c-d6e9-4bf5-ad45-79ff01d77bfa","local_time":"20180609174612","is_prod":false,"is_daily":false,"chose_seed":false,"is_ascension_mode":false,"campfire_upgraded":9,"win_rate":0,"timestamp":1528562772,"campfire_choices":[{"floor":23,"key":"REST"},{"data":"Magnetism","floor":25,"key":"SMITH"},{"data":"Well Laid Plans","floor":30,"key":"SMITH"},{"data":"Adrenaline","floor":32,"key":"SMITH"},{"data":"After Image","floor":40,"key":"SMITH"},{"data":"Acrobatics","floor":45,"key":"SMITH"}],"path_taken":["M","?","?","?","M","R","?","$","T","M","R","E","R","E","R","BOSS","M","M","$","?","?","R","?","R","T","?","?","?","R","E","R","BOSS","M","?","M","?","?","R","M","M","T","?","R","?","M"],"build_version":"2018-06-07v3","seed_source_timestamp":0,"purchased_purges":0,"victory":false,"master_deck":["Defend_G","Defend_G","Defend_G","Defend_G","Defend_G","Strike_G","Strike_G","Strike_G","Strike_G","Survivor","Neutralize+1","Calculated Gamble+1","Flying Knee","Jack Of All Trades+1","Acrobatics+1","Backstab","Backflip","Dash+1","Adrenaline+1","Escape Plan","Dodge and Roll+1","Magnetism+1","Well Laid Plans+1","Quick Slash","Adrenaline","Flying Knee","After Image+1","Dash+1","PiercingWail+1","Quick Slash","Heel Hook","Malaise+1","Flying Knee+1","Flechettes+1"],"max_hp_per_floor":[70,70,70,70,70,70,70,70,70,70,70,70,70,70,70,70,70,70,70,70,70,70,70,70,70,70,70,70,70,70,70,70,70,70,70,70,70,70,70,70,70,70,70,70,70,70,70],"relics":["Ring of the Snake","Oddly Smooth Stone","Happy Flower","Snake Skull","Pantograph","Sozu","Enchiridion","Letter Opener","Orichalcum","Eternal Feather","The Specimen","Tough Bandages"],"card_choices":[{"not_picked":["Deadly Poison","Underhanded Strike"],"picked":"Calculated Gamble","floor":1.0},{"not_picked":["PiercingWail","Deadly Poison"],"picked":"Flying Knee","floor":5.0},{"not_picked":["Crippling Poison","Outmaneuver"],"picked":"Backflip","floor":10.0},{"not_picked":["Expertise","Underhanded Strike"],"picked":"Dash","floor":12.0},{"not_picked":["Venomology","Tactician"],"picked":"Adrenaline","floor":16.0},{"not_picked":["Dodge and Roll","Poisoned Stab"],"picked":"Escape Plan","floor":18},{"not_picked":["Sucker Punch","Bane"],"picked":"Dodge and Roll+1","floor":19},{"not_picked":["Backstab+1","Acrobatics","Deadly Poison+1"],"picked":"SKIP","floor":22},{"not_picked":["Prepared","Dagger Spray"],"picked":"Adrenaline","floor":29},{"not_picked":["Outmaneuver","Dodge and Roll"],"picked":"Flying Knee","floor":31},{"not_picked":["Night Terror","Corpse Explosion"],"picked":"After Image","floor":33},{"not_picked":["Bane","Finisher+1"],"picked":"Dash+1","floor":35},{"not_picked":["Bane+1","Setup+1"],"picked":"PiercingWail+1","floor":36},{"not_picked":["Calculated Gamble+1","Outmaneuver+1"],"picked":"Quick Slash","floor":37},{"not_picked":["Dagger Throw","Eviscerate+1"],"picked":"Heel Hook","floor":39},{"not_picked":["Endless Agony+1","Quick Slash"],"picked":"Malaise+1","floor":41},{"not_picked":["Catalyst","Deflect"],"picked":"Flying Knee+1","floor":42},{"not_picked":["Sucker Punch+1","Finisher"],"picked":"Flechettes+1","floor":46}],"player_experience":198065,"potions_floor_usage":[33],"damage_taken":[{"damage":2.0,"enemies":"Small Slimes","floor":1.0,"turns":5.0},{"damage":0.0,"enemies":"Jaw Worm","floor":5.0,"turns":4.0},{"damage":1.0,"enemies":"2 Louse","floor":10.0,"turns":2.0},{"damage":0.0,"enemies":"3 Sentries","floor":12.0,"turns":5.0},{"damage":2.0,"enemies":"Lagavulin","floor":14.0,"turns":5.0},{"damage":23.0,"enemies":"The Guardian","floor":16.0,"turns":15.0},{"damage":12.0,"enemies":"Chosen","floor":18.0,"turns":6.0},{"damage":5,"enemies":"Snecko","floor":19,"turns":5},{"damage":16,"enemies":"Chosen and Byrds","floor":22,"turns":8},{"damage":4,"enemies":"3 Cultists","floor":29,"turns":5},{"damage":11,"enemies":"Book of Stabbing","floor":31,"turns":4},{"damage":37,"enemies":"Champ","floor":33,"turns":14},{"damage":8,"enemies":"3 Shapes","floor":35,"turns":3},{"damage":0,"enemies":"Orb Walker","floor":36,"turns":3},{"damage":3,"enemies":"Maw","floor":37,"turns":11},{"damage":2,"enemies":"4 Shapes","floor":39,"turns":4},{"damage":0,"enemies":"3 Darklings","floor":41,"turns":4},{"damage":0,"enemies":"Maw","floor":42,"turns":8},{"damage":61,"enemies":"4 Shapes","floor":46,"turns":5},{"damage":15,"enemies":"Sphere and 2 Shapes","floor":47,"turns":2}],"relics_obtained":[{"floor":21,"key":"Enchiridion"},{"floor":26,"key":"Letter Opener"},{"floor":31,"key":"Orichalcum"},{"floor":43,"key":"The Specimen"},{"floor":44,"key":"Tough Bandages"}],"event_choices":[{"event_name":"The Cleric","player_choice":"Card Removal","floor":2.0,"damage_taken":0.0},{"event_name":"Liars Game","player_choice":"agreed","floor":3.0,"damage_taken":0.0},{"event_name":"Scrap Ooze","player_choice":"success","floor":4.0,"damage_taken":3.0},{"event_name":"Purifier","player_choice":"One Purge","floor":7.0,"damage_taken":0.0},{"event_name":"Cursed Tome","player_choice":"Obtained Book","floor":21,"damage_taken":0},{"event_name":"Drug Dealer","player_choice":"Ignored","floor":24,"damage_taken":0},{"event_name":"The Library","player_choice":"Read","floor":27,"damage_taken":0},{"event_name":"Ghosts","player_choice":"Ignored","floor":28,"damage_taken":0},{"event_name":"The Woman in Blue","player_choice":"Bought 0 Potions","floor":38,"damage_taken":0}],"boss_relics":[{"not_picked":["Velvet Choker","Lizard Tail"],"picked":"Sozu"},{"not_picked":["Calling Bell","Orrery"],"picked":"Eternal Feather"}],"items_purged_floors":[],"potions_floor_spawned":[5,14,16,22,29,33,35,41],"seed_played":"-6779993111437316353","killed_by":"Sphere and 2 Shapes","ascension_level":0,"potions_obtained":[],"is_trial":false}