{"path_per_floor":["M","?","M","$","M","R","M","M","T","E","M","R","E","M","R","B",null,"M","?","M","M","M","R","M","E","T","R","E"],"character_chosen":"IRONCLAD","items_purchased":[],"gold_per_floor":[15,15,25,25,39,39,23,36,36,64,82,82,109,124,124,220,220,238,163,178,189,205,205,216,250,277,277,303],"floor_reached":29,"campfire_rested":3,"playtime":3731,"current_hp_per_floor":[80,80,75,75,71,71,53,47,47,28,26,50,23,32,56,44,80,48,48,39,47,33,33,37,10,10,37,11],"items_purged":[],"gold":303,"play_id":"c83299f0-8b63-4636-a544-b92d1fe6274f","is_prod":false,"is_daily":false,"is_ascension_mode":false,"campfire_upgraded":2,"path_taken":["M","?","M","?","M","R","M","M","T","E","M","R","E","M","R","BOSS","M","?","M","M","M","R","?","E","T","R","E","M"],"build_version":"2018-02-01-PROD3","purchased_purges":0,"victory":false,"master_deck":["Strike_R","Strike_R+1","Strike_R","Defend_R","Defend_R","Defend_R","Bash+1","Double Tap","Burning Pact","Cleave","Brutality","Seeing Red","Second Wind","Clash","Berserk","Rupture","Shrug It Off","Feed","Shrug It Off+1","Seeing Red","Anger","Demon Form+1","Flex","Feed+1","Headbutt"],"max_hp_per_floor":[80,80,80,80,80,80,80,80,80,80,80,80,80,80,80,80,80,80,80,83,86,89,89,92,92,92,92,92],"relics":["Burning Blood","Magic Flower","Bag of Marbles","Champion Belt","Velvet Choker","Vajra","Whetstone","Kunai"],"card_choices":[{"not_picked":["Infernal Blade","Perfected Strike"],"picked":"Burning Pact"},{"not_picked":["Body Slam","Reckless Charge"],"picked":"Cleave"},{"not_picked":["Warcry","Clothesline"],"picked":"Brutality"},{"not_picked":["Headbutt","Disarm"],"picked":"Seeing Red"},{"not_picked":["Twin Strike","Armaments"],"picked":"Second Wind"},{"not_picked":["Hemokinesis","Uppercut"],"picked":"Clash"},{"not_picked":["Anger","Warcry"],"picked":"Berserk"},{"not_picked":["Inflame","Twin Strike"],"picked":"Rupture"},{"not_picked":["Fire Breathing","Bloodletting"],"picked":"Shrug It Off"},{"not_picked":["Double Tap","Dark Embrace"],"picked":"Feed"},{"not_picked":["Clothesline","Clash"],"picked":"Shrug It Off"},{"not_picked":["Combust","Heavy Blade"],"picked":"Seeing Red"},{"not_picked":["Shrug It Off","Reckless Charge"],"picked":"Anger"},{"not_picked":["Headbutt","Iron Wave"],"picked":"Demon Form"},{"not_picked":["Dropkick","Sword Boomerang"],"picked":"Flex"},{"not_picked":["Headbutt","True Grit"],"picked":"Feed"},{"not_picked":["Battle Trance","Warcry"],"picked":"Headbutt"}],"player_experience":10583,"potions_floor_usage":[13,13,16,16,22,25,25],"damage_taken":[{"damage":5,"enemies":"Cultist","floor":1,"turns":4},{"damage":11,"enemies":"Blue Slaver","floor":3,"turns":4},{"damage":10,"enemies":"Jaw Worm","floor":5,"turns":4},{"damage":24,"enemies":"Exordium Thugs","floor":7,"turns":5},{"damage":12,"enemies":"3 Louse","floor":8,"turns":3},{"damage":28,"enemies":"3 Sentries","floor":10,"turns":7},{"damage":11,"enemies":"Red Slaver","floor":11,"turns":4},{"damage":36,"enemies":"Lagavulin","floor":13,"turns":6},{"damage":0,"enemies":"Gremlin Gang","floor":14,"turns":2},{"damage":21,"enemies":"The Guardian","floor":16,"turns":7},{"damage":41,"enemies":"Spheric Guardian","floor":18,"turns":6},{"damage":23,"enemies":"Shell Parasite","floor":20,"turns":6},{"damage":6,"enemies":"Snake Plant","floor":21,"turns":3},{"damage":28,"enemies":"Sentry and Sphere","floor":22,"turns":6},{"damage":10,"enemies":"Cultist and Chosen","floor":24,"turns":5},{"damage":36,"enemies":"Slavers","floor":25,"turns":5},{"damage":35,"enemies":"Gremlin Leader","floor":28,"turns":5},{"damage":14,"enemies":"Centurion and Healer","floor":29,"turns":3}],"event_choices":[{"event_name":"Purifier","player_choice":"One Purge","floor":2,"damage_taken":0},{"event_name":"Beggar","player_choice":"Gave Gold","floor":19,"damage_taken":0}],"boss_relics":[{"not_picked":["Orrery","Philosopher\u0027s Stone"],"picked":"Velvet Choker"}],"potions_floor_spawned":[1,7,10,13,14,18,21,22],"seed_played":"-2099293126099592446","killed_by":"Centurion and Healer","ascension_level":0,"is_trial":false}