{"gold_per_floor":[116,41,58,77,89,89,105,124,124,124,153,153,171,200,200,303,303,321,321,321,14,14,14,46,57,82,82,105,105,119,130,130,225,225,241,241,255,266,105,139,139,149,174,192,192,192,192,203,203,203],"floor_reached":51,"playtime":3539,"items_purged":["Strike_B","Strike_B"],"score":1085,"play_id":"00a3e248-57c1-4c4d-8765-55390dec634c","local_time":"20190326004725","is_ascension_mode":true,"campfire_choices":[{"data":"Electrodynamics","floor":6,"key":"SMITH"},{"floor":10,"key":"REST"},{"floor":12,"key":"REST"},{"data":"Hologram","floor":15,"key":"SMITH"},{"data":"Capacitor","floor":23,"key":"SMITH"},{"data":"Leap","floor":27,"key":"SMITH"},{"floor":29,"key":"REST"},{"floor":32,"key":"REST"},{"floor":41,"key":"REST"},{"data":"Seek","floor":45,"key":"SMITH"},{"data":"Tempest","floor":47,"key":"SMITH"},{"floor":49,"key":"REST"}],"neow_cost":"PERCENT_DAMAGE","seed_source_timestamp":34612681811624,"circlet_count":0,"master_deck":["AscendersBane","Defend_B","Defend_B","Defend_B","Zap","Dualcast","Electrodynamics+1","Ball Lightning","Capacitor+1","Tempest+1","Go for the Eyes","Chill","Hologram+1","Loop+1","Hologram","Biased Cognition+1","Leap+1","Conserve Battery","Reinforced Body","Coolheaded","Self Repair+1","Rainbow","Steam+1","Go for the Eyes","Seek+1","Steam+1","Tempest+1"],"relics":["Cracked Core","Dead Branch","Frozen Egg 2","Mango","Empty Cage","Bag of Preparation","Pocketwatch","Boot","DataDisk","White Beast Statue","Orichalcum","Happy Flower"],"potions_floor_usage":[24,40,42,48,50],"damage_taken":[{"damage":0,"enemies":"Cultist","floor":1,"turns":3},{"damage":5,"enemies":"Small Slimes","floor":3,"turns":3},{"damage":11,"enemies":"2 Louse","floor":4,"turns":2},{"damage":7,"enemies":"Looter","floor":5,"turns":3},{"damage":0,"enemies":"Lots of Slimes","floor":7,"turns":1},{"damage":8,"enemies":"Blue Slaver","floor":8,"turns":3},{"damage":13,"enemies":"Lagavulin","floor":11,"turns":5},{"damage":8,"enemies":"Looter","floor":13,"turns":2},{"damage":19,"enemies":"Gremlin Nob","floor":14,"turns":4},{"damage":4,"enemies":"Slime Boss","floor":16,"turns":7},{"damage":0,"enemies":"Chosen","floor":18,"turns":3},{"damage":41,"enemies":"Book of Stabbing","floor":24,"turns":9},{"damage":10,"enemies":"2 Thieves","floor":25,"turns":2},{"damage":12,"enemies":"Shelled Parasite and Fungi","floor":30,"turns":6},{"damage":8,"enemies":"3 Cultists","floor":31,"turns":4},{"damage":24,"enemies":"Champ","floor":33,"turns":14},{"damage":21,"enemies":"3 Darklings","floor":35,"turns":5},{"damage":0,"enemies":"3 Shapes","floor":37,"turns":3},{"damage":15,"enemies":"Maw","floor":38,"turns":7},{"damage":66,"enemies":"Giant Head","floor":40,"turns":12},{"damage":22,"enemies":"Spire Growth","floor":42,"turns":7},{"damage":9,"enemies":"4 Shapes","floor":44,"turns":4},{"damage":11,"enemies":"Jaw Worm Horde","floor":48,"turns":4},{"damage":66,"enemies":"Time Eater","floor":50,"turns":11}],"seed_played":"5444888313363228080","potions_obtained":[{"floor":3,"key":"FearPotion"},{"floor":4,"key":"SpeedPotion"},{"floor":13,"key":"Weak Potion"},{"floor":14,"key":"Energy Potion"},{"floor":16,"key":"GamblersBrew"},{"floor":18,"key":"FairyPotion"},{"floor":30,"key":"Energy Potion"},{"floor":35,"key":"GamblersBrew"},{"floor":40,"key":"Regen Potion"},{"floor":42,"key":"Block Potion"},{"floor":48,"key":"LiquidBronze"}],"is_trial":false,"path_per_floor":["M","$","M","M","M","R","M","M","T","R","E","R","M","E","R","B",null,"M","?","?","$","?","R","E","M","T","R","T","R","M","M","R","B",null,"M","?","M","M","$","E","R","M","T","M","R","?","R","M","R","B",null],"character_chosen":"DEFECT","items_purchased":["Bag of Preparation","Leap","Seek"],"campfire_rested":6,"item_purchase_floors":[21,21,39],"current_hp_per_floor":[50,50,45,34,27,27,27,19,19,41,28,50,42,37,37,33,75,75,75,75,75,75,75,34,24,24,24,24,50,38,30,56,42,77,66,66,76,71,71,15,40,43,43,44,44,44,44,33,58,8],"gold":203,"neow_bonus":"THREE_RARE_CARDS","is_prod":false,"is_daily":false,"chose_seed":false,"campfire_upgraded":6,"win_rate":0,"timestamp":1553557645,"path_taken":["M","?","M","M","M","R","M","M","T","R","E","R","M","E","R","BOSS","M","?","?","$","?","R","E","M","T","R","?","R","?","M","R","BOSS","M","?","M","M","$","E","R","M","T","M","R","?","R","M","R","BOSS"],"build_version":"2019-01-23","purchased_purges":2,"victory":true,"max_hp_per_floor":[75,75,75,75,75,75,75,75,75,75,75,75,75,89,89,89,89,89,89,89,89,89,89,89,89,89,89,89,89,89,89,89,89,89,89,85,85,85,85,85,85,85,85,85,85,85,85,85,85,85],"card_choices":[{"not_picked":["Buffer","Multi-Cast"],"picked":"Electrodynamics","floor":0},{"not_picked":["Beam Cell","Barrage","Steam"],"picked":"SKIP","floor":1},{"not_picked":["Compile Driver","Aggregate"],"picked":"Ball Lightning","floor":3},{"not_picked":["Ball Lightning","Barrage"],"picked":"Capacitor","floor":4},{"not_picked":["Go for the Eyes","Aggregate"],"picked":"Tempest","floor":5},{"not_picked":["Tempest","Gash"],"picked":"Go for the Eyes","floor":7},{"not_picked":["Blizzard","Beam Cell"],"picked":"Chill","floor":8},{"not_picked":["Stack","Turbo"],"picked":"Hologram","floor":11},{"not_picked":["Meteor Strike","Go for the Eyes"],"picked":"Loop+1","floor":13},{"not_picked":["FTL","Stack"],"picked":"Hologram","floor":14},{"not_picked":["All For One","Multi-Cast"],"picked":"Biased Cognition+1","floor":16},{"not_picked":["Hello World+1","Compile Driver","Barrage"],"picked":"SKIP","floor":18},{"not_picked":["Redo","Streamline"],"picked":"Reinforced Body","floor":24},{"not_picked":["Genetic Algorithm","Ball Lightning"],"picked":"Coolheaded","floor":25},{"not_picked":["Coolheaded","Turbo+1","Barrage"],"picked":"SKIP","floor":30},{"not_picked":["Redo","Hyperbeam"],"picked":"Self Repair+1","floor":31},{"not_picked":["Electrodynamics+1","Thunder Strike"],"picked":"Rainbow","floor":33},{"not_picked":["Cold Snap","Ball Lightning+1","Stack"],"picked":"SKIP","floor":35},{"not_picked":["Gash+1","Recycle"],"picked":"Steam+1","floor":37},{"not_picked":["Hologram","Chaos+1"],"picked":"Go for the Eyes","floor":38},{"not_picked":["Sweeping Beam+1","Streamline"],"picked":"Steam+1","floor":40},{"not_picked":["Gash","Compile Driver+1","Cold Snap"],"picked":"SKIP","floor":42},{"not_picked":["Aggregate","Streamline","Force Field"],"picked":"SKIP","floor":44},{"not_picked":["Streamline+1","Steam"],"picked":"Tempest+1","floor":48}],"player_experience":782768,"relics_obtained":[{"floor":9,"key":"Dead Branch"},{"floor":11,"key":"Frozen Egg 2"},{"floor":14,"key":"Mango"},{"floor":24,"key":"Pocketwatch"},{"floor":26,"key":"Boot"},{"floor":28,"key":"DataDisk"},{"floor":40,"key":"Orichalcum"},{"floor":43,"key":"Happy Flower"}],"event_choices":[{"damage_healed":0,"gold_gain":0,"player_choice":"Ignored","damage_taken":0,"max_hp_gain":0,"max_hp_loss":0,"event_name":"Vampires","floor":19,"gold_loss":0},{"damage_healed":0,"gold_gain":0,"player_choice":"Ignored","damage_taken":0,"max_hp_gain":0,"max_hp_loss":0,"event_name":"Cursed Tome","floor":20,"gold_loss":0},{"damage_healed":0,"gold_gain":0,"player_choice":"Read","damage_taken":0,"max_hp_gain":0,"max_hp_loss":0,"event_name":"The Library","floor":22,"gold_loss":0,"cards_obtained":["Conserve Battery"]},{"damage_healed":0,"gold_gain":0,"player_choice":"Max HP","damage_taken":0,"max_hp_gain":0,"max_hp_loss":4,"event_name":"Winding Halls","floor":36,"gold_loss":0},{"cards_removed":["Defend_B"],"damage_healed":0,"gold_gain":0,"player_choice":"Card Removal","damage_taken":0,"max_hp_gain":0,"max_hp_loss":0,"event_name":"Wheel of Change","floor":46,"gold_loss":0}],"is_beta":false,"boss_relics":[{"not_picked":["FrozenCore","Calling Bell"],"picked":"Empty Cage"},{"not_picked":["Runic Dome","Lizard Tail"],"picked":"White Beast Statue"}],"items_purged_floors":[2,21],"is_endless":false,"potions_floor_spawned":[3,4,5,13,14,16,18,30,33,35,37,38,40,42,44,48],"ascension_level":11}