{"gold_per_floor":[112,112,125,75,0,0,0,0,0,12,27,41,41,59,59,154,154,172,144,144,144,157,42,61,61,85,100,119,119,119,8,8,8],"floor_reached":33,"playtime":3705,"items_purged":["Strike_G"],"score":311,"play_id":"9d53e88c-5058-4152-8ef9-7a8923fc04f6","local_time":"20180906190502","is_ascension_mode":true,"campfire_choices":[{"data":"Neutralize","floor":6,"key":"SMITH"},{"data":"Well Laid Plans","floor":8,"key":"SMITH"},{"floor":15,"key":"REST"},{"floor":25,"key":"REST"},{"floor":29,"key":"REST"},{"data":"Footwork","floor":32,"key":"SMITH"}],"neow_cost":"","seed_source_timestamp":14364764858148,"circlet_count":0,"master_deck":["Defend_G","Defend_G","Defend_G","Defend_G","Defend_G+1","Strike_G+1","Survivor","Neutralize+1","Quick Slash","Quick Slash","Well Laid Plans+1","Flying Knee","Dodge and Roll","Heel Hook","Backflip","After Image","Quick Slash","Footwork+1","Deflect","Blur","Dodge and Roll+1","Terror","Finisher","Acrobatics","PanicButton","Backflip","Dodge and Roll+1","Blur"],"relics":["Ring of the Snake","Bottled Tornado","Orrery","Omamori","Mercury Hourglass"],"potions_floor_usage":[16,27,28,28],"damage_taken":[{"damage":2,"enemies":"Small Slimes","floor":1,"turns":5},{"damage":0,"enemies":"Cultist","floor":3,"turns":4},{"damage":1,"enemies":"2 Louse","floor":10,"turns":3},{"damage":10,"enemies":"Gremlin Gang","floor":11,"turns":4},{"damage":3,"enemies":"Looter","floor":12,"turns":3},{"damage":2,"enemies":"Exordium Wildlife","floor":14,"turns":2},{"damage":4,"enemies":"The Guardian","floor":16,"turns":14},{"damage":6,"enemies":"Chosen","floor":18,"turns":7},{"damage":7,"enemies":"2 Thieves","floor":19,"turns":5},{"damage":7,"enemies":"Snecko","floor":22,"turns":8},{"damage":10,"enemies":"Centurion and Healer","floor":24,"turns":8},{"damage":4,"enemies":"Cultist and Chosen","floor":27,"turns":12},{"damage":31,"enemies":"Snecko","floor":28,"turns":8},{"damage":42,"enemies":"Champ","floor":33,"turns":22}],"seed_played":"4458578683593162088","potions_obtained":[{"floor":3,"key":"SkillPotion"},{"floor":11,"key":"GamblersBrew"},{"floor":12,"key":"SmokeBomb"},{"floor":19,"key":"SteroidPotion"},{"floor":24,"key":"PowerPotion"},{"floor":27,"key":"AttackPotion"}],"is_trial":false,"path_per_floor":["M","?","M","?","$","R","?","R","T","M","M","M","?","M","R","B",null,"M","M","?","?","M","$","M","R","T","M","M","R","?","$","R"],"character_chosen":"THE_SILENT","items_purchased":["Well Laid Plans","Acrobatics","PanicButton","Blur"],"campfire_rested":3,"item_purchase_floors":[5,23,23,31],"current_hp_per_floor":[61,61,61,61,61,61,54,54,54,53,43,40,26,24,45,41,63,57,50,50,50,43,43,33,54,54,50,19,40,40,40,40,0],"gold":8,"neow_bonus":"","is_prod":false,"is_daily":false,"chose_seed":false,"campfire_upgraded":3,"win_rate":0,"timestamp":1536257102,"path_taken":["M","?","?","?","$","R","?","R","T","M","M","M","?","?","R","BOSS","M","M","?","?","?","$","M","R","T","?","M","R","?","$","R","BOSS"],"build_version":"2018-08-30","purchased_purges":1,"victory":false,"max_hp_per_floor":[70,70,70,70,70,70,70,70,70,70,70,70,70,70,70,70,70,70,70,70,70,70,70,70,70,70,70,70,70,70,70,70,70],"card_choices":[{"not_picked":["Deadly Poison","Choke"],"picked":"Quick Slash","floor":1},{"not_picked":["Concentrate","Masterful Stab"],"picked":"Quick Slash","floor":3},{"not_picked":["Dagger Spray","PiercingWail"],"picked":"Flying Knee","floor":10},{"not_picked":["Slice","Dagger Throw"],"picked":"Dodge and Roll","floor":11},{"not_picked":["All Out Attack","Sucker Punch"],"picked":"Heel Hook","floor":12},{"not_picked":["Skewer","PiercingWail"],"picked":"Backflip","floor":14},{"not_picked":["Tools of the Trade","Grand Finale"],"picked":"After Image","floor":16},{"not_picked":["Masterful Stab","Outmaneuver"],"picked":"Quick Slash","floor":17},{"not_picked":["Predator","Leg Sweep"],"picked":"Footwork","floor":17},{"not_picked":["Catalyst","Tactician"],"picked":"Deflect","floor":17},{"not_picked":["Dash","Deadly Poison"],"picked":"Blur","floor":17},{"not_picked":["Blade Dance","Dagger Throw"],"picked":"Dodge and Roll+1","floor":18},{"not_picked":["Deadly Poison","Riddle With Holes","Underhanded Strike+1"],"picked":"SKIP","floor":19},{"not_picked":["Deflect","Bouncing Flask"],"picked":"Finisher","floor":22},{"not_picked":["Acrobatics","Dagger Spray"],"picked":"Backflip","floor":24},{"not_picked":["Tactician","Wraith Form v2","Underhanded Strike+1"],"picked":"SKIP","floor":27},{"not_picked":["Deflect+1","Well Laid Plans"],"picked":"Dodge and Roll+1","floor":28}],"player_experience":330704,"relics_obtained":[{"floor":9,"key":"Bottled Tornado"},{"floor":26,"key":"Omamori"}],"event_choices":[{"event_name":"The Woman in Blue","player_choice":"Bought 0 Potions","floor":2,"damage_taken":0},{"event_name":"The Cleric","player_choice":"Card Removal","floor":4,"damage_taken":0},{"event_name":"Golden Wing","player_choice":"Card Removal","floor":7,"damage_taken":0},{"event_name":"Shining Light","player_choice":"Entered Light","floor":13,"damage_taken":0},{"event_name":"Wheel of Change","player_choice":"Card Removal","floor":20,"damage_taken":0},{"event_name":"The Library","player_choice":"Read","floor":21,"damage_taken":0},{"event_name":"WeMeetAgain","player_choice":"Potion","floor":30,"damage_taken":0}],"is_beta":false,"boss_relics":[{"not_picked":["Runic Dome","Black Star"],"picked":"Orrery"}],"items_purged_floors":[31],"is_endless":false,"potions_floor_spawned":[3,11,12,19,24,27],"killed_by":"Champ","ascension_level":6}