{"gold_per_floor":[116,135,149,149,160,160,188,188,188,188,201,237,261,261,273,416,428,454,479,514,486,523,535,586,598,634,37,71,84,107,148,148,279,279,292,292,307,307,307,307,328,672,672,690,708,42,42,42,42,42],"floor_reached":50,"playtime":3283,"items_purged":[],"score":647,"play_id":"d73f312c-8e5b-4eab-a7da-a9dc036ef43c","local_time":"20181128223039","is_ascension_mode":true,"campfire_choices":[{"data":"Caltrops","floor":6,"key":"SMITH"},{"data":"Dagger Spray","floor":10,"key":"SMITH"},{"floor":15,"key":"REST"},{"floor":23,"key":"REST"},{"data":"A Thousand Cuts","floor":25,"key":"SMITH"},{"floor":32,"key":"REST"},{"data":"Leg Sweep","floor":40,"key":"SMITH"},{"floor":47,"key":"REST"},{"data":"Noxious Fumes","floor":49,"key":"SMITH"}],"neow_cost":"NONE","seed_source_timestamp":107949412562100,"circlet_count":0,"master_deck":["Defend_G","Defend_G","Defend_G+1","Defend_G","Defend_G","Strike_G","Strike_G","Strike_G","Strike_G","Strike_G","Survivor","Neutralize","Dagger Spray+1","Backstab+1","Slice","Caltrops+1","Leg Sweep+1","Injury","Sucker Punch","Dash","Heel Hook","A Thousand Cuts+1","Cloak And Dagger+1","All Out Attack","Backflip+1","Deflect","Quick Slash+1","Dagger Spray","Dagger Throw+1","All Out Attack","Cloak And Dagger","Flying Knee+1","A Thousand Cuts+1","Acrobatics+1","Well Laid Plans","Madness","Madness","Predator","Infinite Blades","Noxious Fumes+1","Blade Dance","Backstab","Footwork","Chrysalis"],"relics":["Ring of the Snake","NlothsMask","Orichalcum","Golden Idol","Incense Burner","MawBank","Philosopher\u0027s Stone","PreservedInsect","Happy Flower","Tiny Chest","Mercury Hourglass","TheAbacus","Bag of Preparation","Gremlin Horn","Eternal Feather","Bottled Tornado","Old Coin","Matryoshka","Strange Spoon","Question Card","Ginger"],"potions_floor_usage":[12,16,20,22,24,24,33,42,45,45,50,50],"damage_taken":[{"damage":0,"enemies":"2 Louse","floor":1,"turns":2},{"damage":0,"enemies":"Cultist","floor":2,"turns":4},{"damage":0,"enemies":"Jaw Worm","floor":3,"turns":3},{"damage":0,"enemies":"Looter","floor":5,"turns":3},{"damage":14,"enemies":"3 Sentries","floor":7,"turns":6},{"damage":24,"enemies":"Gremlin Gang","floor":11,"turns":4},{"damage":3,"enemies":"Lagavulin","floor":12,"turns":7},{"damage":6,"enemies":"Exordium Thugs","floor":13,"turns":4},{"damage":33,"enemies":"Slime Boss","floor":16,"turns":11},{"damage":1,"enemies":"Spheric Guardian","floor":18,"turns":4},{"damage":5,"enemies":"Chosen","floor":19,"turns":5},{"damage":19,"enemies":"Snake Plant","floor":20,"turns":4},{"damage":5,"enemies":"3 Cultists","floor":22,"turns":4},{"damage":13,"enemies":"Book of Stabbing","floor":24,"turns":5},{"damage":0,"enemies":"Gremlin Leader","floor":28,"turns":4},{"damage":1,"enemies":"Snecko","floor":29,"turns":4},{"damage":14,"enemies":"Snake Plant","floor":30,"turns":3},{"damage":2,"enemies":"Slavers","floor":31,"turns":2},{"damage":58,"enemies":"Champ","floor":33,"turns":13},{"damage":17,"enemies":"3 Darklings","floor":35,"turns":3},{"damage":6,"enemies":"Orb Walker","floor":37,"turns":2},{"damage":20,"enemies":"Spire Growth","floor":41,"turns":4},{"damage":13,"enemies":"Giant Head","floor":42,"turns":7},{"damage":15,"enemies":"Sphere and 2 Shapes","floor":44,"turns":4},{"damage":0,"enemies":"Jaw Worm Horde","floor":45,"turns":2},{"damage":99,"enemies":"Awakened One","floor":50,"turns":9}],"seed_played":"-4705457110301426796","potions_obtained":[{"floor":5,"key":"FearPotion"},{"floor":11,"key":"Dexterity Potion"},{"floor":16,"key":"Dexterity Potion"},{"floor":18,"key":"Energy Potion"},{"floor":20,"key":"Explosive Potion"},{"floor":22,"key":"SteroidPotion"},{"floor":30,"key":"GhostInAJar"},{"floor":37,"key":"SteroidPotion"},{"floor":41,"key":"Weak Potion"},{"floor":42,"key":"SteroidPotion"}],"is_trial":false,"path_per_floor":["M","M","M","?","M","R","E","?","T","R","M","E","M","?","R","B",null,"M","M","M","?","M","R","E","R","T","$","E","M","M","E","R","B",null,"M","T","M","?","?","R","M","E","T","M","M","$","R","T","R","B"],"character_chosen":"THE_SILENT","items_purchased":["Tiny Chest","Mercury Hourglass","TheAbacus","Dagger Spray","Backstab","Fruit Juice","Strange Spoon","Footwork","Regen Potion","Chrysalis"],"campfire_rested":4,"item_purchase_floors":[27,27,27,27,46,46,46,46,46,46],"current_hp_per_floor":[77,77,77,77,77,77,63,63,63,63,39,36,30,23,46,13,77,76,71,52,52,47,70,57,57,57,57,57,56,42,40,63,5,77,60,60,54,44,44,65,45,32,32,17,17,17,64,64,77,0],"gold":42,"neow_bonus":"TEN_PERCENT_HP_BONUS","is_prod":false,"is_daily":false,"chose_seed":false,"campfire_upgraded":5,"win_rate":0,"timestamp":1543451439,"path_taken":["M","M","M","?","?","R","E","?","T","R","M","E","M","?","R","BOSS","M","M","M","?","M","R","E","R","T","$","E","?","M","E","R","BOSS","M","?","M","?","?","R","M","E","T","?","M","$","R","?","R","BOSS"],"build_version":"2018-11-15","purchased_purges":0,"victory":false,"max_hp_per_floor":[77,77,77,77,77,77,77,77,77,77,77,77,77,77,77,77,77,77,77,77,77,77,77,77,77,77,77,77,77,77,77,77,77,77,77,77,77,77,77,77,77,77,77,77,77,77,77,77,77,82],"card_choices":[{"not_picked":["Deflect","Prepared"],"picked":"Dagger Spray","floor":1},{"not_picked":["Bane","Heel Hook"],"picked":"Backstab","floor":2},{"not_picked":["Outmaneuver","Masterful Stab"],"picked":"Slice","floor":3},{"not_picked":["PiercingWail","Escape Plan"],"picked":"Caltrops","floor":5},{"not_picked":["Bane","Underhanded Strike"],"picked":"Leg Sweep","floor":7},{"not_picked":["Blade Dance","Underhanded Strike"],"picked":"Sucker Punch","floor":11},{"not_picked":["Dagger Throw","Acrobatics"],"picked":"Dash","floor":12},{"not_picked":["Outmaneuver","Grand Finale"],"picked":"Heel Hook","floor":13},{"not_picked":["Malaise","Night Terror"],"picked":"A Thousand Cuts","floor":16},{"not_picked":["Deflect+1","Blade Dance"],"picked":"Cloak And Dagger+1","floor":18},{"not_picked":["Reflex","Flechettes"],"picked":"All Out Attack","floor":19},{"not_picked":["Blade Dance","Deflect"],"picked":"Backflip+1","floor":20},{"not_picked":["Doppelganger","Outmaneuver"],"picked":"Deflect","floor":22},{"not_picked":["Heel Hook+1","Blade Dance+1"],"picked":"Quick Slash+1","floor":24},{"not_picked":["Eviscerate","Backflip"],"picked":"Dagger Throw+1","floor":28},{"not_picked":["Backflip","Malaise"],"picked":"All Out Attack","floor":29},{"not_picked":["Dodge and Roll","Quick Slash"],"picked":"Cloak And Dagger","floor":30},{"not_picked":["Poisoned Stab+1","Prepared+1"],"picked":"Flying Knee+1","floor":31},{"not_picked":["Venomology","Die Die Die"],"picked":"A Thousand Cuts","floor":33},{"not_picked":["Flying Knee","Blade Dance+1"],"picked":"Acrobatics+1","floor":35},{"not_picked":["Flying Knee","Deadly Poison"],"picked":"Well Laid Plans","floor":37},{"not_picked":["Bane+1","Deflect"],"picked":"Predator","floor":41},{"not_picked":["Outmaneuver","Eviscerate+1"],"picked":"Infinite Blades","floor":42},{"not_picked":["Sucker Punch+1","Slice"],"picked":"Noxious Fumes","floor":44},{"not_picked":["Underhanded Strike","Catalyst+1"],"picked":"Blade Dance","floor":45}],"player_experience":227382,"relics_obtained":[{"floor":7,"key":"Orichalcum"},{"floor":12,"key":"Incense Burner"},{"floor":24,"key":"PreservedInsect"},{"floor":26,"key":"Happy Flower"},{"floor":28,"key":"Bag of Preparation"},{"floor":31,"key":"Gremlin Horn"},{"floor":36,"key":"Bottled Tornado"},{"floor":42,"key":"Old Coin"},{"floor":43,"key":"Matryoshka"},{"floor":48,"key":"Question Card"},{"floor":48,"key":"Ginger"}],"event_choices":[{"damage_healed":0,"gold_gain":0,"player_choice":"Trade","damage_taken":0,"relics_obtained":["NlothsMask"],"max_hp_gain":0,"max_hp_loss":0,"event_name":"FaceTrader","floor":4,"gold_loss":0},{"damage_healed":0,"gold_gain":0,"player_choice":"Take Wound","damage_taken":0,"relics_obtained":["Golden Idol"],"max_hp_gain":0,"max_hp_loss":0,"event_name":"Golden Idol","floor":8,"gold_loss":0,"cards_obtained":["Injury"]},{"damage_healed":0,"gold_gain":0,"player_choice":"Success","damage_taken":7,"relics_obtained":["MawBank"],"max_hp_gain":0,"max_hp_loss":0,"event_name":"Scrap Ooze","floor":14,"gold_loss":0},{"damage_healed":0,"gold_gain":0,"player_choice":"Upgraded Two","damage_taken":0,"max_hp_gain":0,"max_hp_loss":0,"event_name":"Designer","floor":21,"gold_loss":40,"cards_upgraded":["Defend_G","Backstab"]},{"damage_healed":0,"gold_gain":0,"player_choice":"Embrace Madness","damage_taken":10,"max_hp_gain":0,"max_hp_loss":0,"event_name":"Winding Halls","floor":38,"gold_loss":0,"cards_obtained":["Madness","Madness"]},{"damage_healed":0,"gold_gain":0,"player_choice":"Upgraded","damage_taken":0,"max_hp_gain":0,"max_hp_loss":0,"event_name":"Upgrade Shrine","floor":39,"gold_loss":0,"cards_upgraded":["A Thousand Cuts"]}],"is_beta":false,"boss_relics":[{"not_picked":["Ring of the Serpent","Ectoplasm"],"picked":"Philosopher\u0027s Stone"},{"not_picked":["Astrolabe","WristBlade"],"picked":"Eternal Feather"}],"items_purged_floors":[],"is_endless":false,"potions_floor_spawned":[5,11,16,18,20,22,30,37,41,42],"killed_by":"Awakened One","ascension_level":1}