{"path_per_floor":["M","?","$","M","?","E","R","?","T","?","R","M","E","T","R","B",null,"M","M","$","M","?","?"],"character_chosen":"THE_SILENT","items_purchased":["Dodge and Roll","Happy Flower","Oddly Smooth Stone","Backflip"],"gold_per_floor":[99,99,1,20,20,54,54,54,54,54,54,73,117,172,172,300,300,318,342,13,36,36,36],"floor_reached":24,"campfire_rested":0,"playtime":2021,"current_hp_per_floor":[70,63,63,63,63,49,49,49,49,49,49,49,47,47,47,27,65,52,52,52,51,51,51],"items_purged":["Strike_G"],"gold":36,"score":202,"play_id":"25b5187d-4fe2-4364-8686-09738c5a9645","is_prod":false,"is_daily":false,"is_ascension_mode":false,"campfire_upgraded":3,"path_taken":["M","?","?","M","?","E","R","?","T","?","R","M","E","?","R","BOSS","M","M","$","M","?","?","E"],"build_version":"2018-02-08-PROD1","purchased_purges":1,"victory":false,"master_deck":["Defend_G","Defend_G","Defend_G","Defend_G","Defend_G","Strike_G","Strike_G","Strike_G","Survivor","Neutralize+1","Deadly Poison","Dodge and Roll+1","Noxious Fumes+1","Outmaneuver","Backflip","Bullet Time","Envenom","Normality","Poisoned Stab","Footwork+1","Backflip","Doppelganger"],"max_hp_per_floor":[70,70,70,70,70,70,70,65,65,65,65,65,65,65,65,65,65,65,65,65,65,65,65],"relics":["Ring of the Snake","Ancient Tea Set","Letter Opener","Bloody Idol","Omamori","Tingsha","Juzu Bracelet","Calling Bell","Ninja Scroll","Shuriken","Peace Pipe","Happy Flower","Oddly Smooth Stone","Lantern"],"card_choices":[{"not_picked":["Blade Dance","Bane"],"picked":"Deadly Poison"},{"not_picked":["Sucker Punch","Blur"],"picked":"Noxious Fumes"},{"not_picked":["Slice","Dodge and Roll"],"picked":"Outmaneuver"},{"not_picked":["Doppelganger","Backstab"],"picked":"Backflip"},{"not_picked":["Sucker Punch","Blade Dance"],"picked":"Bullet Time"},{"not_picked":["Bullet Time","Corpse Explosion"],"picked":"Envenom"},{"not_picked":["Deflect","Dagger Spray"],"picked":"Poisoned Stab"},{"not_picked":["Poisoned Stab","Caltrops"],"picked":"Footwork"},{"not_picked":["Acrobatics","Dash"],"picked":"Doppelganger"}],"player_experience":69463,"potions_floor_usage":[6,24,24],"damage_taken":[{"damage":0,"enemies":"Jaw Worm","floor":1,"turns":6},{"damage":0,"enemies":"Small Slimes","floor":4,"turns":4},{"damage":14,"enemies":"Gremlin Nob","floor":6,"turns":5},{"damage":0,"enemies":"Cultist","floor":12,"turns":3},{"damage":2,"enemies":"Lagavulin","floor":13,"turns":8},{"damage":20,"enemies":"Slime Boss","floor":16,"turns":11},{"damage":13,"enemies":"3 Byrds","floor":18,"turns":6},{"damage":0,"enemies":"Shell Parasite","floor":19,"turns":7},{"damage":1,"enemies":"Snecko","floor":21,"turns":6},{"damage":51,"enemies":"Slavers","floor":24,"turns":4}],"event_choices":[{"event_name":"Golden Wing","player_choice":"Card Removal","floor":2,"damage_taken":0},{"event_name":"Big Fish","player_choice":"Box","floor":5,"damage_taken":0},{"event_name":"Golden Idol","player_choice":"Lose Max HP","floor":8,"damage_taken":0},{"event_name":"Living Wall","player_choice":"Forget","floor":10,"damage_taken":0},{"event_name":"The Mausoleum","player_choice":"Yes","floor":22,"damage_taken":0},{"event_name":"Forgotten Altar","player_choice":"Gave Idol","floor":23,"damage_taken":0}],"boss_relics":[{"not_picked":["The Specimen","Runic Pyramid"],"picked":"Calling Bell"}],"potions_floor_spawned":[1,19,21],"seed_played":"4278852570512275903","killed_by":"Slavers","ascension_level":0,"is_trial":false}