{"gold_per_floor":[113,113,168,183,198,233,233,298,298,313,351,351,386,405,405,405],"floor_reached":16,"playtime":722,"items_purged":[],"score":163,"play_id":"63eef188-1dd8-466d-9a90-03a41b42e7d2","local_time":"20190330133506","is_ascension_mode":true,"campfire_choices":[{"floor":7,"key":"REST"},{"floor":12,"key":"REST"},{"floor":15,"key":"RECALL"}],"neow_cost":"NONE","seed_source_timestamp":13216750840800,"circlet_count":0,"master_deck":["Strike_B","Strike_B","Strike_B","Strike_B+1","Defend_B","Defend_B","Defend_B","Defend_B","Zap","Dualcast","Sweeping Beam","Injury","Self Repair","Rebound+1","Sunder","Capacitor","FTL","Rebound","Leap"],"relics":["Cracked Core","NeowsBlessing","Golden Idol","PreservedInsect","Anchor","Whetstone","Shovel","Pear","Mango"],"potions_floor_usage":[6,6,8,11],"damage_taken":[{"damage":0,"enemies":"Jaw Worm","floor":1,"turns":1},{"damage":0,"enemies":"Small Slimes","floor":4,"turns":1},{"damage":0,"enemies":"2 Louse","floor":5,"turns":1},{"damage":31,"enemies":"3 Sentries","floor":6,"turns":9},{"damage":16,"enemies":"Gremlin Nob","floor":8,"turns":3},{"damage":26,"enemies":"Exordium Thugs","floor":10,"turns":4},{"damage":30,"enemies":"Lagavulin","floor":11,"turns":4},{"damage":8,"enemies":"Gremlin Nob","floor":13,"turns":3},{"damage":0,"enemies":"3 Louse","floor":14,"turns":2},{"damage":38,"enemies":"The Guardian","floor":16,"turns":7}],"seed_played":"3244951256933835876","potions_obtained":[{"floor":1,"key":"Dexterity Potion"},{"floor":4,"key":"Swift Potion"},{"floor":6,"key":"FearPotion"},{"floor":8,"key":"FearPotion"}],"is_trial":false,"path_per_floor":["M","?","T","M","M","E","R","?","T","M","E","R","E","M","R","B"],"character_chosen":"DEFECT","items_purchased":[],"campfire_rested":2,"item_purchase_floors":[],"current_hp_per_floor":[75,75,75,75,75,51,73,64,64,45,25,50,63,63,63,25],"gold":405,"neow_bonus":"THREE_ENEMY_KILL","is_prod":false,"is_daily":false,"chose_seed":false,"campfire_upgraded":0,"win_rate":0,"timestamp":1553963706,"path_taken":["M","?","?","M","M","E","R","?","T","M","E","R","E","M","R","BOSS"],"build_version":"2019-01-23","purchased_purges":0,"victory":false,"max_hp_per_floor":[75,75,75,75,75,75,75,75,75,75,85,85,99,99,99,99],"card_choices":[{"not_picked":["Skim","Consume"],"picked":"Sweeping Beam","floor":1},{"not_picked":["Go for the Eyes","Tempest"],"picked":"Self Repair","floor":4},{"not_picked":["Leap","Compile Driver"],"picked":"Rebound","floor":5},{"not_picked":["Skim","Recycle","Steam"],"picked":"SKIP","floor":6},{"not_picked":["Compile Driver","Go for the Eyes"],"picked":"Sunder","floor":8},{"not_picked":["Recycle","Steam Power"],"picked":"Capacitor","floor":10},{"not_picked":["All For One","Chaos"],"picked":"FTL","floor":11},{"not_picked":["Steam","Turbo"],"picked":"Rebound","floor":13},{"not_picked":["Gash","Chill"],"picked":"Leap","floor":14}],"player_experience":324547,"relics_obtained":[{"floor":3,"key":"PreservedInsect"},{"floor":6,"key":"Anchor"},{"floor":8,"key":"Whetstone"},{"floor":9,"key":"Shovel"},{"floor":11,"key":"Pear"},{"floor":13,"key":"Mango"}],"event_choices":[{"damage_healed":0,"gold_gain":0,"player_choice":"Take Wound","damage_taken":0,"relics_obtained":["Golden Idol"],"max_hp_gain":0,"max_hp_loss":0,"event_name":"Golden Idol","floor":2,"gold_loss":0,"cards_obtained":["Injury"]},{"damage_healed":0,"gold_gain":30,"player_choice":"Searched \u00272\u0027 times","damage_taken":0,"max_hp_gain":0,"max_hp_loss":0,"event_name":"Dead Adventurer","floor":8,"gold_loss":0}],"is_beta":false,"boss_relics":[],"items_purged_floors":[],"is_endless":false,"potions_floor_spawned":[1,4,6,8],"killed_by":"The Guardian","ascension_level":3}