{"gold_per_floor":[119,130,130,195,207,232,297,297,297,24,55,70,195,32,32,127,127,140,190,63,81,97,130,130,149,172,189,189,202,234,251,251,346,346,360,375,425,8,58,58],"floor_reached":40,"playtime":2831,"items_purged":["Strike_B","Defend_B"],"score":614,"play_id":"fd5b11e8-1038-4427-b77f-136467bd150a","local_time":"20190330220457","is_ascension_mode":true,"campfire_choices":[{"floor":8,"key":"REST"},{"floor":15,"key":"REST"},{"floor":24,"key":"REST"},{"floor":28,"key":"REST"},{"floor":32,"key":"RECALL"}],"neow_cost":"NONE","seed_source_timestamp":41696087690900,"circlet_count":0,"master_deck":["Strike_B","Strike_B","Defend_B","Defend_B","Defend_B","Zap","Dualcast","Deep Breath","Double Energy","Streamline","Storm","Leap","Cold Snap","Conserve Battery","Apotheosis","Buffer","Streamline","Compile Driver","Enlightenment","Seek","Rebound","Barrage+1","Gash+1","Loop","White Noise+1","Compile Driver","Gash+1","Gash+1","Multi-Cast+1","Gash","Barrage","Self Repair","Compile Driver","Forethought+1","Master of Strategy+1","Dramatic Entrance"],"relics":["Cracked Core","SsserpentHead","Vajra","Letter Opener","Calipers","Nuclear Battery","Toxic Egg 2","Bronze Scales","Regal Pillow","Sozu","Mango"],"potions_floor_usage":[22,23,27,31,33,33],"damage_taken":[{"damage":7,"enemies":"Small Slimes","floor":1,"turns":4},{"damage":0,"enemies":"Cultist","floor":2,"turns":3},{"damage":0,"enemies":"2 Louse","floor":4,"turns":2},{"damage":3,"enemies":"2 Fungi Beasts","floor":5,"turns":3},{"damage":34,"enemies":"Lagavulin","floor":6,"turns":6},{"damage":4,"enemies":"Red Slaver","floor":7,"turns":3},{"damage":8,"enemies":"3 Sentries","floor":11,"turns":5},{"damage":7,"enemies":"3 Louse","floor":12,"turns":2},{"damage":0,"enemies":"Slime Boss","floor":16,"turns":7},{"damage":0,"enemies":"Spheric Guardian","floor":18,"turns":3},{"damage":29,"enemies":"3 Byrds","floor":21,"turns":4},{"damage":32,"enemies":"Snake Plant","floor":22,"turns":3},{"damage":19,"enemies":"Slavers","floor":23,"turns":4},{"damage":1,"enemies":"Centurion and Healer","floor":25,"turns":7},{"damage":10,"enemies":"Shelled Parasite and Fungi","floor":27,"turns":3},{"damage":7,"enemies":"Cultist and Chosen","floor":29,"turns":4},{"damage":10,"enemies":"Gremlin Leader","floor":30,"turns":4},{"damage":19,"enemies":"Snake Plant","floor":31,"turns":3},{"damage":30,"enemies":"Automaton","floor":33,"turns":8},{"damage":11,"enemies":"3 Shapes","floor":35,"turns":3},{"damage":9,"enemies":"Orb Walker","floor":36,"turns":3},{"damage":92,"enemies":"Nemesis","floor":40,"turns":5}],"seed_played":"-7277255138638232145","potions_obtained":[{"floor":5,"key":"LiquidBronze"},{"floor":7,"key":"Energy Potion"},{"floor":11,"key":"LiquidBronze"},{"floor":23,"key":"Swift Potion"},{"floor":27,"key":"Weak Potion"},{"floor":30,"key":"Explosive Potion"}],"is_trial":false,"path_per_floor":["M","M","?","M","M","E","M","R","T","$","E","M","?","$","R","B",null,"M","?","$","M","M","E","R","M","T","M","R","M","E","M","R","B",null,"M","M","?","$","?","E"],"character_chosen":"DEFECT","items_purchased":["Apotheosis","Buffer","Enlightenment","Rebound","Mango","Self Repair","Compile Driver"],"campfire_rested":4,"item_purchase_floors":[10,10,14,20,38,38,38],"current_hp_per_floor":[68,68,68,68,65,31,27,49,49,49,41,34,23,23,45,45,75,75,75,75,56,34,15,37,46,46,46,68,61,61,42,42,22,75,64,55,55,69,59,0],"gold":58,"neow_bonus":"RANDOM_COLORLESS","is_prod":false,"is_daily":false,"chose_seed":false,"campfire_upgraded":0,"win_rate":0,"timestamp":1553994297,"path_taken":["M","M","?","?","M","E","?","R","T","$","E","M","?","$","R","BOSS","M","?","$","M","M","E","R","M","T","M","R","M","E","M","R","BOSS","M","M","?","$","?","E"],"build_version":"2019-01-23","purchased_purges":2,"victory":false,"max_hp_per_floor":[75,75,75,75,75,75,75,75,75,75,75,75,75,75,75,75,75,75,75,75,75,75,75,75,75,75,75,75,75,75,75,75,75,75,75,75,75,89,89,89],"card_choices":[{"not_picked":["Beam Cell","Force Field"],"picked":"Double Energy","floor":1},{"not_picked":["Compile Driver","Leap"],"picked":"Streamline","floor":2},{"not_picked":["Turbo","Barrage"],"picked":"Storm","floor":4},{"not_picked":["Barrage","Cold Snap"],"picked":"Leap","floor":5},{"not_picked":["Steam","Doom and Gloom"],"picked":"Cold Snap","floor":6},{"not_picked":["BootSequence","Gash"],"picked":"Conserve Battery","floor":7},{"not_picked":["Reinforced Body","Hyperbeam"],"picked":"Streamline","floor":11},{"not_picked":["Go for the Eyes","Stack"],"picked":"Compile Driver","floor":12},{"not_picked":["Thunder Strike","Hyperbeam"],"picked":"Seek","floor":16},{"not_picked":["Coolheaded","Turbo"],"picked":"Self Repair","floor":18},{"not_picked":["Leap","Streamline+1"],"picked":"Barrage+1","floor":21},{"not_picked":["Beam Cell","Reprogram+1"],"picked":"Gash+1","floor":22},{"not_picked":["Cold Snap","Reprogram+1"],"picked":"Loop","floor":23},{"not_picked":["Double Energy+1","Seek+1"],"picked":"White Noise+1","floor":25},{"not_picked":["Go for the Eyes","Hologram+1"],"picked":"Compile Driver","floor":27},{"not_picked":["Redo+1","Fusion+1"],"picked":"Gash+1","floor":29},{"not_picked":["Darkness+1","Blizzard"],"picked":"Gash+1","floor":30},{"not_picked":["Barrage","Streamline+1"],"picked":"Multi-Cast+1","floor":31},{"not_picked":["Undo+1","Genetic Algorithm+1"],"picked":"Gash","floor":35},{"not_picked":["Hologram+1","Storm"],"picked":"Barrage","floor":36},{"not_picked":["Enlightenment+1","Impatience+1"],"picked":"Forethought+1","floor":39},{"not_picked":["Secret Weapon+1","Panacea+1"],"picked":"Master of Strategy+1","floor":39},{"not_picked":["Sadistic Nature","Bandage Up+1"],"picked":"Dramatic Entrance","floor":39}],"player_experience":325269,"relics_obtained":[{"floor":6,"key":"Vajra"},{"floor":9,"key":"Letter Opener"},{"floor":11,"key":"Calipers"},{"floor":23,"key":"Toxic Egg 2"},{"floor":26,"key":"Bronze Scales"},{"floor":30,"key":"Regal Pillow"}],"event_choices":[{"damage_healed":0,"gold_gain":0,"player_choice":"Trade","damage_taken":0,"relics_obtained":["SsserpentHead"],"max_hp_gain":0,"max_hp_loss":0,"event_name":"FaceTrader","floor":3,"gold_loss":0},{"damage_healed":0,"gold_gain":75,"player_choice":"Gather Gold","damage_taken":11,"max_hp_gain":0,"max_hp_loss":0,"event_name":"World of Goop","floor":13,"gold_loss":0},{"cards_removed":["Strike_B"],"damage_healed":0,"gold_gain":0,"player_choice":"Purged","damage_taken":0,"max_hp_gain":0,"max_hp_loss":0,"event_name":"Purifier","floor":19,"gold_loss":0},{"cards_removed":["Self Repair"],"damage_healed":0,"gold_gain":0,"player_choice":"Removed Power","damage_taken":0,"max_hp_gain":0,"max_hp_loss":0,"event_name":"Falling","floor":37,"gold_loss":0},{"damage_healed":0,"gold_gain":0,"player_choice":"Memory 3","damage_taken":10,"max_hp_gain":0,"max_hp_loss":0,"event_name":"SensoryStone","floor":39,"gold_loss":0}],"is_beta":false,"boss_relics":[{"not_picked":["Busted Crown","Tiny House"],"picked":"Nuclear Battery"},{"not_picked":["Eternal Feather","Coffee Dripper"],"picked":"Sozu"}],"items_purged_floors":[14,20],"is_endless":false,"potions_floor_spawned":[5,7,11,21,23,27,30],"killed_by":"Nemesis","ascension_level":3}