{"gold_per_floor":[115,115,126,140,159,159,176,176,246,31,31,48,64,81,81,185,185,195,195,195,195,205,205,108,108],"floor_reached":25,"playtime":997,"items_purged":["Injury"],"score":327,"play_id":"8fe43db7-a727-4acd-a02e-21dcbfa2d844","local_time":"20181029202813","is_ascension_mode":true,"campfire_choices":[{"data":"Go for the Eyes","floor":6,"key":"SMITH"},{"data":"Dualcast","floor":8,"key":"SMITH"},{"floor":15,"key":"REST"},{"floor":23,"key":"REST"}],"neow_cost":"CURSE","seed_source_timestamp":194916870445216,"circlet_count":0,"master_deck":["Strike_B","Strike_B","Defend_B","Defend_B","Defend_B","Zap","Dualcast+1","AscendersBane","Coolheaded","Cold Snap","Go for the Eyes+1","FTL","All For One","FTL","Chaos","Ball Lightning","Fission","Reprogram+1","Consume+1","Storm+1","Redo","Ghostly","Ghostly","Ghostly","Ghostly","Ghostly","Defragment","Good Instincts"],"relics":["Cracked Core","Ginger","Question Card","StoneCalendar","Astrolabe"],"potions_floor_usage":[4],"damage_taken":[{"damage":1,"enemies":"Cultist","floor":1,"turns":3},{"damage":7,"enemies":"Jaw Worm","floor":3,"turns":3},{"damage":8,"enemies":"Small Slimes","floor":4,"turns":3},{"damage":11,"enemies":"Exordium Thugs","floor":5,"turns":7},{"damage":5,"enemies":"Red Slaver","floor":7,"turns":4},{"damage":4,"enemies":"2 Fungi Beasts","floor":12,"turns":2},{"damage":6,"enemies":"Looter","floor":13,"turns":3},{"damage":0,"enemies":"Blue Slaver","floor":14,"turns":2},{"damage":31,"enemies":"Hexaghost","floor":16,"turns":10},{"damage":29,"enemies":"Shell Parasite","floor":18,"turns":5},{"damage":24,"enemies":"Colosseum Slavers","floor":19,"turns":3},{"damage":8,"enemies":"3 Byrds","floor":22,"turns":6},{"damage":25,"enemies":"Cultist and Chosen","floor":25,"turns":6}],"seed_played":"6537667889733672140","potions_obtained":[{"floor":1,"key":"FearPotion"},{"floor":2,"key":"SkillPotion"},{"floor":2,"key":"GamblersBrew"},{"floor":5,"key":"Energy Potion"},{"floor":13,"key":"Strength Potion"},{"floor":22,"key":"FocusPotion"}],"is_trial":false,"path_per_floor":["M","?","M","M","M","R","M","R","T","$","?","M","M","M","R","B",null,"M","?","?","?","M","R","$"],"character_chosen":"DEFECT","items_purchased":["All For One","Good Instincts"],"campfire_rested":2,"item_purchase_floors":[10,24],"current_hp_per_floor":[67,67,60,52,41,41,36,36,36,36,36,32,26,26,48,17,61,32,8,8,20,12,23,23,0],"gold":108,"neow_bonus":"ONE_RARE_RELIC","is_prod":false,"is_daily":false,"chose_seed":false,"campfire_upgraded":2,"win_rate":0,"timestamp":1540844893,"path_taken":["M","?","M","M","?","R","M","R","T","$","?","M","?","M","R","BOSS","M","?","?","?","M","R","?","M"],"build_version":"2018-10-25v2","purchased_purges":1,"victory":false,"max_hp_per_floor":[75,75,75,75,75,75,75,75,75,75,75,75,75,75,75,75,75,75,75,37,37,37,37,37,37],"card_choices":[{"not_picked":["Tempest","Rebound"],"picked":"Coolheaded","floor":1},{"not_picked":["Beam Cell","Steam"],"picked":"Cold Snap","floor":3},{"not_picked":["Turbo","Gash"],"picked":"Go for the Eyes","floor":4},{"not_picked":["Rebound","Compile Driver","Reinforced Body"],"picked":"SKIP","floor":5},{"not_picked":["Compile Driver","Thunder Strike"],"picked":"FTL","floor":7},{"not_picked":["Fusion","Recycle","Barrage"],"picked":"FTL","floor":12},{"not_picked":["Streamline","Lockon","Self Repair"],"picked":"Chaos","floor":13},{"not_picked":["Auto Shields","Rip and Tear","Turbo"],"picked":"Ball Lightning","floor":14},{"not_picked":["Thunder Strike","Meteor Strike","Amplify"],"picked":"Fission","floor":16},{"not_picked":["Streamline","Stack","Lockon+1"],"picked":"Redo","floor":18},{"not_picked":["Reprogram+1","Steam Power","Redo+1"],"picked":"Defragment","floor":22}],"player_experience":488114,"relics_obtained":[{"floor":9,"key":"Question Card"}],"event_choices":[{"damage_healed":0,"gold_gain":0,"player_choice":"Got Potions","damage_taken":0,"max_hp_gain":0,"max_hp_loss":0,"event_name":"The Lab","floor":2,"gold_loss":0},{"damage_healed":0,"gold_gain":0,"player_choice":"Gave Potion","damage_taken":0,"relics_obtained":["StoneCalendar"],"max_hp_gain":0,"max_hp_loss":0,"event_name":"WeMeetAgain","floor":11,"gold_loss":0},{"damage_healed":0,"gold_gain":0,"player_choice":"Fight","damage_taken":0,"max_hp_gain":0,"max_hp_loss":0,"event_name":"Colosseum","floor":19,"gold_loss":0},{"damage_healed":0,"gold_gain":0,"player_choice":"Fled From Nobs","damage_taken":0,"max_hp_gain":0,"max_hp_loss":0,"event_name":"Colosseum","floor":19,"gold_loss":0},{"damage_healed":0,"gold_gain":0,"player_choice":"Became a Ghost","damage_taken":0,"max_hp_gain":0,"max_hp_loss":38,"event_name":"Ghosts","floor":20,"gold_loss":0,"cards_obtained":["Ghostly","Ghostly","Ghostly","Ghostly","Ghostly"]},{"damage_healed":12,"gold_gain":0,"player_choice":"Heal","damage_taken":0,"max_hp_gain":0,"max_hp_loss":0,"event_name":"The Library","floor":21,"gold_loss":0}],"is_beta":false,"boss_relics":[{"not_picked":["Fusion Hammer","Philosopher\u0027s Stone"],"picked":"Astrolabe"}],"items_purged_floors":[10],"is_endless":false,"potions_floor_spawned":[1,5,13,16,18,22],"killed_by":"Cultist and Chosen","ascension_level":11}