{"gold_per_floor":[111,124,124,124,140,171,171,201,201,214,227,94,94,122,122,199,199,212,212,231,281,281,314,327,21,44,44,71,85,185,203,203,203],"floor_reached":33,"playtime":2490,"items_purged":[],"score":578,"play_id":"492035ab-c136-4341-823c-27bc1de939fc","local_time":"20190328215004","is_ascension_mode":true,"campfire_choices":[{"data":"Die Die Die","floor":7,"key":"SMITH"},{"floor":13,"key":"REST"},{"data":"Cloak And Dagger","floor":15,"key":"SMITH"},{"data":"Storm of Steel","floor":27,"key":"SMITH"},{"data":"Blade Dance","floor":32,"key":"SMITH"}],"neow_cost":"NONE","seed_source_timestamp":25698664894254,"circlet_count":0,"master_deck":["AscendersBane","Defend_G","Defend_G","Defend_G","Defend_G","Defend_G","Strike_G","Strike_G","Strike_G","Strike_G","Strike_G","Survivor","Neutralize+1","Die Die Die+1","Decay","Backflip","Finisher","PiercingWail","Blade Dance+1","Infinite Blades","Cloak And Dagger+1","Adrenaline","Cloak And Dagger","Terror+1","Storm of Steel+1","Dagger Throw","Choke","Acrobatics"],"relics":["Ring of the Snake","Ornamental Fan","Ninja Scroll","Singing Bowl","Sundial","Sozu","Question Card","Lantern","Orichalcum","Dodecahedron","Incense Burner","Frozen Egg 2"],"potions_floor_usage":[6,16,33],"damage_taken":[{"damage":0,"enemies":"2 Louse","floor":1,"turns":3},{"damage":0,"enemies":"Cultist","floor":2,"turns":4},{"damage":0,"enemies":"Small Slimes","floor":5,"turns":2},{"damage":14,"enemies":"Gremlin Nob","floor":6,"turns":4},{"damage":39,"enemies":"Lagavulin","floor":8,"turns":8},{"damage":0,"enemies":"Blue Slaver","floor":10,"turns":3},{"damage":2,"enemies":"Exordium Thugs","floor":11,"turns":4},{"damage":0,"enemies":"Gremlin Nob","floor":14,"turns":3},{"damage":10,"enemies":"Slime Boss","floor":16,"turns":11},{"damage":0,"enemies":"Chosen","floor":18,"turns":3},{"damage":0,"enemies":"3 Byrds","floor":20,"turns":4},{"damage":7,"enemies":"Slavers","floor":23,"turns":4},{"damage":0,"enemies":"Snake Plant","floor":24,"turns":2},{"damage":11,"enemies":"Book of Stabbing","floor":28,"turns":4},{"damage":0,"enemies":"3 Cultists","floor":29,"turns":4},{"damage":3,"enemies":"Colosseum Slavers","floor":30,"turns":2},{"damage":0,"enemies":"Colosseum Nobs","floor":30,"turns":4},{"damage":8,"enemies":"Cultist and Chosen","floor":31,"turns":4},{"damage":45,"enemies":"Champ","floor":33,"turns":9}],"seed_played":"-6578320818216102005","potions_obtained":[{"floor":1,"key":"AttackPotion"},{"floor":8,"key":"Fire Potion"},{"floor":11,"key":"Swift Potion"},{"floor":14,"key":"GhostInAJar"},{"floor":16,"key":"LiquidBronze"}],"is_trial":false,"path_per_floor":["M","M","?","?","M","E","R","E","T","M","M","$","R","E","R","B",null,"M","$","M","?","?","E","M","$","T","R","E","M","?","M","R","B"],"character_chosen":"THE_SILENT","items_purchased":["Infinite Blades","Cloak And Dagger","Storm of Steel","Lantern"],"campfire_rested":1,"item_purchase_floors":[12,12,25,25],"current_hp_per_floor":[59,59,59,59,59,45,45,6,6,6,4,4,23,25,25,15,55,55,55,55,55,55,50,52,52,52,52,41,41,38,32,32,0],"gold":203,"neow_bonus":"ONE_RANDOM_RARE_CARD","is_prod":false,"is_daily":false,"chose_seed":false,"campfire_upgraded":4,"win_rate":0,"timestamp":1553806204,"path_taken":["M","M","?","?","M","E","R","E","T","M","M","$","R","E","R","BOSS","M","$","M","?","?","E","M","$","T","R","E","M","?","M","R","BOSS"],"build_version":"2019-01-23","purchased_purges":0,"victory":false,"max_hp_per_floor":[66,66,66,66,66,66,66,66,66,66,66,66,66,68,68,68,68,68,68,68,68,68,70,72,72,72,72,72,72,72,74,74,74],"card_choices":[{"not_picked":["Tactician","Poisoned Stab","Prepared"],"picked":"SKIP","floor":1},{"not_picked":["Cloak And Dagger","Underhanded Strike","Concentrate"],"picked":"SKIP","floor":2},{"not_picked":["Choke","Noxious Fumes"],"picked":"Backflip","floor":5},{"not_picked":["Catalyst","Deadly Poison"],"picked":"Finisher","floor":6},{"not_picked":["Outmaneuver","Predator","Dagger Throw"],"picked":"SKIP","floor":8},{"not_picked":["Sucker Punch","Calculated Gamble"],"picked":"PiercingWail","floor":10},{"not_picked":["Deflect","Quick Slash"],"picked":"Blade Dance","floor":11},{"not_picked":["Dagger Spray","Poisoned Stab","Catalyst"],"picked":"Singing Bowl","floor":14},{"not_picked":["Corpse Explosion","Die Die Die"],"picked":"Adrenaline","floor":16},{"not_picked":["Tactician","Skewer"],"picked":"Cloak And Dagger","floor":18},{"not_picked":["PiercingWail","Dodge and Roll"],"picked":"Terror+1","floor":20},{"not_picked":["Caltrops","Concentrate","Backflip"],"picked":"Singing Bowl","floor":23},{"not_picked":["Dodge and Roll","Underhanded Strike","Bane+1","Prepared"],"picked":"Singing Bowl","floor":24},{"not_picked":["Venomology","Flying Knee+1","Outmaneuver"],"picked":"Dagger Throw","floor":28},{"not_picked":["Footwork","Flying Knee+1","Poisoned Stab"],"picked":"Choke","floor":29},{"not_picked":["Bouncing Flask","Dodge and Roll","Underhanded Strike"],"picked":"Acrobatics","floor":30},{"not_picked":["Escape Plan","Bouncing Flask+1","Deflect","Riddle With Holes"],"picked":"Singing Bowl","floor":31}],"player_experience":815734,"relics_obtained":[{"floor":6,"key":"Ornamental Fan"},{"floor":8,"key":"Ninja Scroll"},{"floor":9,"key":"Singing Bowl"},{"floor":14,"key":"Sundial"},{"floor":23,"key":"Question Card"},{"floor":26,"key":"Orichalcum"},{"floor":28,"key":"Dodecahedron"},{"floor":30,"key":"Incense Burner"},{"floor":30,"key":"Frozen Egg 2"}],"event_choices":[{"damage_healed":0,"gold_gain":0,"player_choice":"Grow","damage_taken":0,"max_hp_gain":0,"max_hp_loss":0,"event_name":"Living Wall","floor":3,"gold_loss":0,"cards_upgraded":["Neutralize"]},{"damage_healed":0,"gold_gain":0,"player_choice":"Cursed","damage_taken":0,"max_hp_gain":0,"max_hp_loss":0,"event_name":"Wheel of Change","floor":4,"gold_loss":0,"cards_obtained":["Decay"]},{"damage_healed":0,"gold_gain":50,"player_choice":"Stole From Cult","damage_taken":0,"max_hp_gain":0,"max_hp_loss":0,"event_name":"Nest","floor":21,"gold_loss":0},{"damage_healed":0,"gold_gain":0,"player_choice":"Ignored","damage_taken":0,"max_hp_gain":0,"max_hp_loss":0,"event_name":"Beggar","floor":22,"gold_loss":0},{"damage_healed":0,"gold_gain":0,"player_choice":"Fight","damage_taken":0,"max_hp_gain":0,"max_hp_loss":0,"event_name":"Colosseum","floor":30,"gold_loss":0},{"damage_healed":0,"gold_gain":0,"player_choice":"Fought Nobs","damage_taken":0,"max_hp_gain":0,"max_hp_loss":0,"event_name":"Colosseum","floor":30,"gold_loss":0}],"is_beta":false,"boss_relics":[{"not_picked":["Runic Dome","Philosopher\u0027s Stone"],"picked":"Sozu"}],"items_purged_floors":[],"is_endless":false,"potions_floor_spawned":[1,8,11,14,16,24,30],"killed_by":"Champ","ascension_level":15}