{"gold_per_floor":[118,118,131,144,156,185,205,230,230,255,255,255,17,32,32,131,131,144,243,39,57,57,91,102,102,102,102],"floor_reached":27,"playtime":2731,"items_purged":[],"score":303,"play_id":"9ed2b7ef-279f-4bc1-a338-324251a54ae1","local_time":"20190323142014","is_ascension_mode":true,"campfire_choices":[{"floor":12,"key":"REST"},{"floor":15,"key":"RECALL"},{"floor":25,"key":"REST"}],"neow_cost":"NONE","seed_source_timestamp":9184816373300,"circlet_count":0,"master_deck":["Strike_B","Strike_B","Strike_B","Defend_B","Defend_B","Defend_B","Defend_B","Zap","Dualcast","Gash","Compile Driver","Sweeping Beam","Ball Lightning","Go for the Eyes","Ball Lightning","Self Repair","Leap","White Noise","Thunder Strike","White Noise","Ball Lightning","Genetic Algorithm","Static Discharge","Core Surge","Ball Lightning"],"relics":["Cracked Core","NeowsBlessing","Gremlin Horn","Smiling Mask","Meat on the Bone","Pantograph","Singing Bowl","Philosopher\u0027s Stone","Dodecahedron"],"potions_floor_usage":[6,6,7,10,23],"damage_taken":[{"damage":0,"enemies":"Jaw Worm","floor":1,"turns":1},{"damage":0,"enemies":"Cultist","floor":3,"turns":1},{"damage":0,"enemies":"Small Slimes","floor":4,"turns":1},{"damage":1,"enemies":"2 Fungi Beasts","floor":5,"turns":3},{"damage":6,"enemies":"Lagavulin","floor":6,"turns":5},{"damage":8,"enemies":"3 Louse","floor":7,"turns":2},{"damage":16,"enemies":"3 Sentries","floor":8,"turns":5},{"damage":35,"enemies":"Lagavulin","floor":10,"turns":6},{"damage":0,"enemies":"Large Slime","floor":14,"turns":4},{"damage":56,"enemies":"The Guardian","floor":16,"turns":11},{"damage":28,"enemies":"Chosen","floor":18,"turns":6},{"damage":10,"enemies":"Shell Parasite","floor":21,"turns":3},{"damage":14,"enemies":"Gremlin Leader","floor":23,"turns":5},{"damage":35,"enemies":"Snake Plant","floor":24,"turns":5},{"damage":59,"enemies":"Slavers","floor":27,"turns":3}],"seed_played":"-6126673783993568199","potions_obtained":[{"floor":2,"key":"SneckoOil"},{"floor":2,"key":"Weak Potion"},{"floor":2,"key":"LiquidBronze"},{"floor":3,"key":"SteroidPotion"},{"floor":6,"key":"Weak Potion"},{"floor":8,"key":"Energy Potion"},{"floor":14,"key":"FocusPotion"},{"floor":23,"key":"Energy Potion"},{"floor":24,"key":"Dexterity Potion"}],"is_trial":false,"path_per_floor":["M","?","M","M","M","E","M","E","T","E","?","R","$","M","R","B",null,"M","?","$","M","?","E","M","R","T","E"],"character_chosen":"DEFECT","items_purchased":["Singing Bowl","Ball Lightning","Genetic Algorithm","Static Discharge"],"campfire_rested":2,"item_purchase_floors":[13,20,20,20],"current_hp_per_floor":[75,75,75,75,74,68,60,44,44,28,21,43,43,50,50,38,75,54,54,54,46,46,51,35,58,58,0],"gold":102,"neow_bonus":"THREE_ENEMY_KILL","is_prod":false,"is_daily":false,"chose_seed":false,"campfire_upgraded":0,"win_rate":0,"timestamp":1553361614,"path_taken":["M","?","M","?","M","E","M","E","T","E","?","R","$","M","R","BOSS","M","?","$","M","?","E","M","R","T","E"],"build_version":"2019-01-23","purchased_purges":0,"victory":false,"max_hp_per_floor":[75,75,75,75,75,75,75,75,75,75,75,75,75,75,75,75,75,75,75,75,77,77,77,77,77,77,77],"card_choices":[{"not_picked":["Turbo","Force Field"],"picked":"Gash","floor":1},{"not_picked":["Beam Cell","Hologram"],"picked":"Compile Driver","floor":3},{"not_picked":["Stack","Barrage"],"picked":"Sweeping Beam","floor":4},{"not_picked":["Redo","Barrage"],"picked":"Ball Lightning","floor":5},{"not_picked":["Meteor Strike","Hologram"],"picked":"Go for the Eyes","floor":6},{"not_picked":["Force Field","Cold Snap"],"picked":"Ball Lightning","floor":7},{"not_picked":["Leap","Biased Cognition"],"picked":"Self Repair","floor":8},{"not_picked":["Reinforced Body","Steam"],"picked":"Leap","floor":10},{"not_picked":["Skim","Fusion"],"picked":"White Noise","floor":14},{"not_picked":["Meteor Strike","Biased Cognition"],"picked":"Thunder Strike","floor":16},{"not_picked":["Sweeping Beam+1","Consume"],"picked":"White Noise","floor":18},{"not_picked":["Skim","Darkness","Compile Driver"],"picked":"Singing Bowl","floor":21},{"not_picked":["Gash+1","Sweeping Beam"],"picked":"Core Surge","floor":23},{"not_picked":["Gash","Redo"],"picked":"Ball Lightning","floor":24}],"player_experience":307739,"relics_obtained":[{"floor":6,"key":"Gremlin Horn"},{"floor":8,"key":"Smiling Mask"},{"floor":9,"key":"Meat on the Bone"},{"floor":10,"key":"Pantograph"},{"floor":23,"key":"Dodecahedron"}],"event_choices":[{"damage_healed":0,"gold_gain":0,"player_choice":"Got Potions","damage_taken":0,"max_hp_gain":0,"max_hp_loss":0,"event_name":"Lab","floor":2,"gold_loss":0},{"cards_removed":["Strike_B"],"damage_healed":0,"gold_gain":0,"player_choice":"Card Removal","damage_taken":7,"max_hp_gain":0,"max_hp_loss":0,"event_name":"Golden Wing","floor":11,"gold_loss":0},{"damage_healed":0,"gold_gain":99,"player_choice":"Stole From Cult","damage_taken":0,"max_hp_gain":0,"max_hp_loss":0,"event_name":"Nest","floor":19,"gold_loss":0},{"damage_healed":0,"gold_gain":0,"player_choice":"Ignored","damage_taken":0,"max_hp_gain":0,"max_hp_loss":0,"event_name":"Vampires","floor":22,"gold_loss":0}],"is_beta":false,"boss_relics":[{"not_picked":["Fusion Hammer","Empty Cage"],"picked":"Philosopher\u0027s Stone"}],"items_purged_floors":[],"is_endless":false,"potions_floor_spawned":[3,6,8,14,23,24],"killed_by":"Slavers","ascension_level":2}