{"gold_per_floor":[110,110,110,110,123,158,177,177,177,48,48,59,77,91,91,91],"floor_reached":16,"playtime":1234,"items_purged":["Bash"],"score":127,"play_id":"93676dd3-8063-486e-a4bc-d03e61b09c17","local_time":"20190218174656","is_ascension_mode":false,"campfire_choices":[{"floor":8,"key":"REST"},{"data":"Anger","floor":15,"key":"SMITH"}],"neow_cost":"PERCENT_DAMAGE","seed_source_timestamp":27348257847485,"circlet_count":0,"master_deck":["Strike_R","Strike_R","Strike_R","Strike_R","Defend_R","Defend_R","Defend_R","Defend_R","Flex","Anger+1","Clash"],"relics":["Burning Blood","Unceasing Top","Dodecahedron","Mango"],"potions_floor_usage":[6,16,16],"damage_taken":[{"damage":0,"enemies":"Small Slimes","floor":1,"turns":3},{"damage":1,"enemies":"2 Louse","floor":5,"turns":3},{"damage":31,"enemies":"Lagavulin","floor":6,"turns":5},{"damage":3,"enemies":"Jaw Worm","floor":7,"turns":4},{"damage":5,"enemies":"Looter","floor":12,"turns":3},{"damage":9,"enemies":"Blue Slaver","floor":13,"turns":3},{"damage":9,"enemies":"3 Louse","floor":14,"turns":3},{"damage":70,"enemies":"The Guardian","floor":16,"turns":10}],"seed_played":"-4906639227802921413","potions_obtained":[{"floor":1,"key":"SkillPotion"},{"floor":12,"key":"SneckoOil"},{"floor":14,"key":"SpeedPotion"}],"is_trial":false,"path_per_floor":["M","?","?","?","M","E","M","R","T","$","?","M","M","M","R","B"],"character_chosen":"IRONCLAD","items_purchased":["Anger"],"campfire_rested":1,"item_purchase_floors":[10],"current_hp_per_floor":[62,62,44,44,49,38,41,69,69,69,74,75,72,69,69,0],"gold":91,"neow_bonus":"ONE_RARE_RELIC","is_prod":false,"is_daily":false,"chose_seed":false,"campfire_upgraded":1,"win_rate":0,"timestamp":1550508416,"path_taken":["M","?","?","?","M","E","M","R","T","$","?","?","M","M","R","BOSS"],"build_version":"2019-01-23","purchased_purges":1,"victory":false,"max_hp_per_floor":[80,80,80,80,80,94,94,94,94,94,99,99,99,99,99,99],"card_choices":[{"not_picked":["Sentinel","Havoc","Wild Strike"],"picked":"SKIP","floor":1},{"not_picked":["True Grit","Reckless Charge"],"picked":"Flex","floor":5},{"not_picked":["Heavy Blade","Clothesline","Thunderclap"],"picked":"SKIP","floor":6},{"not_picked":["True Grit","Spot Weakness","Cleave"],"picked":"SKIP","floor":7},{"not_picked":["Hemokinesis","Heavy Blade","Havoc"],"picked":"SKIP","floor":12},{"not_picked":["Headbutt","Fire Breathing"],"picked":"Clash","floor":13},{"not_picked":["Body Slam","Combust","Immolate"],"picked":"SKIP","floor":14}],"player_experience":641679,"relics_obtained":[{"floor":6,"key":"Mango"}],"event_choices":[{"cards_removed":["Strike_R"],"damage_healed":0,"gold_gain":0,"player_choice":"Forget","damage_taken":0,"max_hp_gain":0,"max_hp_loss":0,"event_name":"Living Wall","floor":2,"gold_loss":0},{"damage_healed":0,"gold_gain":0,"player_choice":"Success","damage_taken":18,"relics_obtained":["Dodecahedron"],"max_hp_gain":0,"max_hp_loss":0,"event_name":"Scrap Ooze","floor":3,"gold_loss":0},{"damage_healed":0,"gold_gain":0,"player_choice":"Ignored","damage_taken":0,"max_hp_gain":0,"max_hp_loss":0,"event_name":"Liars Game","floor":4,"gold_loss":0},{"damage_healed":0,"gold_gain":0,"player_choice":"Donut","damage_taken":0,"max_hp_gain":5,"max_hp_loss":0,"event_name":"Big Fish","floor":11,"gold_loss":0}],"is_beta":false,"boss_relics":[],"items_purged_floors":[10],"is_endless":false,"potions_floor_spawned":[1,12,14],"killed_by":"The Guardian","ascension_level":0}