{"gold_per_floor":[112,123,123,123,142,170,180,214,214,226,401,401,435,451,451,555,555,574,674,46,46,64,64,64,92,117,17,44,58,58,77,77,173,173,189,236,250,2,21,21,38,38,38,57,57,57,91,108,108,108],"floor_reached":51,"playtime":2635,"items_purged":["Regret"],"score":949,"play_id":"f802e380-5a97-447b-8571-007062081cc4","local_time":"20181129201848","is_ascension_mode":true,"campfire_choices":[{"floor":12,"key":"REST"},{"data":"Limit Break","floor":15,"key":"SMITH"},{"floor":23,"key":"REST"},{"floor":32,"key":"REST"},{"data":"1","floor":40,"key":"LIFT"},{"data":"2","floor":42,"key":"LIFT"},{"data":"3","floor":46,"key":"LIFT"},{"floor":49,"key":"REST"}],"neow_cost":"NONE","seed_source_timestamp":13883950734900,"circlet_count":0,"master_deck":["Strike_R","Strike_R","Strike_R","Strike_R","Strike_R","Defend_R","Defend_R","Defend_R","Defend_R","Bash","Limit Break+1","Anger","Wild Strike","Cleave","Combust","Inflame","Feed+1","Cleave+1","Doubt","Blood for Blood+1","Iron Wave+1","Immolate+1","Combust","Cleave+1","Wild Strike+1","Flex+1","Cleave+1","Perfected Strike+1","Battle Trance","Wild Strike+1","Reaper+1","Power Through+1","Twin Strike+1","Combust+1","Rampage+1","Twin Strike+1","Immolate+1","Limit Break+1","Anger+1","Cleave+1"],"relics":["Burning Blood","Happy Flower","Smiling Mask","Molten Egg 2","Centennial Puzzle","Question Card","Cursed Key","Pocketwatch","Pear","Tiny Chest","Brimstone","Matryoshka","Girya","Bag of Preparation","Orichalcum","Omamori","Meat on the Bone","Philosopher\u0027s Stone","Champion Belt","Red Skull","Boot","Darkstone Periapt","Strawberry"],"potions_floor_usage":[8,13,16,25,25,25,28,33,39,47,50],"damage_taken":[{"damage":7,"enemies":"Small Slimes","floor":1,"turns":6},{"damage":6,"enemies":"Jaw Worm","floor":2,"turns":4},{"damage":6,"enemies":"2 Louse","floor":5,"turns":3},{"damage":35,"enemies":"3 Sentries","floor":6,"turns":7},{"damage":12,"enemies":"Looter","floor":7,"turns":3},{"damage":28,"enemies":"Lagavulin","floor":8,"turns":4},{"damage":1,"enemies":"Exordium Wildlife","floor":10,"turns":3},{"damage":0,"enemies":"Gremlin Nob","floor":13,"turns":2},{"damage":0,"enemies":"3 Louse","floor":14,"turns":3},{"damage":46,"enemies":"Hexaghost","floor":16,"turns":7},{"damage":11,"enemies":"2 Thieves","floor":18,"turns":2},{"damage":21,"enemies":"Colosseum Slavers","floor":19,"turns":3},{"damage":51,"enemies":"Colosseum Nobs","floor":19,"turns":5},{"damage":12,"enemies":"Chosen","floor":22,"turns":3},{"damage":33,"enemies":"Book of Stabbing","floor":25,"turns":4},{"damage":14,"enemies":"Gremlin Leader","floor":28,"turns":3},{"damage":0,"enemies":"Snecko","floor":29,"turns":2},{"damage":0,"enemies":"Snake Plant","floor":31,"turns":2},{"damage":41,"enemies":"Automaton","floor":33,"turns":5},{"damage":6,"enemies":"Orb Walker","floor":35,"turns":2},{"damage":41,"enemies":"2 Orb Walkers","floor":36,"turns":3},{"damage":18,"enemies":"3 Shapes","floor":37,"turns":2},{"damage":23,"enemies":"Spire Growth","floor":39,"turns":3},{"damage":23,"enemies":"4 Shapes","floor":41,"turns":3},{"damage":0,"enemies":"3 Darklings","floor":44,"turns":2},{"damage":0,"enemies":"Reptomancer","floor":47,"turns":2},{"damage":0,"enemies":"Sphere and 2 Shapes","floor":48,"turns":1},{"damage":114,"enemies":"Donu and Deca","floor":50,"turns":5}],"seed_played":"5676813155965538800","potions_obtained":[{"floor":6,"key":"SpeedPotion"},{"floor":7,"key":"Poison Potion"},{"floor":8,"key":"AttackPotion"},{"floor":13,"key":"Swift Potion"},{"floor":16,"key":"SpeedPotion"},{"floor":22,"key":"Block Potion"},{"floor":28,"key":"Swift Potion"},{"floor":35,"key":"Ancient Potion"},{"floor":41,"key":"Poison Potion"}],"is_trial":false,"path_per_floor":["M","M","?","?","M","E","M","E","T","M","?","R","E","M","R","B",null,"M","?","$","?","M","R","$","E","T","$","E","M","?","M","R","B",null,"M","?","M","$","M","R","M","R","T","M","?","R","E","M","R","B",null],"character_chosen":"IRONCLAD","items_purchased":["Tiny Chest","Brimstone","Matryoshka","Wild Strike+1","AttackPotion","Red Skull","PowerPotion","Explosive Potion"],"campfire_rested":4,"item_purchase_floors":[20,20,20,20,27,38,38,38],"current_hp_per_floor":[79,79,76,76,76,47,41,19,19,28,28,53,63,73,73,33,92,87,37,37,37,35,66,66,39,39,39,31,37,37,59,92,69,110,114,79,71,71,69,69,68,68,68,74,74,74,117,123,133,41],"gold":108,"neow_bonus":"ONE_RANDOM_RARE_CARD","is_prod":false,"is_daily":false,"chose_seed":false,"campfire_upgraded":1,"win_rate":0,"timestamp":1543529928,"path_taken":["M","M","?","?","M","E","M","E","T","M","?","R","E","?","R","BOSS","M","?","$","?","M","R","?","E","T","$","E","M","?","M","R","BOSS","M","?","M","$","M","R","M","R","T","M","?","R","E","?","R","BOSS"],"build_version":"2018-11-15","purchased_purges":1,"victory":true,"max_hp_per_floor":[80,80,80,80,80,80,80,80,80,84,84,84,88,92,92,92,92,92,102,102,102,106,106,106,106,106,106,106,106,106,110,110,110,110,114,114,118,118,122,122,126,126,126,126,126,126,133,133,133,137],"card_choices":[{"not_picked":["Body Slam","Intimidate"],"picked":"Anger","floor":1},{"not_picked":["Warcry","Thunderclap"],"picked":"Wild Strike","floor":2},{"not_picked":["Body Slam","Sword Boomerang"],"picked":"Cleave","floor":5},{"not_picked":["Heavy Blade","Thunderclap"],"picked":"Combust","floor":6},{"not_picked":["Rampage","Sword Boomerang"],"picked":"Inflame","floor":7},{"not_picked":["Bloodletting","Battle Trance"],"picked":"Feed","floor":8},{"not_picked":["Feel No Pain","Heavy Blade+1"],"picked":"Cleave+1","floor":10},{"not_picked":["Evolve","Thunderclap+1"],"picked":"Blood for Blood+1","floor":13},{"not_picked":["Thunderclap+1","Warcry","Power Through"],"picked":"Iron Wave+1","floor":14},{"not_picked":["Dark Embrace","Fiend Fire+1","Berserk"],"picked":"Immolate+1","floor":16},{"not_picked":["Carnage+1","Pummel+1","Seeing Red"],"picked":"Combust","floor":18},{"not_picked":["Thunderclap+1","Uppercut+1","Reckless Charge+1"],"picked":"Cleave+1","floor":19},{"not_picked":["Rampage+1","Thunderclap+1","Heavy Blade+1"],"picked":"Flex+1","floor":22},{"not_picked":["Shrug It Off","Entrench","Dual Wield"],"picked":"Cleave+1","floor":25},{"not_picked":["Power Through","Clash+1","Combust"],"picked":"Perfected Strike+1","floor":28},{"not_picked":["Pummel+1","True Grit+1","Hemokinesis+1"],"picked":"Battle Trance","floor":29},{"not_picked":["Evolve","Perfected Strike+1","Dropkick+1"],"picked":"Wild Strike+1","floor":31},{"not_picked":["Immolate+1","Juggernaut","Brutality"],"picked":"Reaper+1","floor":33},{"not_picked":["Disarm+1","Iron Wave+1","Fire Breathing"],"picked":"Power Through+1","floor":35},{"not_picked":["Pommel Strike+1","Flex","Entrench+1"],"picked":"Twin Strike+1","floor":36},{"not_picked":["Sever Soul+1","Shockwave+1","Wild Strike+1"],"picked":"Combust+1","floor":37},{"not_picked":["Iron Wave+1","Flex","Havoc"],"picked":"Rampage+1","floor":39},{"not_picked":["True Grit+1","Sever Soul+1","Clothesline+1"],"picked":"Twin Strike+1","floor":41},{"not_picked":["Flex+1","Pommel Strike+1","Heavy Blade+1"],"picked":"Immolate+1","floor":44},{"not_picked":["Dual Wield+1","Disarm+1","Headbutt+1"],"picked":"Anger+1","floor":47},{"not_picked":["Fire Breathing+1","Sword Boomerang+1","Reckless Charge+1"],"picked":"Cleave+1","floor":48}],"player_experience":231365,"relics_obtained":[{"floor":6,"key":"Smiling Mask"},{"floor":8,"key":"Molten Egg 2"},{"floor":9,"key":"Centennial Puzzle"},{"floor":13,"key":"Question Card"},{"floor":19,"key":"Pocketwatch"},{"floor":19,"key":"Pear"},{"floor":25,"key":"Girya"},{"floor":26,"key":"Bag of Preparation"},{"floor":26,"key":"Orichalcum"},{"floor":28,"key":"Omamori"},{"floor":36,"key":"Champion Belt"},{"floor":43,"key":"Boot"},{"floor":43,"key":"Darkstone Periapt"},{"floor":47,"key":"Strawberry"}],"event_choices":[{"damage_healed":0,"gold_gain":0,"player_choice":"Success","damage_taken":3,"relics_obtained":["Happy Flower"],"max_hp_gain":0,"max_hp_loss":0,"event_name":"Scrap Ooze","floor":3,"gold_loss":0},{"damage_healed":0,"gold_gain":0,"player_choice":"Leave","damage_taken":0,"max_hp_gain":0,"max_hp_loss":0,"event_name":"The Cleric","floor":4,"gold_loss":0},{"damage_healed":0,"gold_gain":175,"player_choice":"AGREE","damage_taken":0,"max_hp_gain":0,"max_hp_loss":0,"event_name":"Liars Game","floor":11,"gold_loss":0,"cards_obtained":["Doubt"]},{"damage_healed":0,"gold_gain":0,"player_choice":"Fight","damage_taken":0,"max_hp_gain":0,"max_hp_loss":0,"event_name":"Colosseum","floor":19,"gold_loss":0},{"damage_healed":0,"gold_gain":0,"player_choice":"Fought Nobs","damage_taken":0,"max_hp_gain":0,"max_hp_loss":0,"event_name":"Colosseum","floor":19,"gold_loss":0},{"damage_healed":0,"gold_gain":0,"player_choice":"Ignored","damage_taken":0,"max_hp_gain":0,"max_hp_loss":0,"event_name":"Beggar","floor":21,"gold_loss":0},{"damage_healed":0,"gold_gain":0,"player_choice":"Opened","damage_taken":0,"relics_obtained":["Meat on the Bone"],"max_hp_gain":0,"max_hp_loss":0,"event_name":"The Mausoleum","floor":30,"gold_loss":0},{"damage_healed":0,"gold_gain":0,"player_choice":"Fight","damage_taken":0,"max_hp_gain":0,"max_hp_loss":0,"event_name":"Mysterious Sphere","floor":36,"gold_loss":0},{"damage_healed":0,"gold_gain":0,"player_choice":"Copied","damage_taken":0,"max_hp_gain":0,"max_hp_loss":0,"event_name":"Duplicator","floor":45,"gold_loss":0,"cards_obtained":["Limit Break"]}],"is_beta":false,"boss_relics":[{"not_picked":["Runic Dome","Snecko Eye"],"picked":"Cursed Key"},{"not_picked":["Black Star","Lizard Tail"],"picked":"Philosopher\u0027s Stone"}],"items_purged_floors":[27],"is_endless":false,"potions_floor_spawned":[6,7,8,13,16,19,22,28,35,41],"ascension_level":1}