{"gold_per_floor":[111,86,86,86,99,131,151,151,151,151,140,174,174,184,184,256,256,269,269,269],"floor_reached":20,"playtime":858,"items_purged":[],"score":373,"play_id":"ea350e1d-d0c3-4186-ac14-4c0b76f4cccd","local_time":"20190324221324","is_ascension_mode":true,"campfire_choices":[{"data":"Genetic Algorithm","floor":10,"key":"SMITH"},{"data":"Zap","floor":13,"key":"SMITH"},{"floor":15,"key":"REST"}],"neow_cost":"NONE","seed_source_timestamp":123344580000,"circlet_count":0,"master_deck":["AscendersBane","Strike_B","Strike_B","Strike_B","Strike_B","Defend_B","Defend_B","Defend_B","Defend_B","Zap+1","Dualcast+1","Auto Shields","Coolheaded","Regret","Chill","Go for the Eyes","Genetic Algorithm+1","Conserve Battery","Scrape","Ball Lightning","Buffer","Glacier"],"relics":["FrozenCore","NeowsBlessing","Symbiotic Virus","Shuriken","Gambling Chip"],"potions_floor_usage":[8,12,16,16,20,20],"damage_taken":[{"damage":0,"enemies":"Cultist","floor":1,"turns":1},{"damage":0,"enemies":"Small Slimes","floor":5,"turns":1},{"damage":0,"enemies":"Lagavulin","floor":6,"turns":1},{"damage":0,"enemies":"2 Louse","floor":7,"turns":2},{"damage":3,"enemies":"Exordium Thugs","floor":11,"turns":4},{"damage":48,"enemies":"Gremlin Nob","floor":12,"turns":6},{"damage":2,"enemies":"Looter","floor":14,"turns":3},{"damage":23,"enemies":"Hexaghost","floor":16,"turns":12},{"damage":28,"enemies":"Chosen","floor":18,"turns":6},{"damage":24,"enemies":"Spheric Guardian","floor":20,"turns":5}],"seed_played":"8997499779616997430","potions_obtained":[{"floor":1,"key":"SmokeBomb"},{"floor":7,"key":"FocusPotion"},{"floor":8,"key":"Fruit Juice"},{"floor":8,"key":"Block Potion"},{"floor":14,"key":"EssenceOfSteel"},{"floor":16,"key":"Explosive Potion"},{"floor":18,"key":"FearPotion"}],"is_trial":false,"path_per_floor":["M","$","?","?","M","E","M","?","T","R","M","E","R","M","R","B",null,"M","?","M"],"character_chosen":"DEFECT","items_purchased":["Coolheaded"],"campfire_rested":1,"item_purchase_floors":[2],"current_hp_per_floor":[64,64,64,64,64,64,64,69,69,69,66,18,18,16,38,15,61,33,22,0],"gold":269,"neow_bonus":"THREE_ENEMY_KILL","is_prod":false,"is_daily":false,"chose_seed":false,"campfire_upgraded":2,"win_rate":0,"timestamp":1553465604,"path_taken":["M","$","?","?","M","E","M","?","T","R","M","E","R","?","R","BOSS","M","?","?"],"build_version":"2019-01-23","purchased_purges":0,"victory":false,"max_hp_per_floor":[71,71,71,71,71,71,71,76,76,76,76,76,76,76,76,76,76,76,76,76],"card_choices":[{"not_picked":["Gash","Beam Cell"],"picked":"Auto Shields","floor":1},{"not_picked":["Beam Cell","Sweeping Beam"],"picked":"Chill","floor":5},{"not_picked":["Blizzard","Compile Driver"],"picked":"Go for the Eyes","floor":6},{"not_picked":["Blizzard","Force Field"],"picked":"Genetic Algorithm","floor":7},{"not_picked":["FTL","Beam Cell"],"picked":"Conserve Battery","floor":11},{"not_picked":["Blizzard","Streamline"],"picked":"Scrape","floor":12},{"not_picked":["Genetic Algorithm","Blizzard"],"picked":"Ball Lightning","floor":14},{"not_picked":["Creative AI","Meteor Strike"],"picked":"Buffer","floor":16},{"not_picked":["Cold Snap","Steam"],"picked":"Glacier","floor":18}],"player_experience":630645,"relics_obtained":[{"floor":6,"key":"Shuriken"},{"floor":12,"key":"Gambling Chip"}],"event_choices":[{"damage_healed":0,"gold_gain":0,"player_choice":"Grow","damage_taken":0,"max_hp_gain":0,"max_hp_loss":0,"event_name":"Living Wall","floor":3,"gold_loss":0,"cards_upgraded":["Dualcast"]},{"damage_healed":0,"gold_gain":0,"player_choice":"Box","damage_taken":0,"relics_obtained":["Symbiotic Virus"],"max_hp_gain":0,"max_hp_loss":0,"event_name":"Big Fish","floor":4,"gold_loss":0,"cards_obtained":["Regret"]},{"damage_healed":0,"gold_gain":0,"player_choice":"Got Potions","damage_taken":0,"max_hp_gain":0,"max_hp_loss":0,"event_name":"Lab","floor":8,"gold_loss":0},{"damage_healed":0,"gold_gain":0,"player_choice":"Damaged","damage_taken":11,"max_hp_gain":0,"max_hp_loss":0,"event_name":"Wheel of Change","floor":19,"gold_loss":0}],"is_beta":false,"boss_relics":[{"not_picked":["Black Star","Runic Pyramid"],"picked":"FrozenCore"}],"items_purged_floors":[],"is_endless":false,"potions_floor_spawned":[1,7,11,14,16,18],"killed_by":"Spheric Guardian","ascension_level":16}