{"gold_per_floor":[109,122,138,138,155,155,155,187,187,187,201,201,214,228,228,328,328,345,345,61,72,89,89,115,115,115,125,136,27,43,62,62,62],"floor_reached":33,"playtime":1662,"items_purged":["Strike_R"],"score":366,"play_id":"8772138c-3d27-4383-b103-09157e61cc10","local_time":"20180903144246","is_ascension_mode":true,"campfire_choices":[{"data":"Bash","floor":6,"key":"SMITH"},{"data":"Disarm","floor":10,"key":"SMITH"},{"data":"Flex","floor":12,"key":"SMITH"},{"data":"Iron Wave","floor":15,"key":"SMITH"},{"data":"Whirlwind","floor":23,"key":"SMITH"},{"data":"Rage","floor":32,"key":"SMITH"}],"neow_cost":"PERCENT_DAMAGE","seed_source_timestamp":10676970459095,"circlet_count":0,"master_deck":["Strike_R","Strike_R","Strike_R","Strike_R","Defend_R","Defend_R","Defend_R","Defend_R","Bash+1","Flex+1","Pommel Strike","Disarm+1","Flex+1","Iron Wave+1","Impervious","Dropkick","Reaper","Whirlwind+1","Anger","Inflame","Heavy Blade+1","Pommel Strike+1","Flex+1","Rage+1"],"relics":["Burning Blood","Bag of Preparation","Centennial Puzzle","Eternal Feather","Gremlin Horn","Kunai","Boot","Frozen Egg 2","Bottled Lightning"],"potions_floor_usage":[8,16,18,22,33,33,33],"damage_taken":[{"damage":1,"enemies":"Cultist","floor":1,"turns":3},{"damage":2,"enemies":"2 Louse","floor":2,"turns":3},{"damage":7,"enemies":"Jaw Worm","floor":3,"turns":3},{"damage":5,"enemies":"2 Fungi Beasts","floor":5,"turns":4},{"damage":20,"enemies":"3 Sentries","floor":8,"turns":8},{"damage":8,"enemies":"Blue Slaver","floor":11,"turns":2},{"damage":0,"enemies":"Gremlin Gang","floor":13,"turns":5},{"damage":8,"enemies":"Lots of Slimes","floor":14,"turns":3},{"damage":28,"enemies":"The Guardian","floor":16,"turns":10},{"damage":6,"enemies":"Spheric Guardian","floor":18,"turns":3},{"damage":18,"enemies":"2 Thieves","floor":21,"turns":5},{"damage":43,"enemies":"3 Cultists","floor":22,"turns":7},{"damage":36,"enemies":"Slavers","floor":24,"turns":6},{"damage":13,"enemies":"Centurion and Healer","floor":27,"turns":3},{"damage":18,"enemies":"Cultist and Chosen","floor":28,"turns":7},{"damage":14,"enemies":"Snake Plant","floor":30,"turns":4},{"damage":0,"enemies":"Sentry and Sphere","floor":31,"turns":3},{"damage":111,"enemies":"Champ","floor":33,"turns":10}],"seed_played":"2503677243136105129","potions_obtained":[{"floor":2,"key":"Explosive Potion"},{"floor":5,"key":"AttackPotion"},{"floor":14,"key":"PowerPotion"},{"floor":18,"key":"Fire Potion"},{"floor":24,"key":"Weak Potion"},{"floor":27,"key":"Swift Potion"},{"floor":30,"key":"Weak Potion"},{"floor":31,"key":"SteroidPotion"}],"is_trial":false,"path_per_floor":["M","M","M","?","M","R","?","E","T","R","M","R","M","M","R","B",null,"M","?","$","M","M","R","E","T","T","M","M","$","M","M","R"],"character_chosen":"IRONCLAD","items_purchased":["Kunai","Whirlwind","Rage"],"campfire_rested":0,"item_purchase_floors":[20,20,29],"current_hp_per_floor":[74,78,77,77,78,78,78,64,64,64,62,62,68,66,66,44,83,83,83,83,71,58,70,52,52,52,45,37,37,39,45,57,0],"gold":62,"neow_bonus":"TWENTY_PERCENT_HP_BONUS","is_prod":false,"is_daily":false,"chose_seed":false,"campfire_upgraded":6,"win_rate":0,"timestamp":1535982166,"path_taken":["M","?","M","?","M","R","?","E","T","R","M","R","?","?","R","BOSS","M","?","$","M","M","R","E","?","T","M","M","?","M","M","R","BOSS"],"build_version":"2018-08-30","purchased_purges":1,"victory":false,"max_hp_per_floor":[96,96,96,96,96,96,96,96,96,96,96,96,96,96,96,96,96,96,96,96,96,96,96,96,96,96,96,96,96,96,96,96,96],"card_choices":[{"not_picked":["Entrench","Power Through"],"picked":"Flex","floor":1},{"not_picked":["Sword Boomerang","Perfected Strike"],"picked":"Pommel Strike","floor":2},{"not_picked":["Second Wind","Clothesline"],"picked":"Disarm","floor":3},{"not_picked":["Body Slam","Anger"],"picked":"Flex","floor":5},{"not_picked":["Intimidate","Havoc"],"picked":"Iron Wave","floor":8},{"not_picked":["Combust","Flex","Blood for Blood"],"picked":"SKIP","floor":11},{"not_picked":["Wild Strike","Twin Strike"],"picked":"Impervious","floor":13},{"not_picked":["True Grit","Clash"],"picked":"Dropkick","floor":14},{"not_picked":["Juggernaut","Impervious"],"picked":"Reaper","floor":16},{"not_picked":["Perfected Strike","Headbutt","Entrench"],"picked":"SKIP","floor":18},{"not_picked":["Body Slam","Cleave+1"],"picked":"Anger","floor":21},{"not_picked":["Havoc","Carnage"],"picked":"Inflame","floor":22},{"not_picked":["Barricade","Wild Strike"],"picked":"Heavy Blade+1","floor":24},{"not_picked":["Uppercut","True Grit+1"],"picked":"Pommel Strike+1","floor":27},{"not_picked":["Pommel Strike","Fire Breathing+1"],"picked":"Flex+1","floor":28},{"not_picked":["Rampage","Heavy Blade","Searing Blow"],"picked":"SKIP","floor":30},{"not_picked":["True Grit","Cleave","Perfected Strike"],"picked":"SKIP","floor":31}],"player_experience":306746,"relics_obtained":[{"floor":8,"key":"Bag of Preparation"},{"floor":9,"key":"Centennial Puzzle"},{"floor":24,"key":"Boot"},{"floor":25,"key":"Frozen Egg 2"},{"floor":26,"key":"Bottled Lightning"}],"event_choices":[{"event_name":"The Woman in Blue","player_choice":"Bought 0 Potions","floor":4,"damage_taken":0},{"event_name":"Living Wall","player_choice":"Grow","floor":7,"damage_taken":0},{"event_name":"The Mausoleum","player_choice":"Yes","floor":19,"damage_taken":0}],"is_beta":false,"boss_relics":[{"not_picked":["Philosopher\u0027s Stone","Calling Bell"],"picked":"Eternal Feather"}],"items_purged_floors":[29],"is_endless":false,"potions_floor_spawned":[2,5,14,18,24,27,30,31],"killed_by":"Champ","ascension_level":5}