{"gold_per_floor":[119,131,131,131,131,131,160,100,100,111,122,135,135,155,155,227,227,246,279,12,12,12,46,61,81,150,150,168,38,38,65,65,65],"floor_reached":33,"playtime":1443,"items_purged":["Defend_R"],"score":542,"play_id":"335f5591-615e-4163-b09a-4c022b7c9b8f","local_time":"20190326212500","is_ascension_mode":true,"campfire_choices":[{"data":"Bash","floor":6,"key":"SMITH"},{"data":"Shrug It Off","floor":13,"key":"SMITH"},{"data":"Intimidate","floor":15,"key":"SMITH"},{"floor":30,"key":"REST"},{"floor":32,"key":"REST"}],"neow_cost":"NONE","seed_source_timestamp":20031880491275,"circlet_count":0,"master_deck":["AscendersBane","Strike_R","Strike_R+1","Strike_R","Strike_R","Strike_R+1","Defend_R","Defend_R","Bash+1","Shrug It Off+1","Clash","Clash","Intimidate+1","Immolate","Havoc","Anger","Warcry","J.A.X.","Immolate","True Grit+1","Infernal Blade+1","Corruption+1","Infernal Blade+1","Havoc+1"],"relics":["Burning Blood","Orichalcum","Gremlin Horn","Shuriken","Frozen Egg 2","Fusion Hammer","Red Mask","PreservedInsect","Toxic Egg 2","Bottled Flame","Lantern"],"potions_floor_usage":[14,16,18,19,19,25,28,31,33],"damage_taken":[{"damage":5,"enemies":"Small Slimes","floor":1,"turns":3},{"damage":2,"enemies":"Jaw Worm","floor":2,"turns":6},{"damage":30,"enemies":"3 Sentries","floor":7,"turns":10},{"damage":4,"enemies":"2 Louse","floor":10,"turns":3},{"damage":21,"enemies":"Large Slime","floor":11,"turns":8},{"damage":4,"enemies":"Red Slaver","floor":12,"turns":4},{"damage":5,"enemies":"Looter","floor":14,"turns":2},{"damage":15,"enemies":"Hexaghost","floor":16,"turns":10},{"damage":17,"enemies":"Chosen","floor":18,"turns":4},{"damage":2,"enemies":"Masked Bandits","floor":19,"turns":3},{"damage":11,"enemies":"Slavers","floor":23,"turns":4},{"damage":9,"enemies":"Spheric Guardian","floor":24,"turns":3},{"damage":14,"enemies":"Centurion and Healer","floor":25,"turns":4},{"damage":21,"enemies":"Shelled Parasite and Fungi","floor":28,"turns":4},{"damage":16,"enemies":"Book of Stabbing","floor":31,"turns":4},{"damage":85,"enemies":"Automaton","floor":33,"turns":6}],"seed_played":"-7445208120733091154","potions_obtained":[{"floor":10,"key":"Fire Potion"},{"floor":12,"key":"Dexterity Potion"},{"floor":16,"key":"Block Potion"},{"floor":18,"key":"EntropicBrew"},{"floor":19,"key":"GamblersBrew"},{"floor":24,"key":"BloodPotion"},{"floor":31,"key":"LiquidBronze"}],"is_trial":false,"path_per_floor":["M","M","?","?","T","R","E","?","T","M","M","M","R","M","R","B",null,"M","?","$","?","?","E","M","M","T","?","M","$","R","E","R","B"],"character_chosen":"IRONCLAD","items_purchased":["PreservedInsect","Warcry","Infernal Blade+1","Strength Potion"],"campfire_rested":2,"item_purchase_floors":[20,20,29,29],"current_hp_per_floor":[69,73,50,50,50,50,26,26,26,28,13,15,15,16,16,7,58,47,51,51,51,51,46,43,42,42,42,27,27,49,39,61,0],"gold":65,"neow_bonus":"RANDOM_COMMON_RELIC","is_prod":false,"is_daily":false,"chose_seed":false,"campfire_upgraded":3,"win_rate":0,"timestamp":1553631900,"path_taken":["M","M","?","?","?","R","E","?","T","M","?","M","R","M","R","BOSS","M","?","$","?","?","E","M","?","T","?","M","$","R","E","R","BOSS"],"build_version":"2019-01-23","purchased_purges":1,"victory":false,"max_hp_per_floor":[75,75,75,75,75,75,75,75,75,75,75,75,75,75,75,75,75,75,75,75,75,75,75,75,75,75,75,75,75,75,75,75,75],"card_choices":[{"not_picked":["Wild Strike","Headbutt"],"picked":"Shrug It Off","floor":1},{"not_picked":["Bloodletting","Searing Blow","Perfected Strike"],"picked":"SKIP","floor":2},{"not_picked":["Wild Strike","Seeing Red","Barricade"],"picked":"SKIP","floor":7},{"not_picked":["Intimidate","Sword Boomerang","Perfected Strike"],"picked":"SKIP","floor":10},{"not_picked":["Flex","Seeing Red"],"picked":"Clash","floor":11},{"not_picked":["True Grit","Combust+1"],"picked":"Clash","floor":12},{"not_picked":["Entrench","Sentinel"],"picked":"Intimidate","floor":14},{"not_picked":["Juggernaut+1","Double Tap"],"picked":"Immolate","floor":16},{"not_picked":["Body Slam","Wild Strike"],"picked":"Havoc","floor":18},{"not_picked":["Pommel Strike","Warcry"],"picked":"Anger","floor":19},{"not_picked":["True Grit","Headbutt+1"],"picked":"Immolate","floor":23},{"not_picked":["Sword Boomerang","Battle Trance+1"],"picked":"True Grit+1","floor":24},{"not_picked":["Thunderclap","Blood for Blood"],"picked":"Infernal Blade+1","floor":25},{"not_picked":["Body Slam","Anger"],"picked":"Corruption+1","floor":28},{"not_picked":["Wild Strike","Exhume+1"],"picked":"Havoc+1","floor":31}],"player_experience":794750,"relics_obtained":[{"floor":5,"key":"Gremlin Horn"},{"floor":7,"key":"Shuriken"},{"floor":9,"key":"Frozen Egg 2"},{"floor":19,"key":"Red Mask"},{"floor":23,"key":"Toxic Egg 2"},{"floor":26,"key":"Bottled Flame"},{"floor":31,"key":"Lantern"}],"event_choices":[{"damage_healed":0,"gold_gain":0,"player_choice":"Entered Light","damage_taken":23,"max_hp_gain":0,"max_hp_loss":0,"event_name":"Shining Light","floor":3,"gold_loss":0,"cards_upgraded":["Strike_R","Strike_R"]},{"damage_healed":0,"gold_gain":0,"player_choice":"Ignored","damage_taken":0,"max_hp_gain":0,"max_hp_loss":0,"event_name":"Golden Wing","floor":4,"gold_loss":0},{"damage_healed":0,"gold_gain":0,"player_choice":"Left Gold","damage_taken":0,"max_hp_gain":0,"max_hp_loss":0,"event_name":"World of Goop","floor":8,"gold_loss":60},{"damage_healed":0,"gold_gain":0,"player_choice":"Fought Bandits","damage_taken":0,"max_hp_gain":0,"max_hp_loss":0,"event_name":"Masked Bandits","floor":19,"gold_loss":0},{"damage_healed":0,"gold_gain":0,"player_choice":"Obtain J.A.X.","damage_taken":0,"max_hp_gain":0,"max_hp_loss":0,"event_name":"Drug Dealer","floor":21,"gold_loss":0,"cards_obtained":["J.A.X."]},{"cards_removed":["Defend_R"],"damage_healed":0,"gold_gain":0,"player_choice":"Purged","damage_taken":0,"max_hp_gain":0,"max_hp_loss":0,"event_name":"Purifier","floor":22,"gold_loss":0},{"damage_healed":0,"gold_gain":0,"player_choice":"Ignored","damage_taken":0,"max_hp_gain":0,"max_hp_loss":0,"event_name":"The Mausoleum","floor":27,"gold_loss":0}],"is_beta":false,"boss_relics":[{"not_picked":["Runic Cube","Lizard Tail"],"picked":"Fusion Hammer"}],"items_purged_floors":[20],"is_endless":false,"potions_floor_spawned":[10,12,16,18,19,24,31],"killed_by":"Automaton","ascension_level":18}