{"gold_per_floor":[114,129,304,29,44,104,119,119],"floor_reached":8,"playtime":565,"items_purged":["Doubt"],"score":108,"play_id":"4358fba7-a9f4-4890-82df-2c3987ad9dd3","local_time":"20180903215742","daily_mods":["Insanity","Elite Swarm","Binary"],"is_ascension_mode":false,"campfire_choices":[],"neow_cost":"","seed_source_timestamp":37141837185091,"circlet_count":0,"master_deck":["Thunder Strike","Machine Learning","Core Surge","Blizzard","Core Surge","Redo","Barrage","Auto Shields","Defragment","Melter","Glacier","Reprogram","Dualcast","Loop","Consume","Fission","Stack","Echo Form","Coolheaded","Fission","Dualcast","Self Repair","Go for the Eyes","Reinforced Body","Turbo","Compile Driver","Defragment","Steam","Force Field","Beam Cell","Meteor Strike","Compile Driver","Streamline","BootSequence","Chaos","Barrage","Undo","Aggregate","Amplify","Amplify","Defragment","Seek","Beam Cell","Echo Form","Heatsinks","Cold Snap","Reinforced Body","Thunder Strike","Conserve Battery","Loop","Undo"],"special_seed":17777,"relics":["Cracked Core","Medical Kit","Tiny Chest"],"potions_floor_usage":[],"damage_taken":[{"damage":0,"enemies":"Cultist","floor":1,"turns":3},{"damage":0,"enemies":"2 Louse","floor":2,"turns":3},{"damage":0,"enemies":"Small Slimes","floor":5,"turns":2},{"damage":28,"enemies":"Lagavulin","floor":6,"turns":9},{"damage":9,"enemies":"Red Slaver","floor":7,"turns":5},{"damage":81,"enemies":"Gremlin Nob","floor":8,"turns":6}],"seed_played":"5443678004288961897","potions_obtained":[{"floor":5,"key":"Energy Potion"}],"is_trial":false,"path_per_floor":["M","M","?","$","M","E","M"],"character_chosen":"DEFECT","items_purchased":["Medical Kit"],"campfire_rested":0,"item_purchase_floors":[4],"current_hp_per_floor":[75,75,75,75,75,61,66,0],"gold":119,"neow_bonus":"","is_prod":false,"is_daily":true,"chose_seed":false,"campfire_upgraded":0,"win_rate":0,"timestamp":1536008262,"path_taken":["M","M","?","$","?","E","M","E"],"build_version":"2018-08-30","purchased_purges":1,"victory":false,"max_hp_per_floor":[75,75,75,75,75,75,75,75],"card_choices":[{"not_picked":["Barrage","Double Energy"],"picked":"SKIP","floor":1},{"not_picked":["Rebound","Steam"],"picked":"SKIP","floor":2},{"not_picked":["Gash"],"picked":"Undo","floor":5},{"not_picked":["Fission","Amplify"],"picked":"SKIP","floor":6},{"not_picked":["Steam","Gash"],"picked":"SKIP","floor":7}],"player_experience":309970,"relics_obtained":[{"floor":6,"key":"Tiny Chest"}],"event_choices":[{"event_name":"Liars Game","player_choice":"agreed","floor":3,"damage_taken":0}],"is_beta":false,"boss_relics":[],"items_purged_floors":[4],"is_endless":false,"potions_floor_spawned":[5],"killed_by":"Gremlin Nob","ascension_level":0}