{"gold_per_floor":[117,117,141,165,165,209,209,224,250,28,28,52,52,65,65,186,249,270,270,78,78],"floor_reached":21,"playtime":926,"items_purged":["Strike_R"],"score":224,"play_id":"69189006-aec7-4f94-a753-3988e1d4ff5a","local_time":"20180906134158","is_ascension_mode":true,"campfire_choices":[{"data":"Bash","floor":7,"key":"SMITH"},{"data":"Iron Wave","floor":11,"key":"SMITH"},{"data":"Armaments","floor":13,"key":"SMITH"},{"floor":15,"key":"REST"}],"neow_cost":"","seed_source_timestamp":2775905265581,"circlet_count":0,"master_deck":["Strike_R","Strike_R","Strike_R","Strike_R","Defend_R","Defend_R","Defend_R","Defend_R","Bash+1","Iron Wave+1","Dropkick+1","Limit Break","Burning Pact","Dark Embrace","Impervious","Armaments+1","Spot Weakness","Barricade","Entrench"],"relics":["Burning Blood","Golden Idol","Art of War","Oddly Smooth Stone","Tiny House","TheAbacus"],"potions_floor_usage":[6,12,16,16,18],"damage_taken":[{"damage":2,"enemies":"2 Louse","floor":1,"turns":3},{"damage":11,"enemies":"Small Slimes","floor":3,"turns":4},{"damage":3,"enemies":"Jaw Worm","floor":4,"turns":5},{"damage":37,"enemies":"Lagavulin","floor":6,"turns":6},{"damage":4,"enemies":"Large Slime","floor":8,"turns":5},{"damage":20,"enemies":"Exordium Thugs","floor":12,"turns":5},{"damage":10,"enemies":"Looter","floor":14,"turns":3},{"damage":33,"enemies":"Hexaghost","floor":16,"turns":12},{"damage":15,"enemies":"2 Thieves","floor":18,"turns":5},{"damage":32,"enemies":"Colosseum Slavers","floor":19,"turns":8},{"damage":31,"enemies":"Chosen","floor":21,"turns":8}],"seed_played":"8777359490153048760","potions_obtained":[{"floor":4,"key":"PowerPotion"},{"floor":6,"key":"Block Potion"},{"floor":8,"key":"AttackPotion"},{"floor":12,"key":"Regen Potion"},{"floor":17,"key":"EssenceOfSteel"}],"is_trial":false,"path_per_floor":["M","?","M","M","?","E","R","M","T","$","R","M","R","M","R","B",null,"M","?","$"],"character_chosen":"IRONCLAD","items_purchased":["Impervious","TheAbacus"],"campfire_rested":1,"item_purchase_floors":[10,20],"current_hp_per_floor":[80,74,69,72,72,41,41,43,43,43,43,39,39,35,57,45,72,63,37,37,6],"gold":78,"neow_bonus":"","is_prod":false,"is_daily":false,"chose_seed":false,"campfire_upgraded":3,"win_rate":0,"timestamp":1536237718,"path_taken":["M","?","M","M","?","E","R","M","T","$","R","M","R","M","R","BOSS","M","?","$","?"],"build_version":"2018-08-30","purchased_purges":1,"victory":false,"max_hp_per_floor":[80,74,74,74,74,74,74,74,74,74,74,74,74,74,74,74,79,79,79,79,79],"card_choices":[{"not_picked":["Perfected Strike","Pummel"],"picked":"Iron Wave","floor":1},{"not_picked":["Hemokinesis","Anger","Perfected Strike"],"picked":"SKIP","floor":3},{"not_picked":["Power Through","Ghostly Armor"],"picked":"Dropkick","floor":4},{"not_picked":["Clothesline","Sever Soul"],"picked":"Dark Embrace","floor":6},{"not_picked":["Burning Pact","Combust","Pummel"],"picked":"SKIP","floor":8},{"not_picked":["Shrug It Off","Iron Wave"],"picked":"Armaments","floor":12},{"not_picked":["Warcry","Twin Strike"],"picked":"Spot Weakness","floor":14},{"not_picked":["Impervious","Immolate"],"picked":"Barricade","floor":16},{"not_picked":["Headbutt","Sentinel"],"picked":"Entrench","floor":17},{"not_picked":["Thunderclap","Sever Soul","Clothesline+1"],"picked":"SKIP","floor":18}],"player_experience":326556,"relics_obtained":[{"floor":6,"key":"Art of War"},{"floor":9,"key":"Oddly Smooth Stone"}],"event_choices":[{"event_name":"Golden Idol","player_choice":"Lose Max HP","floor":2,"damage_taken":0},{"event_name":"Match and Keep!","player_choice":"2 cards matched","floor":5,"damage_taken":0},{"event_name":"Colosseum","player_choice":"Fight","floor":19,"damage_taken":0},{"event_name":"Colosseum","player_choice":"Fled From Nobs","floor":19,"damage_taken":0}],"is_beta":false,"boss_relics":[{"not_picked":["Ectoplasm","Busted Crown"],"picked":"Tiny House"}],"items_purged_floors":[10],"is_endless":false,"potions_floor_spawned":[4,6,8,12,19],"killed_by":"Chosen","ascension_level":5}