{"gold_per_floor":[116,127,127,127,52,52,70,70,70,94,244,244,278,302,302,393,393,407,11,35,35,310,324,324,338,338,338,381,306,106,122,122,122],"floor_reached":33,"playtime":1546,"items_purged":["Regret","Doubt","Regret"],"score":477,"play_id":"901be889-c109-4f8d-9b8e-21fae3571432","local_time":"20190321203951","is_ascension_mode":true,"campfire_choices":[{"data":"Glass Knife","floor":8,"key":"SMITH"},{"floor":15,"key":"REST"},{"data":"Footwork","floor":24,"key":"SMITH"},{"data":"After Image","floor":27,"key":"SMITH"},{"data":"Envenom","floor":32,"key":"SMITH"}],"neow_cost":"NONE","seed_source_timestamp":87910302437200,"circlet_count":0,"master_deck":["AscendersBane","Defend_G","Defend_G","Defend_G","Defend_G","Defend_G","Strike_G","Strike_G","Survivor","Neutralize+1","Poisoned Stab","Cloak And Dagger","Glass Knife+1","Heel Hook","Adrenaline","Backflip","Footwork+1","After Image+1","Infinite Blades","PiercingWail+1","Blade Dance","Envenom+1","Noxious Fumes"],"relics":["Empty Cage","Golden Idol","Du-Vu Doll","Mummified Hand","Darkstone Periapt","Cursed Key","Medical Kit","Blue Candle","Ninja Scroll"],"potions_floor_usage":[13,16,33,33],"damage_taken":[{"damage":11,"enemies":"Cultist","floor":1,"turns":8},{"damage":3,"enemies":"2 Louse","floor":2,"turns":4},{"damage":4,"enemies":"Small Slimes","floor":7,"turns":3},{"damage":0,"enemies":"2 Fungi Beasts","floor":10,"turns":3},{"damage":22,"enemies":"3 Sentries","floor":13,"turns":12},{"damage":7,"enemies":"Lots of Slimes","floor":14,"turns":4},{"damage":14,"enemies":"The Guardian","floor":16,"turns":17},{"damage":0,"enemies":"Chosen","floor":18,"turns":5},{"damage":12,"enemies":"Spheric Guardian","floor":20,"turns":4},{"damage":5,"enemies":"Snake Plant","floor":23,"turns":5},{"damage":4,"enemies":"Centurion and Healer","floor":25,"turns":6},{"damage":5,"enemies":"Book of Stabbing","floor":28,"turns":5},{"damage":5,"enemies":"Shelled Parasite and Fungi","floor":31,"turns":5},{"damage":37,"enemies":"Collector","floor":33,"turns":7}],"seed_played":"5665003458476975564","potions_obtained":[{"floor":2,"key":"Poison Potion"},{"floor":7,"key":"SteroidPotion"},{"floor":14,"key":"SpeedPotion"},{"floor":16,"key":"AttackPotion"}],"is_trial":false,"path_per_floor":["M","M","?","?","$","?","M","R","T","M","?","?","E","M","R","B",null,"M","$","M","$","?","M","R","M","T","R","E","?","$","M","R","B"],"character_chosen":"THE_SILENT","items_purchased":["Medical Kit","Infinite Blades","Noxious Fumes"],"campfire_rested":1,"item_purchase_floors":[19,19,30],"current_hp_per_floor":[48,45,45,45,45,45,41,41,41,41,41,41,19,12,30,16,49,49,49,37,37,43,38,38,34,40,40,35,35,35,30,30,0],"gold":122,"neow_bonus":"BOSS_RELIC","is_prod":false,"is_daily":false,"chose_seed":false,"campfire_upgraded":4,"win_rate":0,"timestamp":1553200791,"path_taken":["M","?","?","?","$","?","M","R","T","M","?","?","E","M","R","BOSS","M","?","M","$","?","?","R","M","T","R","E","?","$","M","R","BOSS"],"build_version":"2019-01-23","purchased_purges":3,"victory":false,"max_hp_per_floor":[66,66,60,60,60,60,60,60,60,60,60,60,60,60,60,60,60,60,60,60,60,66,66,66,66,72,72,72,72,72,72,72,72],"card_choices":[{"not_picked":["Sucker Punch","Skewer"],"picked":"Poisoned Stab","floor":1},{"not_picked":["Sucker Punch","Backflip"],"picked":"Cloak And Dagger","floor":2},{"not_picked":["Predator","Dagger Spray"],"picked":"Glass Knife","floor":7},{"not_picked":["Blade Dance","Cloak And Dagger"],"picked":"Heel Hook","floor":10},{"not_picked":["Caltrops","Flying Knee"],"picked":"Backflip","floor":13},{"not_picked":["Infinite Blades","Dagger Throw"],"picked":"Footwork","floor":14},{"not_picked":["Phantasmal Killer","A Thousand Cuts"],"picked":"After Image","floor":16},{"not_picked":["Choke","Eviscerate","Dagger Throw"],"picked":"SKIP","floor":18},{"not_picked":["Blade Dance","Backstab"],"picked":"PiercingWail+1","floor":20},{"not_picked":["PiercingWail","Acrobatics"],"picked":"Blade Dance","floor":23},{"not_picked":["Bouncing Flask","Sucker Punch+1","Reflex"],"picked":"SKIP","floor":25},{"not_picked":["Dodge and Roll","Concentrate"],"picked":"Envenom","floor":28},{"not_picked":["Acrobatics+1","Underhanded Strike","Heel Hook"],"picked":"SKIP","floor":31}],"player_experience":623493,"relics_obtained":[{"floor":9,"key":"Mummified Hand"},{"floor":13,"key":"Darkstone Periapt"},{"floor":26,"key":"Blue Candle"},{"floor":28,"key":"Ninja Scroll"}],"event_choices":[{"damage_healed":0,"gold_gain":0,"player_choice":"Lose Max HP","damage_taken":0,"relics_obtained":["Golden Idol"],"max_hp_gain":0,"max_hp_loss":6,"event_name":"Golden Idol","floor":3,"gold_loss":0},{"damage_healed":0,"gold_gain":0,"player_choice":"Box","damage_taken":0,"relics_obtained":["Du-Vu Doll"],"max_hp_gain":0,"max_hp_loss":0,"event_name":"Big Fish","floor":4,"gold_loss":0,"cards_obtained":["Regret"]},{"damage_healed":0,"gold_gain":0,"player_choice":"Grow","damage_taken":0,"max_hp_gain":0,"max_hp_loss":0,"event_name":"Living Wall","floor":6,"gold_loss":0,"cards_upgraded":["Neutralize"]},{"damage_healed":0,"gold_gain":150,"player_choice":"AGREE","damage_taken":0,"max_hp_gain":0,"max_hp_loss":0,"event_name":"Liars Game","floor":11,"gold_loss":0,"cards_obtained":["Doubt"]},{"damage_healed":0,"gold_gain":0,"cards_transformed":["Strike_G"],"player_choice":"Transformed","damage_taken":0,"max_hp_gain":0,"max_hp_loss":0,"event_name":"Transmorgrifier","floor":12,"gold_loss":0,"cards_obtained":["Adrenaline"]},{"damage_healed":0,"gold_gain":275,"player_choice":"Desecrate","damage_taken":0,"max_hp_gain":0,"max_hp_loss":0,"event_name":"Golden Shrine","floor":22,"gold_loss":0,"cards_obtained":["Regret"]},{"cards_removed":["Regret"],"damage_healed":0,"gold_gain":0,"player_choice":"Gave Gold","damage_taken":0,"max_hp_gain":0,"max_hp_loss":0,"event_name":"Beggar","floor":29,"gold_loss":75}],"is_beta":false,"boss_relics":[{"not_picked":["Eternal Feather","White Beast Statue"],"picked":"Cursed Key"}],"items_purged_floors":[5,19,30],"is_endless":false,"potions_floor_spawned":[2,7,14,16,23,31],"killed_by":"Collector","ascension_level":16}