{"gold_per_floor":[116,116,79,91,91,91,123,123,123,139,154,165,175,189,189,189],"floor_reached":16,"playtime":1071,"items_purged":[],"score":182,"play_id":"37b176f3-c074-42ee-bc9e-03b56173d73f","local_time":"20190328221155","is_ascension_mode":true,"campfire_choices":[{"data":"Neutralize","floor":6,"key":"SMITH"},{"floor":8,"key":"REST"},{"data":"Dodge and Roll","floor":15,"key":"SMITH"}],"neow_cost":"TEN_PERCENT_HP_LOSS","seed_source_timestamp":28430397948820,"circlet_count":0,"master_deck":["AscendersBane","Defend_G","Defend_G","Defend_G","Defend_G","Defend_G","Strike_G","Strike_G","Strike_G","Strike_G","Strike_G","Survivor","Neutralize+1","Dodge and Roll+1","Dash","Infinite Blades+1","Acrobatics"],"relics":["Ring of the Snake","Bird Faced Urn","Frozen Egg 2","Nunchaku","Ornamental Fan","Meat on the Bone"],"potions_floor_usage":[12,16],"damage_taken":[{"damage":0,"enemies":"Jaw Worm","floor":1,"turns":8},{"damage":0,"enemies":"2 Louse","floor":4,"turns":4},{"damage":37,"enemies":"Gremlin Nob","floor":7,"turns":6},{"damage":0,"enemies":"Cultist","floor":10,"turns":4},{"damage":1,"enemies":"Blue Slaver","floor":11,"turns":5},{"damage":9,"enemies":"Gremlin Gang","floor":12,"turns":5},{"damage":11,"enemies":"Lots of Slimes","floor":13,"turns":8},{"damage":0,"enemies":"Large Slime","floor":14,"turns":7},{"damage":47,"enemies":"Slime Boss","floor":16,"turns":14}],"seed_played":"-8582501621001355500","potions_obtained":[{"floor":4,"key":"AttackPotion"},{"floor":7,"key":"Swift Potion"},{"floor":11,"key":"Dexterity Potion"}],"is_trial":false,"path_per_floor":["M","?","$","M","T","R","E","R","T","M","M","M","M","M","R","B"],"character_chosen":"THE_SILENT","items_purchased":["Dash"],"campfire_rested":1,"item_purchase_floors":[3],"current_hp_per_floor":[59,41,41,41,41,41,4,22,22,34,33,38,41,43,43,0],"gold":189,"neow_bonus":"ONE_RARE_RELIC","is_prod":false,"is_daily":false,"chose_seed":false,"campfire_upgraded":2,"win_rate":0,"timestamp":1553807515,"path_taken":["M","?","$","M","?","R","E","R","T","M","M","M","M","M","R","BOSS"],"build_version":"2019-01-23","purchased_purges":0,"victory":false,"max_hp_per_floor":[60,60,60,60,60,60,60,60,60,60,60,60,60,60,60,60],"card_choices":[{"not_picked":["Slice","PiercingWail"],"picked":"Dodge and Roll","floor":1},{"not_picked":["Doppelganger","Distraction","Dagger Spray"],"picked":"SKIP","floor":4},{"not_picked":["Cloak And Dagger","Finisher","Bane"],"picked":"SKIP","floor":7},{"not_picked":["Dodge and Roll","Slice","PiercingWail"],"picked":"SKIP","floor":10},{"not_picked":["Poisoned Stab","Riddle With Holes"],"picked":"Infinite Blades+1","floor":11},{"not_picked":["Eviscerate","Sucker Punch","Choke"],"picked":"SKIP","floor":12},{"not_picked":["Prepared","PiercingWail"],"picked":"Acrobatics","floor":13},{"not_picked":["Corpse Explosion","Bane","Flying Knee"],"picked":"SKIP","floor":14}],"player_experience":818224,"relics_obtained":[{"floor":5,"key":"Nunchaku"},{"floor":7,"key":"Ornamental Fan"},{"floor":9,"key":"Meat on the Bone"}],"event_choices":[{"damage_healed":0,"gold_gain":0,"player_choice":"Success","damage_taken":18,"relics_obtained":["Frozen Egg 2"],"max_hp_gain":0,"max_hp_loss":0,"event_name":"Scrap Ooze","floor":2,"gold_loss":0}],"is_beta":false,"boss_relics":[],"items_purged_floors":[],"is_endless":false,"potions_floor_spawned":[4,7,11],"killed_by":"Slime Boss","ascension_level":15}