{"path_per_floor":["M","M","?","M","?","R","?","R","T","E","R","M","M","?","R","B",null,"M","?","M","$","M","E","R","E","T","M","M","M","R","M","R","B",null,"M","M","M","?","M"],"character_chosen":"IRONCLAD","items_purchased":["Whetstone","Armaments","Flex"],"gold_per_floor":[118,133,133,152,152,152,152,152,228,254,254,269,289,289,289,385,385,325,325,325,79,79,79,79,79,79,79,79,79,79,79,79,79,79,79,79,79,79,79],"floor_reached":40,"campfire_rested":0,"playtime":3457,"current_hp_per_floor":[80,79,76,79,84,84,84,84,84,72,72,62,66,49,49,13,85,72,72,78,78,54,49,49,27,27,32,36,39,39,47,47,28,85,71,76,72,72,62],"items_purged":[],"gold":79,"score":401,"play_id":"09899e51-1a18-4866-a071-94f1d571e5ec","is_prod":false,"is_daily":false,"is_ascension_mode":true,"campfire_upgraded":7,"path_taken":["M","M","?","M","?","R","?","R","T","E","R","M","M","?","R","BOSS","M","?","M","$","M","E","R","E","T","M","M","M","R","?","R","BOSS","M","M","M","?","M","E"],"build_version":"2018-02-12-PROD1","purchased_purges":0,"victory":false,"master_deck":["Strike_R","Strike_R+1","Strike_R+1","Strike_R+1","Defend_R+1","Defend_R","Defend_R","Defend_R","Bash+1","Searing Blow+2","Anger+1","Shrug It Off","Battle Trance","Warcry","Brutality","Demon Form+1","Inflame","Wild Strike","Whirlwind+1","Armaments+1","Flex","Intimidate","Spot Weakness","Heavy Blade+1","Shrug It Off","Evolve+1","Seeing Red","Double Tap","Seeing Red+1","Flex","Rage+1","Warcry+1"],"max_hp_per_floor":[80,80,80,80,85,85,85,85,85,85,85,85,85,85,85,85,85,85,85,85,85,85,85,85,85,85,85,85,85,85,85,85,85,85,85,85,85,85,85],"relics":["Burning Blood","Bag of Preparation","Orichalcum","Bottled Flame","Letter Opener","Ectoplasm","Whetstone","Ancient Tea Set","Blood Vial","Thread and Needle","Question Card"],"card_choices":[{"not_picked":["Cleave","Clash"],"picked":"Searing Blow"},{"not_picked":["Heavy Blade","Corruption"],"picked":"Anger"},{"not_picked":["Pummel","Body Slam"],"picked":"Shrug It Off"},{"not_picked":["Flame Barrier","Anger"],"picked":"Battle Trance"},{"not_picked":["Twin Strike","Clothesline"],"picked":"Warcry"},{"not_picked":["Reckless Charge","True Grit"],"picked":"Brutality"},{"not_picked":["Feed","Immolate"],"picked":"Demon Form"},{"not_picked":["Clash","Perfected Strike"],"picked":"Inflame"},{"not_picked":["Shockwave","Inflame"],"picked":"Whirlwind"},{"not_picked":["Twin Strike","Clothesline"],"picked":"Intimidate"},{"not_picked":["Berserk","Feel No Pain"],"picked":"Spot Weakness"},{"not_picked":["Perfected Strike","Twin Strike"],"picked":"Heavy Blade"},{"not_picked":["Iron Wave","Wild Strike"],"picked":"Shrug It Off"},{"not_picked":["Rampage","Pummel"],"picked":"Evolve"},{"not_picked":["Sever Soul","Headbutt"],"picked":"Seeing Red"},{"not_picked":["Juggernaut","Bludgeon"],"picked":"Double Tap"},{"not_picked":["Clash","Spot Weakness","Second Wind"],"picked":"Seeing Red"},{"not_picked":["Combust","Twin Strike","Uppercut"],"picked":"Flex"},{"not_picked":["Headbutt","True Grit","Warcry"],"picked":"Rage"},{"not_picked":["Twin Strike","Metallicize","True Grit"],"picked":"Warcry"}],"player_experience":114462,"potions_floor_usage":[16,33,40],"damage_taken":[{"damage":6,"enemies":"Jaw Worm","floor":1,"turns":3},{"damage":7,"enemies":"2 Louse","floor":2,"turns":3},{"damage":3,"enemies":"Small Slimes","floor":4,"turns":3},{"damage":18,"enemies":"Gremlin Nob","floor":10,"turns":5},{"damage":16,"enemies":"Exordium Thugs","floor":12,"turns":5},{"damage":2,"enemies":"Looter","floor":13,"turns":3},{"damage":42,"enemies":"The Guardian","floor":16,"turns":7},{"damage":19,"enemies":"2 Thieves","floor":18,"turns":4},{"damage":0,"enemies":"Chosen","floor":20,"turns":4},{"damage":30,"enemies":"Snake Plant","floor":22,"turns":3},{"damage":11,"enemies":"Gremlin Leader","floor":23,"turns":5},{"damage":28,"enemies":"Book of Stabbing","floor":25,"turns":4},{"damage":3,"enemies":"Centurion and Healer","floor":27,"turns":4},{"damage":4,"enemies":"Snecko","floor":28,"turns":3},{"damage":5,"enemies":"Slaver and Parasite","floor":29,"turns":4},{"damage":0,"enemies":"3 Cultists","floor":31,"turns":3},{"damage":27,"enemies":"Champ","floor":33,"turns":6},{"damage":20,"enemies":"3 Shapes","floor":35,"turns":5},{"damage":3,"enemies":"Orb Walker","floor":36,"turns":4},{"damage":12,"enemies":"Maw","floor":37,"turns":7},{"damage":18,"enemies":"Sphere and 2 Shapes","floor":39,"turns":4},{"damage":74,"enemies":"Nemesis","floor":40,"turns":9}],"event_choices":[{"event_name":"Scrap Ooze","player_choice":"success","floor":3,"damage_taken":3},{"event_name":"Big Fish","player_choice":"Donut","floor":5,"damage_taken":0},{"event_name":"The Woman in Blue","player_choice":"Bought 0 Potions","floor":7,"damage_taken":0},{"event_name":"Shining Light","player_choice":"Entered Light","floor":14,"damage_taken":0},{"event_name":"Transmorgrifier","player_choice":"Transform","floor":19,"damage_taken":0},{"event_name":"Accursed Blacksmith","player_choice":"Forge","floor":38,"damage_taken":0}],"boss_relics":[{"not_picked":["Lizard Tail","Philosopher\u0027s Stone"],"picked":"Ectoplasm"},{"not_picked":["Orrery","Astrolabe"],"picked":"Question Card"}],"potions_floor_spawned":[2,10,13,22,25,29,33,36,37],"seed_played":"9219698142407340386","killed_by":"Nemesis","ascension_level":1,"is_trial":false}