{"gold_per_floor":[14,28,28,47,59,59,334,349,375,375,388,388,118,128,128,227,227,239,239,239,239,239,269,286,286,286,301,301,314,332,112,112,215,215,226,236,236,236,40,75,97,109,121,133,0,22,44,69,81,93],"floor_reached":51,"playtime":3212,"items_purged":["Regret","Strike_B"],"score":979,"play_id":"98fdb192-c1bd-47dc-95a7-1264a4e762f5","local_time":"20181002232627","is_ascension_mode":true,"campfire_choices":[{"floor":6,"key":"REST"},{"data":"Creative AI","floor":10,"key":"SMITH"},{"data":"Loop","floor":12,"key":"SMITH"},{"floor":15,"key":"REST"},{"data":"Defragment","floor":25,"key":"SMITH"},{"data":"Machine Learning","floor":28,"key":"SMITH"},{"data":"Chill","floor":32,"key":"SMITH"},{"data":"Chrysalis","floor":42,"key":"SMITH"},{"data":"Rainbow","floor":49,"key":"SMITH"}],"neow_cost":"NO_GOLD","seed_source_timestamp":28808260037608,"circlet_count":0,"master_deck":["Strike_B+1","Defend_B","Defend_B","Defend_B+1","Defend_B","Dualcast","Defragment+1","Creative AI+1","Loop+1","Cold Snap+1","Defragment+1","Capacitor","Coolheaded","Chill+1","Machine Learning+1","Conserve Battery","Fusion+1","Go for the Eyes+1","Blizzard+1","Conserve Battery+1","Self Repair","Ball Lightning","Rainbow+1","Gash+1","Chaos+1","Finesse","Chrysalis+1","Rainbow","Barrage+1"],"relics":["Cracked Core","Whetstone","Oddly Smooth Stone","Sozu","Meat on the Bone","PreservedInsect","Pear","Runic Pyramid","Runic Capacitor","MawBank","Bottled Lightning","Red Mask"],"potions_floor_usage":[46,50],"damage_taken":[{"damage":1,"enemies":"Cultist","floor":1,"turns":4},{"damage":8,"enemies":"Small Slimes","floor":2,"turns":4},{"damage":8,"enemies":"Jaw Worm","floor":4,"turns":5},{"damage":20,"enemies":"Exordium Thugs","floor":5,"turns":5},{"damage":3,"enemies":"2 Fungi Beasts","floor":8,"turns":3},{"damage":10,"enemies":"Red Slaver","floor":11,"turns":4},{"damage":2,"enemies":"Large Slime","floor":14,"turns":4},{"damage":12,"enemies":"Hexaghost","floor":16,"turns":11},{"damage":8,"enemies":"Chosen","floor":18,"turns":5},{"damage":12,"enemies":"Book of Stabbing","floor":23,"turns":8},{"damage":0,"enemies":"3 Byrds","floor":24,"turns":8},{"damage":26,"enemies":"Snake Plant","floor":27,"turns":4},{"damage":5,"enemies":"Snecko","floor":29,"turns":6},{"damage":10,"enemies":"Cultist and Chosen","floor":30,"turns":8},{"damage":28,"enemies":"Collector","floor":33,"turns":12},{"damage":11,"enemies":"3 Darklings","floor":35,"turns":7},{"damage":0,"enemies":"3 Shapes","floor":36,"turns":6},{"damage":13,"enemies":"Nemesis","floor":40,"turns":7},{"damage":14,"enemies":"Maw","floor":41,"turns":8},{"damage":11,"enemies":"Reptomancer","floor":46,"turns":8},{"damage":0,"enemies":"4 Shapes","floor":47,"turns":6},{"damage":7,"enemies":"3 Darklings","floor":48,"turns":6},{"damage":24,"enemies":"Time Eater","floor":50,"turns":9}],"seed_played":"-4525550710712778928","potions_obtained":[{"floor":1,"key":"SpeedPotion"},{"floor":2,"key":"Explosive Potion"},{"floor":14,"key":"Energy Potion"}],"is_trial":false,"path_per_floor":["M","M","?","M","M","R","?","M","T","R","M","R","$","M","R","B",null,"M","?","T","?","?","E","M","R","T","M","R","M","M","$","R","B",null,"M","M","?","?","$","E","M","R","T","?","?","M","M","M","R","B"],"character_chosen":"DEFECT","items_purchased":["Oddly Smooth Stone","Coolheaded","Self Repair","Ball Lightning","Runic Capacitor"],"campfire_rested":2,"item_purchase_floors":[13,13,31,31,39],"current_hp_per_floor":[67,59,44,36,16,38,38,35,35,35,25,25,25,23,45,33,65,57,57,57,48,34,34,46,46,56,42,42,49,51,51,51,42,78,74,81,81,76,76,70,63,63,63,63,63,59,66,66,66,61],"gold":105,"neow_bonus":"TRANSFORM_TWO_CARDS","is_prod":false,"is_daily":false,"chose_seed":false,"campfire_upgraded":7,"win_rate":0,"timestamp":1538519187,"path_taken":["M","?","?","M","?","R","?","M","T","R","M","R","$","M","R","BOSS","M","?","?","?","?","E","?","R","T","M","R","M","M","?","R","BOSS","M","M","?","?","$","E","M","R","T","?","?","M","M","M","R","BOSS"],"build_version":"2018-09-27","purchased_purges":2,"victory":true,"max_hp_per_floor":[75,75,75,75,75,75,75,75,75,75,75,75,75,75,75,75,75,75,75,75,75,80,80,80,80,90,90,90,90,90,90,90,90,90,90,90,90,90,90,90,90,90,90,90,90,90,90,90,90,90],"card_choices":[{"not_picked":["Gash","Go for the Eyes"],"picked":"Loop","floor":1},{"not_picked":["Stack","Beam Cell","Compile Driver"],"picked":"SKIP","floor":2},{"not_picked":["Melter","Streamline","Stack"],"picked":"SKIP","floor":4},{"not_picked":["Go for the Eyes","All For One"],"picked":"Cold Snap","floor":5},{"not_picked":["Gash","Compile Driver"],"picked":"Defragment","floor":8},{"not_picked":["Storm","Cold Snap"],"picked":"Capacitor","floor":11},{"not_picked":["Steam","Heatsinks"],"picked":"Chill","floor":14},{"not_picked":["Hyperbeam","Reboot"],"picked":"Machine Learning","floor":16},{"not_picked":["Beam Cell+1","Force Field"],"picked":"Conserve Battery","floor":18},{"not_picked":["Rip and Tear","Capacitor","Streamline+1"],"picked":"SKIP","floor":23},{"not_picked":["Genetic Algorithm","Turbo"],"picked":"Fusion+1","floor":24},{"not_picked":["Reboot","Reprogram+1"],"picked":"Go for the Eyes+1","floor":27},{"not_picked":["Redo+1","Consume"],"picked":"Blizzard+1","floor":29},{"not_picked":["Hologram+1","Gash+1"],"picked":"Conserve Battery+1","floor":30},{"not_picked":["Amplify","All For One"],"picked":"Rainbow","floor":33},{"not_picked":["Stack+1","Compile Driver"],"picked":"Gash+1","floor":35},{"not_picked":["Rip and Tear","Gash+1"],"picked":"Chaos+1","floor":36},{"not_picked":["PanicButton","Mind Blast"],"picked":"Finesse","floor":38},{"not_picked":["Deep Breath","Madness"],"picked":"Chrysalis","floor":38},{"not_picked":["Redo","Sweeping Beam","Genetic Algorithm"],"picked":"SKIP","floor":40},{"not_picked":["Beam Cell+1","Leap+1","Chaos"],"picked":"SKIP","floor":41},{"not_picked":["Cold Snap","Reprogram"],"picked":"Barrage+1","floor":46},{"not_picked":["Turbo+1","Redo","Loop+1"],"picked":"SKIP","floor":47},{"not_picked":["Streamline","BootSequence","Go for the Eyes+1"],"picked":"SKIP","floor":48}],"player_experience":443706,"relics_obtained":[{"floor":9,"key":"Whetstone"},{"floor":20,"key":"Meat on the Bone"},{"floor":23,"key":"PreservedInsect"},{"floor":26,"key":"Pear"},{"floor":40,"key":"MawBank"},{"floor":43,"key":"Bottled Lightning"}],"event_choices":[{"event_name":"Shining Light","player_choice":"Entered Light","floor":3,"damage_taken":0},{"event_name":"Golden Shrine","player_choice":"Desecrate","floor":7,"damage_taken":0},{"event_name":"The Mausoleum","player_choice":"No","floor":19,"damage_taken":0},{"event_name":"Cursed Tome","player_choice":"Stopped","floor":21,"damage_taken":0},{"event_name":"Forgotten Altar","player_choice":"Shed Blood","floor":22,"damage_taken":0},{"event_name":"Falling","player_choice":"Removed Skill","floor":37,"damage_taken":0},{"event_name":"SensoryStone","player_choice":"Memory 2","floor":38,"damage_taken":0},{"event_name":"Duplicator","player_choice":"One dupe","floor":44,"damage_taken":0},{"event_name":"Tomb of Lord Red Mask","player_choice":"Paid","floor":45,"damage_taken":0}],"is_beta":false,"boss_relics":[{"not_picked":["Empty Cage","Inserter"],"picked":"Sozu"},{"not_picked":["Pandora\u0027s Box","Runic Dome"],"picked":"Runic Pyramid"}],"items_purged_floors":[13,31],"is_endless":false,"potions_floor_spawned":[1,2,14,27,29,33,36,46,47,48],"ascension_level":9}