{"gold_per_floor":[113,288,288,300,135,135,165,165,165,175,175,203,203,203,203,299,299,317,334,82,92,112,112,112,112,112,112,142,241,69,69,69,170,170,185,185,41,41,41,41],"floor_reached":40,"playtime":1478,"items_purged":["Doubt","Shame"],"score":629,"play_id":"588a4fb5-01c4-4ee7-b67c-d82c4973385c","local_time":"20181028131342","is_ascension_mode":true,"campfire_choices":[{"data":"Genetic Algorithm","floor":6,"key":"SMITH"},{"data":"Go for the Eyes","floor":8,"key":"SMITH"},{"data":"Redo","floor":11,"key":"SMITH"},{"data":"Chill","floor":15,"key":"SMITH"},{"data":"Apotheosis","floor":23,"key":"SMITH"},{"data":"Fusion","floor":25,"key":"SMITH"},{"data":"Fission","floor":27,"key":"SMITH"},{"data":"Defragment","floor":32,"key":"SMITH"}],"neow_cost":"TEN_PERCENT_HP_LOSS","seed_source_timestamp":81958378617133,"circlet_count":0,"master_deck":["Strike_B","Strike_B","Defend_B","Defend_B","Defend_B","Defend_B","Zap","Dualcast","AscendersBane","Genetic Algorithm+1","Conserve Battery","Self Repair+1","Ball Lightning","Go for the Eyes+1","Redo+1","Chill+1","Fission+1","Sweeping Beam+1","Apotheosis+1","Fusion+1","Tempest+1","Writhe","BootSequence","Defragment+1","Finesse","Rainbow","FTL+1","Panacea","Finesse","Madness"],"relics":["Cracked Core","Vajra","Symbiotic Virus","Bottled Tornado","Emotion Chip","Runic Pyramid","Mummified Hand","Dream Catcher","Smiling Mask","Orichalcum","Fusion Hammer"],"potions_floor_usage":[7,28,33,40],"damage_taken":[{"damage":3,"enemies":"Jaw Worm","floor":1,"turns":4},{"damage":2,"enemies":"2 Louse","floor":4,"turns":2},{"damage":22,"enemies":"3 Sentries","floor":7,"turns":7},{"damage":4,"enemies":"Small Slimes","floor":10,"turns":4},{"damage":8,"enemies":"Gremlin Nob","floor":12,"turns":3},{"damage":22,"enemies":"Hexaghost","floor":16,"turns":10},{"damage":10,"enemies":"3 Byrds","floor":18,"turns":5},{"damage":5,"enemies":"Chosen","floor":19,"turns":3},{"damage":12,"enemies":"Snake Plant","floor":21,"turns":3},{"damage":3,"enemies":"Centurion and Healer","floor":22,"turns":5},{"damage":26,"enemies":"Gremlin Leader","floor":28,"turns":8},{"damage":62,"enemies":"Automaton","floor":33,"turns":11},{"damage":2,"enemies":"Orb Walker","floor":35,"turns":3},{"damage":77,"enemies":"Giant Head","floor":40,"turns":9}],"seed_played":"3281305026999375959","potions_obtained":[{"floor":1,"key":"Regen Potion"},{"floor":7,"key":"Weak Potion"},{"floor":22,"key":"Regen Potion"},{"floor":33,"key":"Strength Potion"},{"floor":35,"key":"Dexterity Potion"},{"floor":39,"key":"PowerPotion"}],"is_trial":false,"path_per_floor":["M","?","?","M","$","R","E","R","T","M","R","E","?","?","R","B",null,"M","M","$","M","M","R","?","R","T","R","E","?","$","?","R","B",null,"M","?","$","?","?"],"character_chosen":"DEFECT","items_purchased":["Self Repair","Ball Lightning","Apotheosis","Fusion","Defragment","Finesse","Panacea"],"campfire_rested":0,"item_purchase_floors":[5,5,20,20,30,30,37],"current_hp_per_floor":[65,65,47,45,45,45,45,45,45,41,41,40,45,45,45,33,63,63,68,68,66,73,73,73,73,73,73,57,57,57,57,57,20,60,68,68,68,63,63,0],"gold":41,"neow_bonus":"REMOVE_TWO","is_prod":false,"is_daily":false,"chose_seed":false,"campfire_upgraded":8,"win_rate":0,"timestamp":1540732422,"path_taken":["M","?","?","M","?","R","E","R","T","M","R","E","?","?","R","BOSS","M","M","$","?","M","R","?","R","T","R","E","?","$","?","R","BOSS","M","?","$","?","?","E"],"build_version":"2018-10-25v2","purchased_purges":2,"victory":false,"max_hp_per_floor":[68,68,68,68,68,68,68,68,68,68,68,68,73,73,73,73,73,73,73,73,73,73,73,73,73,73,73,73,73,73,73,73,73,73,73,73,73,73,73,73],"card_choices":[{"not_picked":["Go for the Eyes","Gash"],"picked":"Genetic Algorithm","floor":1},{"not_picked":["Loop","Reinforced Body"],"picked":"Conserve Battery","floor":4},{"not_picked":["Cold Snap","Reinforced Body"],"picked":"Go for the Eyes","floor":7},{"not_picked":["Streamline","Beam Cell"],"picked":"Redo","floor":10},{"not_picked":["Compile Driver","Recycle"],"picked":"Chill","floor":12},{"not_picked":["Rainbow","All For One"],"picked":"Fission","floor":16},{"not_picked":["Barrage","Chill"],"picked":"Sweeping Beam+1","floor":18},{"not_picked":["Hologram","Stack+1","Turbo+1"],"picked":"SKIP","floor":19},{"not_picked":["Barrage","Leap+1"],"picked":"Tempest+1","floor":21},{"not_picked":["Fusion","Rip and Tear+1","Ball Lightning"],"picked":"SKIP","floor":22},{"not_picked":["Heatsinks+1","Double Energy"],"picked":"BootSequence","floor":28},{"not_picked":["Core Surge","Meteor Strike"],"picked":"Rainbow","floor":33},{"not_picked":["Darkness+1","Tempest+1"],"picked":"FTL+1","floor":35},{"not_picked":["Purity","The Bomb"],"picked":"Finesse","floor":38},{"not_picked":["Violence","Dramatic Entrance"],"picked":"Madness","floor":38}],"player_experience":482843,"relics_obtained":[{"floor":7,"key":"Symbiotic Virus"},{"floor":9,"key":"Bottled Tornado"},{"floor":12,"key":"Emotion Chip"},{"floor":26,"key":"Dream Catcher"},{"floor":28,"key":"Smiling Mask"}],"event_choices":[{"damage_healed":0,"gold_gain":175,"player_choice":"AGREE","damage_taken":0,"max_hp_gain":0,"max_hp_loss":0,"event_name":"Liars Game","floor":2,"gold_loss":0,"cards_obtained":["Doubt"]},{"damage_healed":0,"gold_gain":0,"player_choice":"Success","damage_taken":18,"relics_obtained":["Vajra"],"max_hp_gain":0,"max_hp_loss":0,"event_name":"Scrap Ooze","floor":3,"gold_loss":0},{"damage_healed":0,"gold_gain":0,"player_choice":"Donut","damage_taken":0,"max_hp_gain":5,"max_hp_loss":0,"event_name":"Big Fish","floor":13,"gold_loss":0},{"damage_healed":0,"gold_gain":0,"player_choice":"Grow","damage_taken":0,"max_hp_gain":0,"max_hp_loss":0,"event_name":"Living Wall","floor":14,"gold_loss":0,"cards_upgraded":["Self Repair"]},{"damage_healed":0,"gold_gain":0,"player_choice":"Opened","damage_taken":0,"relics_obtained":["Mummified Hand"],"max_hp_gain":0,"max_hp_loss":0,"event_name":"The Mausoleum","floor":24,"gold_loss":0,"cards_obtained":["Writhe"]},{"damage_healed":0,"gold_gain":99,"player_choice":"Stole From Cult","damage_taken":0,"max_hp_gain":0,"max_hp_loss":0,"event_name":"Nest","floor":29,"gold_loss":0},{"damage_healed":0,"gold_gain":0,"player_choice":"Stole Relic","damage_taken":0,"relics_obtained":["Orichalcum"],"max_hp_gain":0,"max_hp_loss":0,"event_name":"Addict","floor":31,"gold_loss":0,"cards_obtained":["Shame"]},{"damage_healed":0,"gold_gain":0,"player_choice":"Ignored","damage_taken":0,"max_hp_gain":0,"max_hp_loss":0,"event_name":"Tomb of Lord Red Mask","floor":36,"gold_loss":0},{"damage_healed":0,"gold_gain":0,"player_choice":"Memory 2","damage_taken":5,"max_hp_gain":0,"max_hp_loss":0,"event_name":"SensoryStone","floor":38,"gold_loss":0},{"damage_healed":0,"gold_gain":0,"player_choice":"Got Potions","damage_taken":0,"max_hp_gain":0,"max_hp_loss":0,"event_name":"The Lab","floor":39,"gold_loss":0}],"is_beta":false,"boss_relics":[{"not_picked":["Calling Bell","Velvet Choker"],"picked":"Runic Pyramid"},{"not_picked":["Sozu","Black Star"],"picked":"Fusion Hammer"}],"items_purged_floors":[5,37],"is_endless":false,"potions_floor_spawned":[1,7,22,33,35],"killed_by":"Giant Head","ascension_level":11}