{"path_per_floor":["M","M","M","M","M","R","E","R","T","M","?","M","M","M","R","B",null,"M","?","?","M","?","E","$","M","T","R","M","R","M"],"character_chosen":"IRONCLAD","items_purchased":["Metallicize","Orichalcum"],"gold_per_floor":[18,28,43,53,73,73,100,100,100,118,118,135,149,163,163,259,289,306,231,231,251,251,315,55,70,70,70,88,88,100],"floor_reached":31,"campfire_rested":2,"playtime":1814,"current_hp_per_floor":[78,76,80,80,77,77,38,38,38,41,25,24,30,32,56,24,85,76,76,82,78,78,36,36,13,13,13,17,44,48],"items_purged":["Writhe"],"gold":100,"score":276,"play_id":"65a1ce3e-e5db-4c60-a27a-aae3926366bb","is_prod":false,"is_daily":false,"is_ascension_mode":true,"campfire_upgraded":3,"path_taken":["M","M","M","M","M","R","E","R","T","M","?","?","M","M","R","BOSS","M","?","?","M","?","E","$","?","T","R","M","R","M","E"],"build_version":"2018-02-15-PROD1","purchased_purges":1,"victory":false,"master_deck":["Strike_R","Strike_R","Strike_R+1","Strike_R","Defend_R","Defend_R","Defend_R+1","Defend_R","Bash+1","Brutality","Iron Wave","Iron Wave","Battle Trance","Dropkick","Whirlwind+1","Cleave","Armaments+1","Iron Wave","Flex","Double Tap","Warcry","Warcry","Barricade+1","Shockwave","Metallicize","Metallicize","Body Slam","Armaments+1"],"max_hp_per_floor":[80,80,80,80,80,80,80,80,80,80,80,80,80,80,80,80,85,85,85,91,91,91,91,91,91,91,91,91,91,91],"relics":["Burning Blood","Darkstone Periapt","Oddly Smooth Stone","Tiny House","Anchor","Tiny Chest","Orichalcum","Gambling Chip"],"card_choices":[{"not_picked":["Immolate","Fiend Fire"],"picked":"Brutality"},{"not_picked":["Warcry","Hemokinesis"],"picked":"Iron Wave"},{"not_picked":["Havoc","Clothesline"],"picked":"Iron Wave"},{"not_picked":["True Grit","Iron Wave"],"picked":"Battle Trance"},{"not_picked":["Sentinel","Twin Strike"],"picked":"Dropkick"},{"not_picked":["Heavy Blade","Clash"],"picked":"Whirlwind"},{"not_picked":["Berserk","Power Through"],"picked":"Cleave"},{"not_picked":["Dropkick","Sever Soul"],"picked":"Armaments"},{"not_picked":["Sword Boomerang","Pummel"],"picked":"Iron Wave"},{"not_picked":["Pommel Strike","Cleave"],"picked":"Flex"},{"not_picked":["Impervious","Brutality"],"picked":"Double Tap"},{"not_picked":["Rupture","True Grit"],"picked":"Warcry"},{"not_picked":["Pommel Strike","Body Slam"],"picked":"Warcry"},{"not_picked":["Wild Strike","Flex"],"picked":"Barricade"},{"not_picked":["Clash","Inflame"],"picked":"Metallicize"},{"not_picked":["Pummel","Clash"],"picked":"Body Slam"},{"not_picked":["Shrug It Off","Headbutt"],"picked":"Armaments"}],"player_experience":135732,"potions_floor_usage":[25],"damage_taken":[{"damage":8,"enemies":"Jaw Worm","floor":1,"turns":4},{"damage":8,"enemies":"2 Louse","floor":2,"turns":3},{"damage":0,"enemies":"Small Slimes","floor":3,"turns":3},{"damage":5,"enemies":"Looter","floor":4,"turns":3},{"damage":9,"enemies":"3 Louse","floor":5,"turns":4},{"damage":45,"enemies":"Lagavulin","floor":7,"turns":8},{"damage":3,"enemies":"Red Slaver","floor":10,"turns":3},{"damage":7,"enemies":"Blue Slaver","floor":12,"turns":3},{"damage":0,"enemies":"Exordium Wildlife","floor":13,"turns":3},{"damage":4,"enemies":"Looter","floor":14,"turns":2},{"damage":38,"enemies":"The Guardian","floor":16,"turns":12},{"damage":15,"enemies":"2 Thieves","floor":18,"turns":5},{"damage":10,"enemies":"Chosen","floor":21,"turns":6},{"damage":48,"enemies":"Gremlin Leader","floor":23,"turns":10},{"damage":29,"enemies":"Slaver and Parasite","floor":25,"turns":6},{"damage":2,"enemies":"3 Cultists","floor":28,"turns":3},{"damage":2,"enemies":"Cultist and Chosen","floor":30,"turns":10},{"damage":50,"enemies":"Slavers","floor":31,"turns":5}],"event_choices":[{"event_name":"Shining Light","player_choice":"Entered Light","floor":11,"damage_taken":0},{"event_name":"Beggar","player_choice":"Gave Gold","floor":19,"damage_taken":0},{"event_name":"The Mausoleum","player_choice":"Yes","floor":20,"damage_taken":0},{"event_name":"The Library","player_choice":"Read","floor":22,"damage_taken":0}],"boss_relics":[{"not_picked":["Question Card","Astrolabe"],"picked":"Tiny House"}],"potions_floor_spawned":[3,4,5,12,13,25,28,30],"seed_played":"-8510372288617906613","killed_by":"Slavers","ascension_level":1,"is_trial":false}