{"gold_per_floor":[219,219,229,229,229,263,279,296,296,316,316,266,266,286,286,389,389,404,404,417,167,183,214,214,58,58,58,72,171,171,101,101,204,204,224,105,105,35,35,45,58,58],"floor_reached":42,"playtime":1982,"items_purged":["Evolve"],"score":545,"play_id":"f2c44cc5-8017-4b75-8154-8c1778e8b77f","local_time":"20180904140520","is_ascension_mode":true,"campfire_choices":[{"data":"Armaments","floor":11,"key":"SMITH"},{"data":"Flex","floor":13,"key":"SMITH"},{"data":"Spot Weakness","floor":15,"key":"SMITH"},{"floor":24,"key":"REST"},{"floor":32,"key":"REST"}],"neow_cost":"NONE","seed_source_timestamp":94511288808955,"circlet_count":0,"master_deck":["Strike_R","Defend_R","Defend_R","Defend_R","Defend_R","Bash+1","Dropkick","Cleave","Flex+1","Armaments+1","Shrug It Off","Spot Weakness+1","Demon Form","Twin Strike","Necronomicurse","Heavy Blade","Jack Of All Trades","Metallicize","Inflame","Heavy Blade","Flex","Double Tap","Battle Trance","Shrug It Off","Madness","Madness","Seeing Red","Warcry+1","Shrug It Off+1"],"relics":["Burning Blood","Blue Candle","Mercury Hourglass","Sozu","Necronomicon","Blood Vial","Paper Frog","Darkstone Periapt","Empty Cage"],"potions_floor_usage":[6,6,20,23],"damage_taken":[{"damage":7,"enemies":"Jaw Worm","floor":1,"turns":3},{"damage":1,"enemies":"Cultist","floor":3,"turns":3},{"damage":20,"enemies":"3 Sentries","floor":6,"turns":6},{"damage":0,"enemies":"2 Louse","floor":7,"turns":1},{"damage":17,"enemies":"Gremlin Gang","floor":8,"turns":5},{"damage":6,"enemies":"Looter","floor":10,"turns":2},{"damage":0,"enemies":"3 Louse","floor":14,"turns":2},{"damage":32,"enemies":"The Guardian","floor":16,"turns":9},{"damage":14,"enemies":"Chosen","floor":18,"turns":5},{"damage":18,"enemies":"Shell Parasite","floor":20,"turns":3},{"damage":21,"enemies":"Snake Plant","floor":22,"turns":3},{"damage":7,"enemies":"Gremlin Leader","floor":23,"turns":5},{"damage":8,"enemies":"Centurion and Healer","floor":28,"turns":5},{"damage":19,"enemies":"Colosseum Slavers","floor":30,"turns":3},{"damage":41,"enemies":"Champ","floor":33,"turns":8},{"damage":20,"enemies":"3 Shapes","floor":35,"turns":3},{"damage":16,"enemies":"3 Darklings","floor":40,"turns":7},{"damage":18,"enemies":"Spire Growth","floor":41,"turns":3}],"seed_played":"-4254844642416252784","potions_obtained":[{"floor":1,"key":"EntropicBrew"},{"floor":6,"key":"Ancient Potion"}],"is_trial":false,"path_per_floor":["M","?","M","?","?","E","M","M","T","M","R","?","R","M","R","B",null,"M","?","M","$","M","E","R","$","T","?","M","?","?","$","R","B",null,"M","$","?","$","?","M","M"],"character_chosen":"IRONCLAD","items_purchased":["Blood Vial","Jack Of All Trades","Inflame","Heavy Blade","Flex","Battle Trance","Shrug It Off","Seeing Red"],"campfire_rested":2,"item_purchase_floors":[21,21,25,31,31,36,36,38],"current_hp_per_floor":[79,79,80,80,80,66,72,61,61,61,61,61,61,67,67,41,70,62,46,34,34,21,22,46,46,46,46,46,46,35,35,59,26,67,55,55,45,45,45,37,27,0],"gold":58,"neow_bonus":"HUNDRED_GOLD","is_prod":false,"is_daily":false,"chose_seed":false,"campfire_upgraded":3,"win_rate":0,"timestamp":1536066320,"path_taken":["M","?","?","?","?","E","M","M","T","M","R","?","R","M","R","BOSS","M","?","?","?","M","E","R","$","T","?","?","?","?","?","R","BOSS","M","$","?","?","?","M","M","M"],"build_version":"2018-08-30","purchased_purges":1,"victory":false,"max_hp_per_floor":[80,80,80,80,80,80,80,80,80,80,80,80,80,80,80,80,80,80,80,80,80,80,80,80,80,80,80,80,80,80,80,80,80,80,80,80,80,80,80,80,80,80],"card_choices":[{"not_picked":["Cleave","Body Slam"],"picked":"Dropkick","floor":1},{"not_picked":["True Grit","Clothesline"],"picked":"Cleave","floor":3},{"not_picked":["Blood for Blood","Double Tap"],"picked":"Flex","floor":6},{"not_picked":["Hemokinesis","Warcry"],"picked":"Armaments","floor":7},{"not_picked":["True Grit","Uppercut"],"picked":"Evolve","floor":8},{"not_picked":["Blood for Blood","Sword Boomerang"],"picked":"Shrug It Off","floor":10},{"not_picked":["True Grit","Flex"],"picked":"Spot Weakness","floor":14},{"not_picked":["Dark Embrace","Juggernaut"],"picked":"Demon Form","floor":16},{"not_picked":["Sentinel","Armaments"],"picked":"Twin Strike","floor":18},{"not_picked":["Rage+1","Iron Wave"],"picked":"Heavy Blade","floor":20},{"not_picked":["Hemokinesis","Anger"],"picked":"Metallicize","floor":22},{"not_picked":["Body Slam","True Grit+1","Anger"],"picked":"SKIP","floor":23},{"not_picked":["Power Through+1","Cleave+1","Body Slam"],"picked":"SKIP","floor":28},{"not_picked":["Brutality","Juggernaut"],"picked":"Double Tap","floor":33},{"not_picked":["Wild Strike+1","Havoc+1","Twin Strike"],"picked":"SKIP","floor":35},{"not_picked":["Heavy Blade","Flame Barrier"],"picked":"Warcry+1","floor":40},{"not_picked":["Headbutt","Body Slam+1"],"picked":"Shrug It Off+1","floor":41}],"player_experience":312601,"relics_obtained":[{"floor":6,"key":"Blue Candle"},{"floor":9,"key":"Mercury Hourglass"},{"floor":19,"key":"Necronomicon"},{"floor":23,"key":"Paper Frog"},{"floor":26,"key":"Darkstone Periapt"}],"event_choices":[{"event_name":"Accursed Blacksmith","player_choice":"Forge","floor":2,"damage_taken":0},{"event_name":"Living Wall","player_choice":"Forget","floor":4,"damage_taken":0},{"event_name":"Wheel of Change","player_choice":"Full Heal","floor":5,"damage_taken":0},{"event_name":"The Cleric","player_choice":"Card Removal","floor":12,"damage_taken":0},{"event_name":"Cursed Tome","player_choice":"Obtained Book","floor":19,"damage_taken":0},{"event_name":"The Woman in Blue","player_choice":"Bought 0 Potions","floor":27,"damage_taken":0},{"event_name":"Nest","player_choice":"Stole From Cult","floor":29,"damage_taken":0},{"event_name":"Colosseum","player_choice":"Fight","floor":30,"damage_taken":0},{"event_name":"Colosseum","player_choice":"Fled From Nobs","floor":30,"damage_taken":0},{"event_name":"Winding Halls","player_choice":"Embrace Madness","floor":37,"damage_taken":0},{"event_name":"SecretPortal","player_choice":"Rejected Portal.","floor":39,"damage_taken":0}],"is_beta":false,"boss_relics":[{"not_picked":["Tiny House","Runic Pyramid"],"picked":"Sozu"},{"not_picked":["White Beast Statue","Snecko Eye"],"picked":"Empty Cage"}],"items_purged_floors":[25],"is_endless":false,"potions_floor_spawned":[1,6,8,10,16,18,20,35,40],"killed_by":"4 Shapes","ascension_level":5}