{"gold_per_floor":[115,125,142,153,45,45,74,74,74,74,100,115,142,155,155,232,232,251,261,14,31,42,42,55,55,55,85,85,85,120,145,157,240,252,280,36,136,152,167,200,200,220,244,244,254,254,42,57,57,57,57,57,57,2,2],"floor_reached":55,"playtime":4884,"items_purged":["Strike_R"],"score":1897,"play_id":"74b8efc9-4db3-434e-b61c-07662495ccc8","local_time":"20190326225124","is_ascension_mode":true,"campfire_choices":[{"data":"Carnage","floor":6,"key":"SMITH"},{"data":"Whirlwind","floor":8,"key":"SMITH"},{"floor":15,"key":"REST"},{"data":"Corruption","floor":23,"key":"SMITH"},{"floor":25,"key":"REST"},{"floor":29,"key":"REST"},{"floor":32,"key":"REST"},{"floor":44,"key":"REST"},{"floor":46,"key":"RECALL"},{"floor":49,"key":"REST"},{"data":"Dark Shackles","floor":53,"key":"SMITH"}],"neow_cost":"NONE","seed_source_timestamp":178243937035209,"circlet_count":0,"master_deck":["AscendersBane","Strike_R","Defend_R","Defend_R","Defend_R","Defend_R","Bash+1","Bludgeon+1","Flame Barrier","Whirlwind+1","Carnage+1","Battle Trance","Inflame","True Grit","Metallicize","Battle Trance","Corruption+1","Disarm","Immolate","Barricade+1","Barricade+1","Ghostly Armor+1","Shrug It Off","Enlightenment","Spot Weakness","Thunderclap+1","Feel No Pain+1","Power Through","Shockwave","Impervious","Heavy Blade+1","Flame Barrier","Dark Shackles+1","Infernal Blade+1","Headbutt+1"],"relics":["Burning Blood","Mummified Hand","Pear","Darkstone Periapt","Kunai","Astrolabe","Bag of Marbles","Paper Frog","Whetstone","MawBank","Busted Crown","Gambling Chip","Frozen Egg 2","Bronze Scales"],"potions_floor_usage":[7,11,12,19,21,24,37,39,39,42,50],"damage_taken":[{"damage":1,"enemies":"Cultist","floor":1,"turns":3},{"damage":0,"enemies":"Jaw Worm","floor":2,"turns":3},{"damage":1,"enemies":"2 Louse","floor":3,"turns":3},{"damage":6,"enemies":"Exordium Wildlife","floor":4,"turns":2},{"damage":28,"enemies":"Lagavulin","floor":7,"turns":6},{"damage":18,"enemies":"Gremlin Nob","floor":11,"turns":4},{"damage":0,"enemies":"Looter","floor":12,"turns":1},{"damage":20,"enemies":"3 Sentries","floor":13,"turns":5},{"damage":20,"enemies":"Exordium Thugs","floor":14,"turns":4},{"damage":29,"enemies":"Slime Boss","floor":16,"turns":9},{"damage":10,"enemies":"3 Byrds","floor":18,"turns":5},{"damage":19,"enemies":"2 Thieves","floor":19,"turns":3},{"damage":10,"enemies":"Snecko","floor":21,"turns":4},{"damage":21,"enemies":"Cultist and Chosen","floor":22,"turns":8},{"damage":10,"enemies":"3 Cultists","floor":24,"turns":3},{"damage":44,"enemies":"Slavers","floor":27,"turns":4},{"damage":43,"enemies":"Gremlin Leader","floor":30,"turns":8},{"damage":13,"enemies":"Centurion and Healer","floor":31,"turns":6},{"damage":44,"enemies":"Collector","floor":33,"turns":12},{"damage":36,"enemies":"3 Darklings","floor":35,"turns":7},{"damage":0,"enemies":"Mind Bloom Boss Battle","floor":37,"turns":6},{"damage":2,"enemies":"3 Shapes","floor":38,"turns":3},{"damage":29,"enemies":"Transient","floor":39,"turns":6},{"damage":0,"enemies":"Nemesis","floor":40,"turns":7},{"damage":17,"enemies":"Sphere and 2 Shapes","floor":42,"turns":4},{"damage":5,"enemies":"4 Shapes","floor":45,"turns":7},{"damage":5,"enemies":"Maw","floor":48,"turns":8},{"damage":24,"enemies":"Donu and Deca","floor":50,"turns":11},{"damage":32,"enemies":"Time Eater","floor":51,"turns":10},{"damage":76,"enemies":"Shield and Spear","floor":55,"turns":3}],"seed_played":"6909047045552741837","potions_obtained":[{"floor":2,"key":"Ancient Potion"},{"floor":4,"key":"Energy Potion"},{"floor":11,"key":"Energy Potion"},{"floor":16,"key":"BloodPotion"},{"floor":18,"key":"Block Potion"},{"floor":22,"key":"Explosive Potion"},{"floor":33,"key":"BloodPotion"},{"floor":35,"key":"Block Potion"},{"floor":38,"key":"Fire Potion"},{"floor":40,"key":"AttackPotion"},{"floor":48,"key":"Poison Potion"}],"is_trial":false,"path_per_floor":["M","M","M","M","$","R","E","R","T","?","E","M","E","M","R","B",null,"M","M","$","M","M","R","M","R","T","E","?","R","E","M","R","B",null,"M","$","?","M","M","E","?","M","T","R","M","R","$","M","R","B","B",null,"R","$","E"],"character_chosen":"IRONCLAD","items_purchased":["Inflame","True Grit","Bag of Marbles","Enlightenment","Flame Barrier","Dark Shackles","Bronze Scales","SpeedPotion","SteroidPotion"],"campfire_rested":6,"item_purchase_floors":[5,5,20,20,36,36,47,47,54],"current_hp_per_floor":[73,75,75,75,75,75,53,53,63,63,51,57,43,29,54,31,72,68,55,55,59,44,44,40,65,65,27,44,69,32,25,50,12,67,37,37,43,47,32,38,38,27,27,52,53,53,53,54,79,61,35,73,73,73,0],"gold":2,"neow_bonus":"ONE_RANDOM_RARE_CARD","is_prod":false,"is_daily":false,"chose_seed":false,"campfire_upgraded":4,"win_rate":0,"timestamp":1553633484,"path_taken":["M","M","M","?","$","R","E","R","T","?","E","?","E","M","R","BOSS","M","M","$","M","M","R","?","R","T","E","?","R","E","M","R","BOSS","M","$","?","M","M","E","?","?","T","R","M","R","?","M","R","BOSS","BOSS","R","$","E"],"build_version":"2019-01-23","purchased_purges":1,"victory":false,"max_hp_per_floor":[75,75,75,75,75,75,75,75,85,85,85,85,85,85,85,85,85,85,85,85,85,85,85,85,85,85,85,85,85,85,85,85,85,85,85,85,85,85,85,85,85,85,85,85,85,85,85,85,85,85,85,85,85,85,85],"card_choices":[{"not_picked":["Cleave","Perfected Strike"],"picked":"Flame Barrier","floor":1},{"not_picked":["Battle Trance","Entrench"],"picked":"Whirlwind","floor":2},{"not_picked":["Body Slam","Anger"],"picked":"Carnage","floor":3},{"not_picked":["Dropkick","Hemokinesis"],"picked":"Battle Trance","floor":4},{"not_picked":["Dual Wield","True Grit"],"picked":"Metallicize","floor":7},{"not_picked":["True Grit","Sever Soul"],"picked":"Battle Trance","floor":11},{"not_picked":["Exhume","Body Slam"],"picked":"Corruption","floor":12},{"not_picked":["Dual Wield","Blood for Blood"],"picked":"Disarm","floor":13},{"not_picked":["Armaments","Clash","Cleave"],"picked":"SKIP","floor":14},{"not_picked":["Fiend Fire","Brutality"],"picked":"Immolate","floor":16},{"not_picked":["Cleave","Fire Breathing","Reckless Charge"],"picked":"SKIP","floor":18},{"not_picked":["Perfected Strike","Corruption"],"picked":"Shrug It Off","floor":19},{"not_picked":["Twin Strike","Perfected Strike","Body Slam"],"picked":"SKIP","floor":21},{"not_picked":["Perfected Strike","Iron Wave"],"picked":"Spot Weakness","floor":22},{"not_picked":["Whirlwind","Heavy Blade"],"picked":"Thunderclap","floor":24},{"not_picked":["Metallicize","Iron Wave"],"picked":"Feel No Pain+1","floor":27},{"not_picked":["Cleave","Spot Weakness"],"picked":"Power Through","floor":30},{"not_picked":["Headbutt","Havoc"],"picked":"Shockwave","floor":31},{"not_picked":["Double Tap","Exhume"],"picked":"Impervious","floor":33},{"not_picked":[],"picked":"Heavy Blade+1","floor":35},{"not_picked":[],"picked":"Infernal Blade+1","floor":37},{"not_picked":[],"picked":"Headbutt+1","floor":38},{"not_picked":["Pummel+1"],"picked":"SKIP","floor":39},{"not_picked":["Sword Boomerang"],"picked":"SKIP","floor":40},{"not_picked":["Second Wind"],"picked":"SKIP","floor":42},{"not_picked":["Hemokinesis"],"picked":"SKIP","floor":45},{"not_picked":["Carnage"],"picked":"SKIP","floor":48}],"player_experience":1611736,"relics_obtained":[{"floor":7,"key":"Mummified Hand"},{"floor":9,"key":"Pear"},{"floor":11,"key":"Darkstone Periapt"},{"floor":13,"key":"Kunai"},{"floor":26,"key":"Paper Frog"},{"floor":27,"key":"Whetstone"},{"floor":30,"key":"MawBank"},{"floor":37,"key":"Gambling Chip"},{"floor":40,"key":"Frozen Egg 2"}],"event_choices":[{"damage_healed":0,"gold_gain":0,"player_choice":"Forge","damage_taken":0,"max_hp_gain":0,"max_hp_loss":0,"event_name":"Accursed Blacksmith","floor":10,"gold_loss":0,"cards_upgraded":["Bash"]},{"damage_healed":17,"gold_gain":0,"player_choice":"Heal","damage_taken":0,"max_hp_gain":0,"max_hp_loss":0,"event_name":"The Library","floor":28,"gold_loss":0},{"damage_healed":0,"gold_gain":0,"player_choice":"Fight","damage_taken":0,"max_hp_gain":0,"max_hp_loss":0,"event_name":"MindBloom","floor":37,"gold_loss":0},{"damage_healed":0,"gold_gain":0,"player_choice":"Leave","damage_taken":0,"max_hp_gain":0,"max_hp_loss":0,"event_name":"FaceTrader","floor":41,"gold_loss":0}],"is_beta":false,"boss_relics":[{"not_picked":["Black Star","Empty Cage"],"picked":"Astrolabe"},{"not_picked":["Runic Cube","Philosopher\u0027s Stone"],"picked":"Busted Crown"}],"items_purged_floors":[36],"is_endless":false,"potions_floor_spawned":[2,4,11,16,18,22,33,35,38,40,48],"killed_by":"Shield and Spear","ascension_level":20}