{"gold_per_floor":[114,114,114,130,55,55,88,104,104,123,151,171,183,203,203,275,275,287,300,313,313,313,332,332],"floor_reached":24,"playtime":1247,"items_purged":["Regret"],"score":427,"play_id":"a5983081-d220-4986-aa73-7d13af1a58f6","local_time":"20190323004139","is_ascension_mode":true,"campfire_choices":[{"data":"Neutralize","floor":6,"key":"SMITH"},{"data":"Bouncing Flask","floor":15,"key":"SMITH"}],"neow_cost":"NONE","seed_source_timestamp":189120739140500,"circlet_count":0,"master_deck":["AscendersBane","Defend_G","Defend_G","Defend_G","Defend_G","Defend_G","Strike_G","Strike_G","Strike_G","Strike_G","Survivor","Neutralize+1","Dagger Throw","Bouncing Flask+1","Poisoned Stab","Flying Knee","Well Laid Plans","Corpse Explosion","Distraction","After Image","Cloak And Dagger+1","Escape Plan","Dodge and Roll"],"relics":["Ring of the Snake","NeowsBlessing","Gremlin Horn","Snake Skull","Blue Candle","Runic Pyramid","Enchiridion","MutagenicStrength"],"potions_floor_usage":[10,11,19,24,24],"damage_taken":[{"damage":0,"enemies":"2 Louse","floor":1,"turns":1},{"damage":0,"enemies":"Cultist","floor":4,"turns":1},{"damage":0,"enemies":"Lagavulin","floor":7,"turns":1},{"damage":1,"enemies":"Small Slimes","floor":8,"turns":3},{"damage":7,"enemies":"Exordium Wildlife","floor":10,"turns":5},{"damage":1,"enemies":"Gremlin Nob","floor":11,"turns":4},{"damage":3,"enemies":"Looter","floor":12,"turns":3},{"damage":0,"enemies":"Large Slime","floor":13,"turns":3},{"damage":1,"enemies":"Exordium Wildlife","floor":14,"turns":3},{"damage":2,"enemies":"The Guardian","floor":16,"turns":9},{"damage":0,"enemies":"Chosen","floor":18,"turns":4},{"damage":3,"enemies":"3 Byrds","floor":19,"turns":3},{"damage":18,"enemies":"Snecko","floor":20,"turns":6},{"damage":15,"enemies":"Centurion and Healer","floor":23,"turns":4},{"damage":6,"enemies":"Shelled Parasite and Fungi","floor":24,"turns":4}],"seed_played":"-7341580220084644849","potions_obtained":[{"floor":7,"key":"Block Potion"},{"floor":8,"key":"Poison Potion"},{"floor":11,"key":"Block Potion"},{"floor":12,"key":"Swift Potion"},{"floor":23,"key":"Energy Potion"}],"is_trial":false,"path_per_floor":["M","?","?","M","$","R","E","M","T","M","E","M","M","M","R","B",null,"M","M","M","?","?","M","M"],"character_chosen":"THE_SILENT","items_purchased":[],"campfire_rested":0,"item_purchase_floors":[],"current_hp_per_floor":[59,59,59,59,59,59,59,58,58,51,50,47,47,46,46,44,61,61,58,40,19,19,4,0],"gold":332,"neow_bonus":"THREE_ENEMY_KILL","is_prod":false,"is_daily":false,"chose_seed":false,"campfire_upgraded":2,"win_rate":0,"timestamp":1553301699,"path_taken":["M","?","?","?","?","R","E","M","T","M","E","M","M","M","R","BOSS","M","M","M","?","?","M","M"],"build_version":"2019-01-23","purchased_purges":1,"victory":false,"max_hp_per_floor":[66,66,66,66,66,66,66,66,66,66,66,66,66,66,66,66,66,66,66,66,66,66,66,66],"card_choices":[{"not_picked":["Slice","Tactician"],"picked":"Dagger Throw","floor":1},{"not_picked":["Predator","Tactician","Reflex"],"picked":"SKIP","floor":4},{"not_picked":["Tactician","Dodge and Roll"],"picked":"Poisoned Stab","floor":7},{"not_picked":["Calculated Gamble","Dagger Spray","Blade Dance"],"picked":"SKIP","floor":8},{"not_picked":["Prepared","Cloak And Dagger"],"picked":"Flying Knee","floor":10},{"not_picked":["Riddle With Holes","Dodge and Roll"],"picked":"Well Laid Plans","floor":11},{"not_picked":["Dagger Spray","Infinite Blades"],"picked":"Corpse Explosion","floor":12},{"not_picked":["Underhanded Strike","Dodge and Roll","Acrobatics"],"picked":"SKIP","floor":13},{"not_picked":["Prepared","Endless Agony"],"picked":"Distraction","floor":14},{"not_picked":["Unload","Phantasmal Killer"],"picked":"After Image","floor":16},{"not_picked":["Dagger Spray","Outmaneuver"],"picked":"Cloak And Dagger+1","floor":18},{"not_picked":["Dagger Spray","Infinite Blades"],"picked":"Escape Plan","floor":19},{"not_picked":["All Out Attack","Outmaneuver","Sucker Punch"],"picked":"SKIP","floor":20},{"not_picked":["Slice","Bane"],"picked":"Dodge and Roll","floor":23}],"player_experience":626325,"relics_obtained":[{"floor":7,"key":"Snake Skull"},{"floor":11,"key":"Blue Candle"},{"floor":21,"key":"Enchiridion"}],"event_choices":[{"damage_healed":0,"gold_gain":0,"player_choice":"Box","damage_taken":0,"relics_obtained":["Gremlin Horn"],"max_hp_gain":0,"max_hp_loss":0,"event_name":"Big Fish","floor":2,"gold_loss":0,"cards_obtained":["Regret"]},{"damage_healed":0,"gold_gain":0,"cards_transformed":["Strike_G"],"player_choice":"Transformed","damage_taken":0,"max_hp_gain":0,"max_hp_loss":0,"event_name":"Transmorgrifier","floor":3,"gold_loss":0,"cards_obtained":["Bouncing Flask"]},{"damage_healed":0,"gold_gain":0,"player_choice":"Obtained Book","damage_taken":21,"max_hp_gain":0,"max_hp_loss":0,"event_name":"Cursed Tome","floor":21,"gold_loss":0},{"damage_healed":0,"gold_gain":0,"player_choice":"Inject Mutagens","damage_taken":0,"relics_obtained":["MutagenicStrength"],"max_hp_gain":0,"max_hp_loss":0,"event_name":"Drug Dealer","floor":22,"gold_loss":0}],"is_beta":false,"boss_relics":[{"not_picked":["Calling Bell","Ectoplasm"],"picked":"Runic Pyramid"}],"items_purged_floors":[5],"is_endless":false,"potions_floor_spawned":[7,8,11,12,18,23],"killed_by":"Shelled Parasite and Fungi","ascension_level":16}