{"path_per_floor":["M","M","M","?","M","R","M","E","T","E","?","M","R","M","R","B",null,"M","M","?","?","$","E","R","E","T","M","M","M","E","M","R"],"character_chosen":"IRONCLAD","items_purchased":["Whetstone","Vajra","Flex"],"gold_per_floor":[114,128,142,142,167,167,190,231,313,353,353,367,367,383,383,503,503,517,542,542,457,31,62,62,93,144,168,182,197,237,255,255],"floor_reached":33,"campfire_rested":3,"playtime":4591,"current_hp_per_floor":[80,80,65,45,44,68,70,41,41,18,15,14,38,41,65,19,80,80,65,65,65,65,65,65,78,78,77,77,80,70,72,72],"items_purged":["Normality"],"gold":255,"play_id":"9e70f085-1444-4f78-bc6f-30b555a87d7e","is_prod":false,"is_daily":false,"is_ascension_mode":false,"campfire_upgraded":2,"path_taken":["M","M","M","?","?","R","M","E","T","E","?","M","R","?","R","BOSS","M","M","?","?","?","E","R","E","T","M","M","M","E","M","R","BOSS"],"build_version":"2018-02-01-PROD3","purchased_purges":1,"victory":false,"master_deck":["Strike_R","Strike_R","Strike_R","Strike_R+1","Strike_R","Defend_R","Defend_R","Defend_R","Defend_R","Bash","Cleave","Sever Soul","Flame Barrier","Battle Trance","Iron Wave","Shockwave","Infernal Blade","Reaper+1","Hemokinesis","Dropkick","Seeing Red","Sword Boomerang","Offering","Writhe","Writhe","Pommel Strike+1","Power Through","Flex","Uppercut+1","Seeing Red+1","Thunderclap+1","Bludgeon","Reckless Charge","Offering","Whirlwind+1"],"max_hp_per_floor":[80,80,80,80,80,80,80,80,80,80,80,80,80,80,80,80,80,80,80,80,80,80,80,80,80,80,80,80,80,80,80,80],"relics":["Burning Blood","Dream Catcher","Golden Idol","Ornamental Fan","Self Forming Clay","Lantern","Centennial Puzzle","Calling Bell","Bag of Preparation","Charon\u0027s Ashes","Mercury Hourglass","Orichalcum","Whetstone","Vajra","Toolbox","Gremlin Horn","Anchor","Darkstone Periapt"],"card_choices":[{"not_picked":["Clothesline","Twin Strike"],"picked":"Cleave"},{"not_picked":["Body Slam","Headbutt"],"picked":"Sever Soul"},{"not_picked":["True Grit","Perfected Strike"],"picked":"Flame Barrier"},{"not_picked":["Rage","Clash"],"picked":"Battle Trance"},{"not_picked":["Headbutt","Anger"],"picked":"Iron Wave"},{"not_picked":["Warcry","Cleave"],"picked":"Shockwave"},{"not_picked":["Shrug It Off","Armaments"],"picked":"Infernal Blade"},{"not_picked":["Iron Wave","Metallicize"],"picked":"Reaper"},{"not_picked":["Dual Wield","Shrug It Off"],"picked":"Hemokinesis"},{"not_picked":["Perfected Strike","Shrug It Off"],"picked":"Dropkick"},{"not_picked":["Clothesline","Cleave"],"picked":"Seeing Red"},{"not_picked":["Perfected Strike","Twin Strike"],"picked":"Sword Boomerang"},{"not_picked":["Barricade","Double Tap"],"picked":"Offering"},{"not_picked":["Searing Blow","Headbutt"],"picked":"Pommel Strike"},{"not_picked":["Sword Boomerang","Body Slam"],"picked":"Power Through"},{"not_picked":["True Grit","Anger"],"picked":"Uppercut"},{"not_picked":["Warcry","Iron Wave"],"picked":"Seeing Red"},{"not_picked":["Armaments","Iron Wave"],"picked":"Thunderclap"},{"not_picked":["Whirlwind","Infernal Blade"],"picked":"Bludgeon"},{"not_picked":["Twin Strike","True Grit"],"picked":"Reckless Charge"},{"not_picked":["Sword Boomerang","True Grit"],"picked":"Offering"},{"not_picked":["Intimidate","Flex"],"picked":"Whirlwind"}],"player_experience":2226,"potions_floor_usage":[10,16,25,30],"damage_taken":[{"damage":1,"enemies":"Cultist","floor":1,"turns":3},{"damage":3,"enemies":"Small Slimes","floor":2,"turns":3},{"damage":21,"enemies":"Blue Slaver","floor":3,"turns":4},{"damage":7,"enemies":"3 Louse","floor":5,"turns":4},{"damage":4,"enemies":"Exordium Wildlife","floor":7,"turns":3},{"damage":35,"enemies":"Gremlin Nob","floor":8,"turns":6},{"damage":29,"enemies":"Lagavulin","floor":10,"turns":7},{"damage":7,"enemies":"Red Slaver","floor":12,"turns":4},{"damage":3,"enemies":"Large Slime","floor":14,"turns":3},{"damage":58,"enemies":"Hexaghost","floor":16,"turns":12},{"damage":12,"enemies":"Shell Parasite","floor":18,"turns":3},{"damage":21,"enemies":"2 Thieves","floor":19,"turns":2},{"damage":21,"enemies":"Gremlin Leader","floor":23,"turns":3},{"damage":17,"enemies":"Slavers","floor":25,"turns":4},{"damage":9,"enemies":"Centurion and Healer","floor":27,"turns":3},{"damage":6,"enemies":"Sentry and Sphere","floor":28,"turns":3},{"damage":2,"enemies":"Slaver and Parasite","floor":29,"turns":2},{"damage":16,"enemies":"Gremlin Leader","floor":30,"turns":3},{"damage":4,"enemies":"Snake Plant","floor":31,"turns":2},{"damage":85,"enemies":"Champ","floor":33,"turns":6}],"event_choices":[{"event_name":"Golden Idol","player_choice":"Take Damage","floor":4,"damage_taken":0},{"event_name":"Scrap Ooze","player_choice":"success","floor":11,"damage_taken":3},{"event_name":"The Lab","player_choice":"Got Potions","floor":20,"damage_taken":0},{"event_name":"Addict","player_choice":"Obtained Relic","floor":21,"damage_taken":0}],"boss_relics":[{"not_picked":["Black Blood","White Beast Statue"],"picked":"Calling Bell"}],"potions_floor_spawned":[2,3,7,8,12,18,28,30,31],"seed_played":"-4602563931427293157","killed_by":"Champ","ascension_level":0,"is_trial":false}