{"gold_per_floor":[116,35,35,35,45,45,61,61,61,61,77,105,105,124,124,227,227,246,3,13,13,13,13,32,51,131,131,150,75,75,87,87,191,191,206,225,10,10,10,10,23,23,71,71,36,50,50,62,62,62],"floor_reached":51,"playtime":1207,"items_purged":["Pain"],"score":672,"play_id":"17ee8d36-ef27-4ec9-a1ef-76c273739008","local_time":"20190329183529","is_ascension_mode":false,"campfire_choices":[{"data":"Bash","floor":6,"key":"SMITH"},{"data":"Battle Trance","floor":8,"key":"SMITH"},{"data":"Iron Wave","floor":10,"key":"SMITH"},{"data":"Uppercut","floor":15,"key":"SMITH"},{"data":"Uppercut","floor":23,"key":"SMITH"},{"data":"Whirlwind","floor":32,"key":"SMITH"},{"data":"Heavy Blade","floor":40,"key":"SMITH"},{"floor":42,"key":"REST"},{"data":"Armaments","floor":44,"key":"SMITH"},{"floor":49,"key":"REST"}],"neow_cost":"NONE","seed_source_timestamp":10680902432045,"circlet_count":0,"master_deck":["Strike_R","Strike_R","Strike_R","Strike_R","Defend_R","Defend_R","Defend_R","Defend_R","Bash+1","Iron Wave+1","Uppercut+1","Battle Trance+1","Armaments+1","Uppercut+1","Dark Embrace+1","Feed","Cleave","Corruption+1","Shrug It Off","Uppercut+1","Feel No Pain+1","Shrug It Off+1","Combust+1","Rupture+1","Heavy Blade+1","Whirlwind+1","Juggernaut+1","Metallicize+1","Rupture+1","Headbutt+1","Flame Barrier","Disarm","Impervious","Havoc+1"],"special_seed":0,"relics":["Burning Blood","NeowsBlessing","Frozen Egg 2","Mummified Hand","WarpedTongs","Mark of Pain","FaceOfCleric","Question Card","Oddly Smooth Stone","Velvet Choker","Vajra","Dream Catcher","PreservedInsect"],"potions_floor_usage":[12,31,33,33,35,50,50],"damage_taken":[{"damage":0.0,"enemies":"Jaw Worm","floor":1.0,"turns":1.0},{"damage":0,"enemies":"Small Slimes","floor":5,"turns":1},{"damage":0,"enemies":"Cultist","floor":7,"turns":1},{"damage":12,"enemies":"Large Slime","floor":11,"turns":5},{"damage":6,"enemies":"3 Sentries","floor":12,"turns":7},{"damage":11,"enemies":"Exordium Thugs","floor":14,"turns":4},{"damage":32,"enemies":"Slime Boss","floor":16,"turns":14},{"damage":8,"enemies":"Chosen","floor":18,"turns":4},{"damage":8,"enemies":"Shell Parasite","floor":20,"turns":4},{"damage":23,"enemies":"Snake Plant","floor":24,"turns":4},{"damage":1,"enemies":"Snecko","floor":25,"turns":4},{"damage":8,"enemies":"Centurion and Healer","floor":28,"turns":6},{"damage":7,"enemies":"3 Cultists","floor":31,"turns":4},{"damage":51,"enemies":"Collector","floor":33,"turns":10},{"damage":29,"enemies":"3 Darklings","floor":35,"turns":5},{"damage":4,"enemies":"Orb Walker","floor":36,"turns":2},{"damage":38,"enemies":"3 Darklings","floor":41,"turns":4},{"damage":7,"enemies":"Spire Growth","floor":46,"turns":5},{"damage":10,"enemies":"Writhing Mass","floor":48,"turns":5},{"damage":37,"enemies":"Time Eater","floor":50,"turns":9}],"seed_played":"-5458546887710459414","potions_obtained":[{"floor":11,"key":"Fire Potion"},{"floor":14,"key":"SkillPotion"},{"floor":16,"key":"PowerPotion"},{"floor":20,"key":"EssenceOfSteel"},{"floor":31,"key":"Dexterity Potion"},{"floor":33,"key":"EssenceOfSteel"},{"floor":36,"key":"Poison Potion"},{"floor":48,"key":"SpeedPotion"}],"is_trial":false,"path_per_floor":["M","$","?","$","M","R","M","R","T","R","M","E","?","M","R","B",null,"M","$","M","?","$","R","M","M","T","?","M","?","?","M","R","B",null,"M","M","$","?","?","R","M","R","T","R","$","M","?","M","R","B",null],"character_chosen":"IRONCLAD","items_purchased":["Uppercut","Corruption+1","Shrug It Off","Uppercut","Rupture+1","Vajra","Disarm"],"campfire_rested":2,"item_purchase_floors":[2,19,19,19,37,37,45],"current_hp_per_floor":[80,80,80,80,80,80,80,80,80,80,74,74,74,69,69,43,80,78,78,76,76,76,76,60,66,66,66,68,68,68,71,71,27,91,69,72,72,72,72,72,41,69,69,69,69,73,73,70,100,70],"gold":62,"neow_bonus":"THREE_ENEMY_KILL","is_prod":false,"is_daily":false,"chose_seed":false,"campfire_upgraded":8,"win_rate":0,"timestamp":1553906129,"path_taken":["M","$","?","$","M","R","M","R","T","R","M","E","?","?","R","BOSS","M","$","M","?","?","R","M","M","T","?","M","?","?","M","R","BOSS","M","M","?","?","?","R","?","R","T","R","$","M","?","M","R","BOSS"],"build_version":"2019-01-23","purchased_purges":1,"victory":true,"max_hp_per_floor":[80,80,80,80,80,80,80,80,80,80,80,80,80,80,80,80,80,80,80,80,80,80,80,81,82,82,82,86,86,86,90,90,91,91,92,93,93,93,93,93,94,94,94,94,94,99,99,100,100,101],"card_choices":[{"not_picked":["Wild Strike","True Grit"],"picked":"Iron Wave","floor":1.0},{"not_picked":["Clash","Warcry"],"picked":"Battle Trance","floor":5},{"not_picked":["Entrench","Anger","Pommel Strike"],"picked":"SKIP","floor":7},{"not_picked":["Rage","Blood for Blood"],"picked":"Armaments","floor":11},{"not_picked":["Clash","Ghostly Armor"],"picked":"Uppercut","floor":12},{"not_picked":["Perfected Strike","Clothesline"],"picked":"Dark Embrace+1","floor":14},{"not_picked":["Impervious","Fiend Fire"],"picked":"Feed","floor":16},{"not_picked":["Fire Breathing+1","Warcry"],"picked":"Cleave","floor":18},{"not_picked":["Body Slam","Wild Strike"],"picked":"Feel No Pain+1","floor":20},{"not_picked":["Armaments","Havoc+1"],"picked":"Shrug It Off+1","floor":24},{"not_picked":["Entrench+1","Pummel"],"picked":"Combust+1","floor":25},{"not_picked":["Barricade+1","Heavy Blade","Flame Barrier"],"picked":"Rupture+1","floor":28},{"not_picked":["Pommel Strike+1","Anger+1","Uppercut"],"picked":"Whirlwind","floor":31},{"not_picked":["Double Tap","Reaper","Berserk+1"],"picked":"Juggernaut+1","floor":33},{"not_picked":["Power Through+1","Sever Soul+1","Perfected Strike"],"picked":"Armaments+1","floor":35},{"not_picked":["Body Slam","Intimidate","Pummel"],"picked":"Metallicize+1","floor":36},{"not_picked":["Bloodletting","Feel No Pain+1","Pummel+1"],"picked":"Headbutt+1","floor":41},{"not_picked":["Headbutt+1","Anger+1","Wild Strike+1"],"picked":"Flame Barrier","floor":42},{"not_picked":["Bloodletting","Flex+1","Ghostly Armor","Shrug It Off"],"picked":"SKIP","floor":46},{"not_picked":["Pommel Strike","Wild Strike+1","Clash"],"picked":"Impervious","floor":48},{"not_picked":["Rage+1","Carnage","Perfected Strike"],"picked":"Havoc+1","floor":49}],"player_experience":1146175,"relics_obtained":[{"floor":9,"key":"Frozen Egg 2"},{"floor":12,"key":"Mummified Hand"},{"floor":26,"key":"Question Card"},{"floor":43,"key":"PreservedInsect"}],"event_choices":[{"damage_healed":0.0,"max_hp_gain":0.0,"max_hp_loss":0.0,"gold_gain":0.0,"event_name":"Living Wall","player_choice":"Grow","floor":3.0,"gold_loss":0.0,"damage_taken":0.0,"cards_upgraded":["Uppercut"]},{"damage_healed":0,"gold_gain":0,"player_choice":"Rummage","damage_taken":0,"relics_obtained":["WarpedTongs"],"max_hp_gain":0,"max_hp_loss":0,"event_name":"Accursed Blacksmith","floor":13,"gold_loss":0,"cards_obtained":["Pain"]},{"damage_healed":0,"gold_gain":0,"player_choice":"Trade","damage_taken":0,"relics_obtained":["FaceOfCleric"],"max_hp_gain":0,"max_hp_loss":0,"event_name":"FaceTrader","floor":21,"gold_loss":0},{"damage_healed":0,"gold_gain":0,"player_choice":"Opened","damage_taken":0,"relics_obtained":["Oddly Smooth Stone"],"max_hp_gain":0,"max_hp_loss":0,"event_name":"The Mausoleum","floor":27,"gold_loss":0,"cards_obtained":["Writhe"]},{"cards_removed":["Writhe"],"damage_healed":0,"gold_gain":0,"player_choice":"Gave Gold","damage_taken":0,"max_hp_gain":0,"max_hp_loss":0,"event_name":"Beggar","floor":29,"gold_loss":75},{"damage_healed":0,"gold_gain":0,"cards_transformed":["Strike_R"],"player_choice":"Transformed","damage_taken":0,"max_hp_gain":0,"max_hp_loss":0,"event_name":"Transmorgrifier","floor":30,"gold_loss":0,"cards_obtained":["Heavy Blade"]},{"damage_healed":0,"gold_gain":0,"player_choice":"Ignored","damage_taken":0,"max_hp_gain":0,"max_hp_loss":0,"event_name":"Mysterious Sphere","floor":38,"gold_loss":0},{"damage_healed":0,"gold_gain":0,"player_choice":"Gave Potion","damage_taken":0,"relics_obtained":["Dream Catcher"],"max_hp_gain":0,"max_hp_loss":0,"event_name":"WeMeetAgain","floor":39,"gold_loss":0},{"cards_removed":["Armaments"],"damage_healed":0,"gold_gain":0,"player_choice":"Removed Skill","damage_taken":0,"max_hp_gain":0,"max_hp_loss":0,"event_name":"Falling","floor":47,"gold_loss":0}],"is_beta":false,"boss_relics":[{"not_picked":["Lizard Tail","Tiny House"],"picked":"Mark of Pain"},{"not_picked":["Orrery","Runic Pyramid"],"picked":"Velvet Choker"}],"items_purged_floors":[19],"is_endless":false,"potions_floor_spawned":[11,14,16,20,31,33,36,48],"ascension_level":0}