{"gold_per_floor":[114,129,129,129,154,154,169,169,244,259,259,259,7,34,46,158,170,197,209,236,248,275,287,299,311,373,410,437,464,491,104,104,204,204,219,99,99,114,64,64,79,79,79,79,94,124,139,139,139,139],"floor_reached":50,"playtime":2677,"items_purged":["Regret","Entrench","Wild Strike","Clothesline"],"score":562,"play_id":"5ae5e95a-7169-4afd-ad15-2c36fdac6c93","local_time":"20181001221934","daily_mods":["Insanity","Time Dilation","Night Terrors"],"is_ascension_mode":false,"campfire_choices":[{"data":"Armaments","floor":6,"key":"SMITH"},{"data":"Armaments","floor":8,"key":"SMITH"},{"data":"Demon Form","floor":11,"key":"SMITH"},{"data":"Armaments","floor":15,"key":"SMITH"},{"data":"Berserk","floor":23,"key":"SMITH"},{"data":"Chrysalis","floor":32,"key":"SMITH"},{"data":"Rage","floor":40,"key":"SMITH"},{"floor":42,"key":"REST"},{"data":"Shockwave","floor":44,"key":"SMITH"},{"data":"Metallicize","floor":49,"key":"SMITH"}],"neow_cost":"","seed_source_timestamp":0,"circlet_count":0,"master_deck":["Rupture","True Grit","Cleave","Demon Form+1","Fiend Fire","Barricade","Whirlwind","Bludgeon","Corruption+1","Juggernaut","Heavy Blade","Rampage","Sword Boomerang","Twin Strike","Infernal Blade","Pummel","Juggernaut+1","Reckless Charge","Heavy Blade","Anger","Wild Strike+1","Wild Strike","Infernal Blade","Havoc","Burning Pact","Dual Wield","Clash","Flame Barrier","Heavy Blade","Blood for Blood","Blood for Blood","Havoc","Flex","Burning Pact","Power Through","Double Tap+1","Cleave","Juggernaut","Perfected Strike","Clothesline","Bloodletting","Flex","Intimidate","Armaments+1","Armaments+1","Exhume","Shrug It Off","Armaments+1","Berserk+1","Shockwave+1","Ghostly Armor","Bite","Bite","Bite","Bite","Bite","Metallicize+1","Disarm","Flex","Feel No Pain","Chrysalis+1","Rage+1","Berserk","Twin Strike+1","Inflame+1","Cleave+1","Havoc","Spot Weakness","Intimidate","Hemokinesis+1","Doubt"],"special_seed":17805,"relics":["Burning Blood","Ancient Tea Set","Mummified Hand","Strawberry","MawBank","Runic Pyramid","PreservedInsect","Smiling Mask","Vajra","Astrolabe","The Courier","Red Skull"],"potions_floor_usage":[16,16,29,33,33,41,47,50,50],"damage_taken":[{"damage":3,"enemies":"2 Louse","floor":1,"turns":2},{"damage":0,"enemies":"Cultist","floor":2,"turns":2},{"damage":3,"enemies":"Small Slimes","floor":7,"turns":1},{"damage":0,"enemies":"Looter","floor":10,"turns":1},{"damage":2,"enemies":"Blue Slaver","floor":14,"turns":2},{"damage":29,"enemies":"Hexaghost","floor":16,"turns":8},{"damage":0,"enemies":"3 Byrds","floor":18,"turns":2},{"damage":0,"enemies":"Chosen","floor":20,"turns":3},{"damage":14,"enemies":"Centurion and Healer","floor":22,"turns":6},{"damage":19,"enemies":"Shelled Parasite and Fungi","floor":28,"turns":3},{"damage":3,"enemies":"Snecko","floor":29,"turns":2},{"damage":0,"enemies":"Chosen and Byrds","floor":30,"turns":2},{"damage":48,"enemies":"Champ","floor":33,"turns":8},{"damage":5,"enemies":"Orb Walker","floor":35,"turns":3},{"damage":15,"enemies":"3 Darklings","floor":38,"turns":4},{"damage":61,"enemies":"Spire Growth","floor":41,"turns":4},{"damage":0,"enemies":"Maw","floor":45,"turns":5},{"damage":44,"enemies":"2 Orb Walkers","floor":46,"turns":3},{"damage":8,"enemies":"Transient","floor":47,"turns":5},{"damage":93,"enemies":"Awakened One","floor":50,"turns":6}],"seed_played":"-408315225933563274","potions_obtained":[{"floor":1,"key":"Fire Potion"},{"floor":2,"key":"AttackPotion"},{"floor":10,"key":"Weak Potion"},{"floor":16,"key":"Ancient Potion"},{"floor":20,"key":"Regen Potion"},{"floor":28,"key":"Block Potion"},{"floor":30,"key":"BloodPotion"},{"floor":38,"key":"BloodPotion"},{"floor":45,"key":"SteroidPotion"},{"floor":47,"key":"SkillPotion"}],"is_trial":false,"path_per_floor":["M","M","?","?","T","R","M","R","T","M","R","?","$","M","R","B",null,"M","?","M","?","M","R","?","?","T","T","M","M","M","$","R","B",null,"M","$","?","M","$","R","M","R","T","R","M","E","M","?","R"],"character_chosen":"IRONCLAD","items_purchased":["Shrug It Off","MawBank","Feel No Pain","Chrysalis","Rage","Spot Weakness"],"campfire_rested":1,"item_purchase_floors":[13,13,31,31,31,36],"current_hp_per_floor":[80,80,64,64,64,64,67,67,67,73,73,80,80,84,84,61,87,87,87,87,60,58,58,58,58,58,58,49,52,58,58,58,38,60,60,60,60,51,51,51,10,55,55,55,55,17,18,55,55,0],"gold":139,"neow_bonus":"","is_prod":false,"is_daily":true,"chose_seed":false,"campfire_upgraded":9,"win_rate":0,"timestamp":1538428774,"path_taken":["M","M","?","?","?","R","M","R","T","?","R","?","$","?","R","BOSS","M","?","?","?","M","R","?","?","T","?","M","M","M","$","R","BOSS","M","$","?","M","?","R","M","R","T","R","M","E","M","?","R","BOSS"],"build_version":"2018-09-27","purchased_purges":4,"victory":false,"max_hp_per_floor":[80,80,80,80,80,80,80,80,80,80,80,87,87,87,87,87,87,87,87,87,60,60,60,60,60,60,60,60,60,60,60,60,60,60,60,60,60,60,60,60,60,55,55,55,55,55,55,55,55,55],"card_choices":[{"not_picked":["Thunderclap","Clash","Perfected Strike"],"picked":"SKIP","floor":1},{"not_picked":["Heavy Blade","Twin Strike"],"picked":"Armaments","floor":2},{"not_picked":["Clothesline","Headbutt"],"picked":"Armaments","floor":7},{"not_picked":["Bloodletting","Sword Boomerang"],"picked":"Exhume","floor":10},{"not_picked":["Spot Weakness","Anger"],"picked":"Armaments","floor":14},{"not_picked":["Double Tap","Exhume"],"picked":"Berserk","floor":16},{"not_picked":["Heavy Blade+1","Wild Strike"],"picked":"Shockwave","floor":18},{"not_picked":["Armaments","Shrug It Off"],"picked":"Ghostly Armor","floor":20},{"not_picked":["Perfected Strike","Armaments"],"picked":"Metallicize","floor":22},{"not_picked":["Wild Strike+1","Armaments"],"picked":"Disarm","floor":28},{"not_picked":["Headbutt","Metallicize"],"picked":"Flex","floor":29},{"not_picked":["Fire Breathing","Heavy Blade","Reaper"],"picked":"SKIP","floor":30},{"not_picked":["Double Tap","Barricade"],"picked":"Berserk","floor":33},{"not_picked":["Clothesline","Clash"],"picked":"Havoc","floor":35},{"not_picked":["Clash","Pommel Strike+1"],"picked":"Intimidate","floor":38},{"not_picked":["Blood for Blood+1","Anger","Clothesline+1"],"picked":"SKIP","floor":41},{"not_picked":["Corruption","Clothesline"],"picked":"Hemokinesis+1","floor":45},{"not_picked":["Uppercut+1","Warcry","Thunderclap+1"],"picked":"SKIP","floor":46},{"not_picked":["Thunderclap+1","Sever Soul","Reaper"],"picked":"SKIP","floor":47}],"player_experience":441029,"relics_obtained":[{"floor":5,"key":"Ancient Tea Set"},{"floor":9,"key":"Mummified Hand"},{"floor":26,"key":"Smiling Mask"},{"floor":27,"key":"Vajra"},{"floor":43,"key":"The Courier"},{"floor":46,"key":"Red Skull"}],"event_choices":[{"event_name":"Shining Light","player_choice":"Entered Light","floor":3,"damage_taken":0},{"event_name":"Living Wall","player_choice":"Grow","floor":4,"damage_taken":0},{"event_name":"Big Fish","player_choice":"Box","floor":12,"damage_taken":0},{"event_name":"WeMeetAgain","player_choice":"Potion","floor":19,"damage_taken":0},{"event_name":"Vampires","player_choice":"Became a vampire","floor":21,"damage_taken":0},{"event_name":"Back to Basics","player_choice":"Elegance","floor":24,"damage_taken":0},{"event_name":"The Woman in Blue","player_choice":"Bought 0 Potions","floor":25,"damage_taken":0},{"event_name":"Upgrade Shrine","player_choice":"Upgraded","floor":37,"damage_taken":0},{"event_name":"MindBloom","player_choice":"Heal","floor":48,"damage_taken":0}],"is_beta":false,"boss_relics":[{"not_picked":["Ectoplasm","Black Blood"],"picked":"Runic Pyramid"},{"not_picked":["Pandora\u0027s Box","Black Star"],"picked":"Astrolabe"}],"items_purged_floors":[13,31,36,39],"is_endless":false,"potions_floor_spawned":[1,2,10,16,20,28,30,38,45,47],"killed_by":"Awakened One","ascension_level":0}