{"gold_per_floor":[114,133,151,151,151,151,183,183,208,208,234,314,314,329,329,426,426,381,381,381,381,381,381,381,381,381,381,381,0,0,0,0,0,0,0,0,0,0,0,0,0,0,0,0,0,0,0,0,0,0],"floor_reached":51,"playtime":3136,"items_purged":["Cold Snap"],"score":656,"play_id":"84e56ee5-ceaf-4f33-ac57-4fe4d40dcd39","local_time":"20190217215042","is_ascension_mode":false,"campfire_choices":[{"data":"Machine Learning","floor":6,"key":"SMITH"},{"floor":8,"key":"REST"},{"data":"Zap","floor":13,"key":"SMITH"},{"data":"Lockon","floor":15,"key":"SMITH"},{"floor":25,"key":"DIG"},{"floor":28,"key":"DIG"},{"data":"Creative AI","floor":32,"key":"SMITH"},{"floor":40,"key":"DIG"},{"floor":42,"key":"REST"},{"floor":49,"key":"REST"}],"neow_cost":"NONE","seed_source_timestamp":29935213400370,"circlet_count":0,"master_deck":["Strike_B","Strike_B","Strike_B","Defend_B+1","Defend_B+1","Defend_B","Defend_B","Zap+1","Dualcast","Ball Lightning","Ball Lightning","Machine Learning+1","Conserve Battery","Lockon+1","Seek","Undo","Tempest","Sweeping Beam","Creative AI+1","Static Discharge","Capacitor","Electrodynamics+1","Conserve Battery+1","Conserve Battery","Steam+1","Decay","Force Field","Flash of Steel","Steam+1"],"relics":["Cracked Core","Bronze Scales","War Paint","Potion Belt","Emotion Chip","Mercury Hourglass","Ectoplasm","Shovel","Happy Flower","Shuriken","Ginger","Bag of Preparation","Cursed Key","Gambling Chip","Ornamental Fan","Kunai"],"potions_floor_usage":[11,16,22,23,23,33,33,38,38,50,50,50],"damage_taken":[{"damage":0,"enemies":"2 Louse","floor":1,"turns":3},{"damage":0,"enemies":"Small Slimes","floor":2,"turns":3},{"damage":1,"enemies":"Cultist","floor":3,"turns":4},{"damage":25,"enemies":"3 Sentries","floor":7,"turns":7},{"damage":5,"enemies":"Gremlin Nob","floor":11,"turns":3},{"damage":12,"enemies":"Blue Slaver","floor":14,"turns":2},{"damage":16,"enemies":"Hexaghost","floor":16,"turns":5},{"damage":15,"enemies":"2 Thieves","floor":18,"turns":3},{"damage":3,"enemies":"Shell Parasite","floor":22,"turns":3},{"damage":14,"enemies":"Slavers","floor":23,"turns":4},{"damage":6,"enemies":"Sentry and Sphere","floor":24,"turns":4},{"damage":0,"enemies":"Cultist and Chosen","floor":27,"turns":4},{"damage":0,"enemies":"Chosen and Byrds","floor":30,"turns":3},{"damage":2,"enemies":"Snecko","floor":31,"turns":3},{"damage":30,"enemies":"Automaton","floor":33,"turns":7},{"damage":1,"enemies":"3 Shapes","floor":35,"turns":3},{"damage":0,"enemies":"3 Darklings","floor":37,"turns":2},{"damage":38,"enemies":"Writhing Mass","floor":38,"turns":4},{"damage":0,"enemies":"Mind Bloom Boss Battle","floor":39,"turns":4},{"damage":33,"enemies":"Spire Growth","floor":41,"turns":4},{"damage":3,"enemies":"Transient","floor":44,"turns":5},{"damage":0,"enemies":"4 Shapes","floor":45,"turns":1},{"damage":0,"enemies":"Spire Growth","floor":47,"turns":4},{"damage":0,"enemies":"3 Darklings","floor":48,"turns":2},{"damage":26,"enemies":"Donu and Deca","floor":50,"turns":6}],"seed_played":"2689522745110501707","potions_obtained":[{"floor":1,"key":"FearPotion"},{"floor":2,"key":"SpeedPotion"},{"floor":11,"key":"FocusPotion"},{"floor":21,"key":"Strength Potion"},{"floor":21,"key":"Fruit Juice"},{"floor":21,"key":"Fire Potion"},{"floor":22,"key":"SneckoOil"},{"floor":23,"key":"Block Potion"},{"floor":24,"key":"LiquidBronze"},{"floor":27,"key":"Weak Potion"},{"floor":33,"key":"Swift Potion"},{"floor":35,"key":"Strength Potion"},{"floor":38,"key":"Swift Potion"},{"floor":45,"key":"Weak Potion"}],"is_trial":false,"path_per_floor":["M","M","M","?","?","R","E","R","T","?","E","T","R","M","R","B",null,"M","?","?","?","M","E","M","R","T","M","R","$","M","M","R","B",null,"M","?","M","M","?","R","M","R","T","M","M","?","M","M","R","B",null],"character_chosen":"DEFECT","items_purchased":["Creative AI","Bag of Preparation"],"campfire_rested":3,"item_purchase_floors":[29,29],"current_hp_per_floor":[75,75,74,74,74,74,49,71,71,46,41,41,41,29,29,13,75,60,60,60,60,62,48,42,42,42,42,42,42,42,40,40,10,80,79,79,79,41,41,41,8,32,32,29,29,29,29,29,53,27],"gold":0,"neow_bonus":"ONE_RANDOM_RARE_CARD","is_prod":false,"is_daily":false,"chose_seed":false,"campfire_upgraded":4,"win_rate":0,"timestamp":1550436642,"path_taken":["M","M","M","?","?","R","E","R","T","?","E","?","R","M","R","BOSS","M","?","?","?","M","E","M","R","T","?","R","$","M","M","R","BOSS","M","?","M","?","?","R","M","R","T","M","M","?","M","?","R","BOSS"],"build_version":"2019-01-23","purchased_purges":1,"victory":true,"max_hp_per_floor":[75,75,75,75,75,75,75,75,75,75,75,75,75,75,75,75,75,75,75,75,75,80,80,80,80,80,80,80,80,80,80,80,80,80,80,80,80,80,80,80,80,80,80,80,80,80,80,80,80,80],"card_choices":[{"not_picked":["Coolheaded","Melter"],"picked":"Fusion","floor":1},{"not_picked":["Blizzard","Streamline"],"picked":"Ball Lightning","floor":2},{"not_picked":["Glacier","Gash"],"picked":"Ball Lightning","floor":3},{"not_picked":["Chaos","Compile Driver","Scrape"],"picked":"SKIP","floor":7},{"not_picked":["Leap","Sunder"],"picked":"Conserve Battery","floor":11},{"not_picked":["Barrage","Go for the Eyes"],"picked":"Lockon","floor":14},{"not_picked":["Buffer","Multi-Cast"],"picked":"Seek","floor":16},{"not_picked":["Go for the Eyes","Blizzard","Cold Snap"],"picked":"SKIP","floor":18},{"not_picked":["Hello World","Coolheaded"],"picked":"Tempest","floor":22},{"not_picked":["Hyperbeam","Rebound","Streamline"],"picked":"SKIP","floor":23},{"not_picked":["Blizzard","Turbo","Consume"],"picked":"SKIP","floor":24},{"not_picked":["Self Repair","Chaos+1"],"picked":"Sweeping Beam","floor":27},{"not_picked":["Turbo","Steam Power+1"],"picked":"Static Discharge","floor":30},{"not_picked":["Go for the Eyes","Conserve Battery"],"picked":"Capacitor","floor":31},{"not_picked":["Rainbow","Buffer"],"picked":"Electrodynamics","floor":33},{"not_picked":["Gash","Barrage"],"picked":"Conserve Battery+1","floor":35},{"not_picked":["Sunder+1","Steam","Hologram+1"],"picked":"SKIP","floor":37},{"not_picked":["Hologram","White Noise+1"],"picked":"Conserve Battery","floor":38},{"not_picked":["Gash","Redo"],"picked":"Steam+1","floor":41},{"not_picked":["Hologram","Barrage"],"picked":"Force Field","floor":44},{"not_picked":["Barrage+1","Steam","Compile Driver"],"picked":"SKIP","floor":45},{"not_picked":["Trip","PanicButton"],"picked":"Flash of Steel","floor":46},{"not_picked":["Turbo+1","Aggregate"],"picked":"Steam+1","floor":47},{"not_picked":["Rebound+1","Compile Driver","Hello World+1"],"picked":"SKIP","floor":48}],"player_experience":630784,"relics_obtained":[{"floor":7,"key":"Bronze Scales"},{"floor":9,"key":"War Paint"},{"floor":11,"key":"Emotion Chip"},{"floor":12,"key":"Mercury Hourglass"},{"floor":23,"key":"Shovel"},{"floor":25,"key":"Happy Flower"},{"floor":26,"key":"Shuriken"},{"floor":28,"key":"Ginger"},{"floor":39,"key":"Gambling Chip"},{"floor":40,"key":"Ornamental Fan"},{"floor":43,"key":"Kunai"}],"event_choices":[{"damage_healed":0,"gold_gain":0,"cards_transformed":["Meteor Strike"],"player_choice":"Change","damage_taken":0,"max_hp_gain":0,"max_hp_loss":0,"event_name":"Living Wall","floor":4,"gold_loss":0,"cards_obtained":["Machine Learning"]},{"damage_healed":0,"gold_gain":0,"player_choice":"Leave","damage_taken":0,"max_hp_gain":0,"max_hp_loss":0,"event_name":"The Cleric","floor":5,"gold_loss":0},{"damage_healed":0,"gold_gain":0,"player_choice":"Success","damage_taken":25,"relics_obtained":["Potion Belt"],"max_hp_gain":0,"max_hp_loss":0,"event_name":"Scrap Ooze","floor":10,"gold_loss":0},{"damage_healed":0,"gold_gain":0,"player_choice":"Ignored","damage_taken":0,"max_hp_gain":0,"max_hp_loss":0,"event_name":"Beggar","floor":19,"gold_loss":0},{"damage_healed":0,"gold_gain":0,"cards_transformed":["Fusion","Strike_B"],"player_choice":"Became Test Subject","damage_taken":0,"max_hp_gain":0,"max_hp_loss":0,"event_name":"Drug Dealer","floor":20,"gold_loss":0,"cards_obtained":["Undo","Cold Snap"]},{"damage_healed":0,"gold_gain":0,"player_choice":"Got Potions","damage_taken":0,"max_hp_gain":0,"max_hp_loss":0,"event_name":"Lab","floor":21,"gold_loss":0},{"damage_healed":0,"gold_gain":0,"player_choice":"Forge","damage_taken":0,"max_hp_gain":0,"max_hp_loss":0,"event_name":"Accursed Blacksmith","floor":36,"gold_loss":0,"cards_upgraded":["Electrodynamics"]},{"damage_healed":0,"gold_gain":0,"player_choice":"Fight","damage_taken":0,"max_hp_gain":0,"max_hp_loss":0,"event_name":"MindBloom","floor":39,"gold_loss":0},{"damage_healed":0,"gold_gain":0,"player_choice":"Memory 1","damage_taken":0,"max_hp_gain":0,"max_hp_loss":0,"event_name":"SensoryStone","floor":46,"gold_loss":0}],"is_beta":false,"boss_relics":[{"not_picked":["Tiny House","Philosopher\u0027s Stone"],"picked":"Ectoplasm"},{"not_picked":["Coffee Dripper","Astrolabe"],"picked":"Cursed Key"}],"items_purged_floors":[29],"is_endless":false,"potions_floor_spawned":[1,2,11,22,23,24,27,33,35,38,45],"ascension_level":0}