{"path_per_floor":["M","M","$","?","T","R","E","M","T","R","$","R","?","M","R","B",null,"M","M","?","$","?"],"character_chosen":"IRONCLAD","items_purchased":["Flex"],"gold_per_floor":[115,125,50,225,225,225,257,271,271,271,118,118,68,84,84,181,181,194,206,206,81,31,31],"floor_reached":23,"campfire_rested":0,"playtime":343,"current_hp_per_floor":[78,80,80,80,80,80,80,80,80,80,80,80,80,72,72,68,77,66,55,55,55,55,0],"items_purged":["Defend_R","Doubt","Defend_R"],"gold":31,"score":297,"play_id":"259c7c59-7bac-49a6-ace8-be41d963a1ad","local_time":"20180328131150","is_prod":false,"is_daily":false,"is_ascension_mode":true,"campfire_upgraded":4,"timestamp":1522257110,"path_taken":["M","M","$","?","?","R","E","?","T","R","$","R","?","M","R","BOSS","M","M","?","$","?","E"],"build_version":"2018-03-22v2","purchased_purges":3,"victory":false,"master_deck":["Strike_R","Strike_R","Strike_R","Strike_R","Strike_R","Bash+1","Clash+1","Dropkick","Cleave+1","Flex+1","Offering","Thunderclap"],"max_hp_per_floor":[80,80,80,80,80,80,80,80,80,80,80,80,80,80,80,80,80,80,80,80,80,80,80],"relics":["Burning Blood","NeowsBlessing","Darkstone Periapt","Prayer Wheel","Ginger","Philosopher\u0027s Stone"],"card_choices":[{"not_picked":["Armaments","Cleave"],"picked":"Clash","floor":1},{"not_picked":["Disarm","Perfected Strike"],"picked":"Dropkick","floor":2},{"not_picked":["Infernal Blade","Searing Blow"],"picked":"Cleave","floor":9},{"not_picked":["Dark Embrace","Immolate"],"picked":"Offering","floor":16},{"not_picked":["Inflame","Body Slam"],"picked":"Thunderclap","floor":19}],"player_experience":203632,"potions_floor_usage":[14],"damage_taken":[{"damage":0,"enemies":"Jaw Worm","floor":1,"turns":1},{"damage":0,"enemies":"2 Louse","floor":2,"turns":1},{"damage":0,"enemies":"Gremlin Nob","floor":7,"turns":1},{"damage":5,"enemies":"Cultist","floor":8,"turns":4},{"damage":14,"enemies":"Exordium Thugs","floor":14,"turns":2},{"damage":10,"enemies":"Slime Boss","floor":16,"turns":4},{"damage":17,"enemies":"2 Thieves","floor":18,"turns":2},{"damage":17,"enemies":"Shell Parasite","floor":19,"turns":2},{"damage":57,"enemies":"Book of Stabbing","floor":23,"turns":3}],"event_choices":[{"event_name":"Liars Game","player_choice":"agreed","floor":4,"damage_taken":0},{"event_name":"The Cleric","player_choice":"Card Removal","floor":13,"damage_taken":0},{"event_name":"Purifier","player_choice":"One Purge","floor":20,"damage_taken":0},{"event_name":"The Joust","player_choice":"Bet on Owner","floor":22,"damage_taken":0}],"boss_relics":[{"not_picked":["Eternal Feather","Snecko Eye"],"picked":"Philosopher\u0027s Stone"}],"potions_floor_spawned":[7,8],"seed_played":"3005388840900669590","killed_by":"Book of Stabbing","ascension_level":8,"is_trial":false}