{"gold_per_floor":[359,376,391,61,136,171,185,185,185,185,360,373,401,418,418,513,513,532,457,219,230,244,244],"floor_reached":23,"playtime":1477,"items_purged":["Injury"],"score":203,"play_id":"0c10dd8a-4524-4859-9fff-cdffb770558d","local_time":"20190328220254","is_ascension_mode":false,"campfire_choices":[{"data":"Shockwave","floor":8,"key":"SMITH"},{"floor":10,"key":"REST"},{"data":"Bash","floor":15,"key":"SMITH"}],"neow_cost":"CURSE","seed_source_timestamp":34777177588980,"circlet_count":0,"master_deck":["Strike_R","Strike_R","Strike_R","Defend_R","Defend_R","Defend_R","Defend_R","Bash+1","Flame Barrier","Spot Weakness","Shrug It Off","Pummel","Shockwave+1","Pommel Strike","Spot Weakness","Shrug It Off","Blood for Blood","Demon Form","Cleave","True Grit+1","True Grit+1"],"relics":["Burning Blood","Red Skull","Potion Belt","Anchor","Paper Frog","Empty Cage","Matryoshka"],"potions_floor_usage":[7,23,23],"damage_taken":[{"damage":6,"enemies":"Jaw Worm","floor":1,"turns":4},{"damage":2,"enemies":"Small Slimes","floor":2,"turns":4},{"damage":0,"enemies":"2 Louse","floor":3,"turns":3},{"damage":38,"enemies":"Gremlin Nob","floor":6,"turns":5},{"damage":4,"enemies":"Gremlin Gang","floor":7,"turns":4},{"damage":3,"enemies":"Looter","floor":12,"turns":4},{"damage":30,"enemies":"Lagavulin","floor":13,"turns":7},{"damage":0,"enemies":"Large Slime","floor":14,"turns":5},{"damage":45,"enemies":"The Guardian","floor":16,"turns":11},{"damage":14,"enemies":"3 Byrds","floor":18,"turns":5},{"damage":14,"enemies":"Shell Parasite","floor":21,"turns":4},{"damage":37,"enemies":"Snake Plant","floor":22,"turns":5},{"damage":56,"enemies":"Gremlin Leader","floor":23,"turns":4}],"seed_played":"-9166285775032404215","potions_obtained":[{"floor":1,"key":"AttackPotion"},{"floor":6,"key":"BloodPotion"},{"floor":13,"key":"Regen Potion"},{"floor":18,"key":"SpeedPotion"}],"is_trial":false,"path_per_floor":["M","M","M","$","?","E","M","R","T","R","?","M","E","M","R","B",null,"M","?","$","M","M","E"],"character_chosen":"IRONCLAD","items_purchased":["Shrug It Off","Pummel","Red Skull","Matryoshka"],"campfire_rested":1,"item_purchase_floors":[4,4,4,20],"current_hp_per_floor":[80,80,80,80,69,37,39,39,39,63,63,66,42,48,48,9,80,72,72,72,64,33,0],"gold":244,"neow_bonus":"TWO_FIFTY_GOLD","is_prod":false,"is_daily":false,"chose_seed":false,"campfire_upgraded":2,"win_rate":0,"timestamp":1553806974,"path_taken":["M","M","M","$","?","E","M","R","T","R","?","M","E","M","R","BOSS","M","?","$","M","M","E"],"build_version":"2019-01-23","purchased_purges":1,"victory":false,"max_hp_per_floor":[80,80,80,80,80,80,80,80,80,80,80,80,80,80,80,80,80,80,80,80,80,80,80],"card_choices":[{"not_picked":["Rage","Iron Wave"],"picked":"Flame Barrier","floor":1},{"not_picked":["Carnage","Wild Strike","Havoc"],"picked":"SKIP","floor":2},{"not_picked":["Pommel Strike","Clash"],"picked":"Spot Weakness","floor":3},{"not_picked":["Sword Boomerang","Sentinel"],"picked":"Shockwave","floor":6},{"not_picked":["Anger","Perfected Strike"],"picked":"Pommel Strike","floor":7},{"not_picked":["Havoc","True Grit"],"picked":"Spot Weakness","floor":12},{"not_picked":["Anger","Headbutt"],"picked":"Shrug It Off","floor":13},{"not_picked":["Body Slam","Cleave"],"picked":"Blood for Blood","floor":14},{"not_picked":["Berserk","Bludgeon"],"picked":"Demon Form","floor":16},{"not_picked":["Fire Breathing","Armaments"],"picked":"Cleave","floor":18},{"not_picked":["Sever Soul","Flex"],"picked":"True Grit+1","floor":21},{"not_picked":["Anger","Rupture"],"picked":"True Grit+1","floor":22}],"player_experience":110070,"relics_obtained":[{"floor":6,"key":"Potion Belt"},{"floor":9,"key":"Anchor"},{"floor":13,"key":"Paper Frog"}],"event_choices":[{"damage_healed":0,"gold_gain":75,"player_choice":"Gather Gold","damage_taken":11,"max_hp_gain":0,"max_hp_loss":0,"event_name":"World of Goop","floor":5,"gold_loss":0},{"damage_healed":0,"gold_gain":175,"player_choice":"AGREE","damage_taken":0,"max_hp_gain":0,"max_hp_loss":0,"event_name":"Liars Game","floor":11,"gold_loss":0,"cards_obtained":["Doubt"]},{"cards_removed":["Strike_R"],"damage_healed":0,"gold_gain":0,"player_choice":"Gave Gold","damage_taken":0,"max_hp_gain":0,"max_hp_loss":0,"event_name":"Beggar","floor":19,"gold_loss":75}],"is_beta":false,"boss_relics":[{"not_picked":["Fusion Hammer","Tiny House"],"picked":"Empty Cage"}],"items_purged_floors":[4],"is_endless":false,"potions_floor_spawned":[1,6,13,18],"killed_by":"Gremlin Leader","ascension_level":0}