{"gold_per_floor":[109,109,9,9,21,48,48,78,78,106,133,133,133,150,150,227,227,247,258,270,101,101,101,127,127,152,152,187,286,316,316,316,390,390,400,414,414,229,304,333,35,50,50,84,84,95,95,57,57,57],"floor_reached":50,"playtime":3302,"items_purged":["Regret","Strike_R"],"score":1179,"play_id":"b3d787b3-11d2-422f-bbab-99bed4a7e3b9","local_time":"20190227173153","is_ascension_mode":true,"campfire_choices":[{"data":"Pommel Strike","floor":7,"key":"SMITH"},{"data":"Whirlwind","floor":12,"key":"SMITH"},{"data":"Thunderclap","floor":15,"key":"SMITH"},{"data":"Shrug It Off","floor":23,"key":"SMITH"},{"data":"Shockwave","floor":25,"key":"SMITH"},{"data":"Spot Weakness","floor":27,"key":"SMITH"},{"data":"Ghostly Armor","floor":32,"key":"SMITH"},{"data":"Pummel","floor":45,"key":"SMITH"},{"floor":47,"key":"RECALL"},{"data":"Iron Wave","floor":49,"key":"SMITH"}],"neow_cost":"NONE","seed_source_timestamp":4335750437004,"circlet_count":0,"master_deck":["AscendersBane","Defend_R","Defend_R","Defend_R","Defend_R","Bash","Pommel Strike+1","Shrug It Off+1","Decay","Iron Wave+1","Thunderclap+1","Whirlwind+1","Parasite","Burning Pact","Reaper","Pummel+1","Offering","Ghostly Armor+1","Spot Weakness+1","Shockwave+1","Anger","Flame Barrier","Bite","Bite","Bite","Bite","Bite","Whirlwind","Offering+1","Writhe","Writhe","Decay","Warcry+1","Pommel Strike+1","Ghostly Armor+1","Warcry+1","Shrug It Off+1","Shockwave+1"],"relics":["Burning Blood","NeowsBlessing","WingedGreaves","Pen Nib","Blue Candle","Bottled Lightning","Pantograph","Du-Vu Doll","Orrery","Toxic Egg 2","Bronze Scales","Mercury Hourglass","Pocketwatch","Calling Bell","Regal Pillow","Meat on the Bone","Ginger","Centennial Puzzle","Oddly Smooth Stone","Pear","StoneCalendar","Orichalcum"],"potions_floor_usage":[8,11,16,19,20,24,30,40,50,50],"damage_taken":[{"damage":0,"enemies":"Small Slimes","floor":1,"turns":1},{"damage":0,"enemies":"2 Louse","floor":5,"turns":2},{"damage":0,"enemies":"Lagavulin","floor":6,"turns":1},{"damage":25,"enemies":"Gremlin Nob","floor":8,"turns":4},{"damage":28,"enemies":"3 Sentries","floor":10,"turns":10},{"damage":17,"enemies":"Gremlin Nob","floor":11,"turns":3},{"damage":0,"enemies":"Cultist","floor":14,"turns":2},{"damage":13,"enemies":"Slime Boss","floor":16,"turns":7},{"damage":6,"enemies":"Chosen","floor":18,"turns":4},{"damage":23,"enemies":"Shell Parasite","floor":19,"turns":9},{"damage":27,"enemies":"Shelled Parasite and Fungi","floor":20,"turns":5},{"damage":24,"enemies":"Slavers","floor":24,"turns":3},{"damage":8,"enemies":"Gremlin Leader","floor":28,"turns":4},{"damage":37,"enemies":"Book of Stabbing","floor":30,"turns":4},{"damage":55,"enemies":"Collector","floor":33,"turns":8},{"damage":15,"enemies":"3 Darklings","floor":35,"turns":2},{"damage":3,"enemies":"Orb Walker","floor":36,"turns":3},{"damage":50,"enemies":"Reptomancer","floor":40,"turns":6},{"damage":31,"enemies":"3 Darklings","floor":42,"turns":7},{"damage":20,"enemies":"Giant Head","floor":44,"turns":5},{"damage":31,"enemies":"Transient","floor":46,"turns":5},{"damage":76,"enemies":"Awakened One","floor":50,"turns":10}],"seed_played":"634698073915030870","potions_obtained":[{"floor":6,"key":"Weak Potion"},{"floor":10,"key":"FearPotion"},{"floor":11,"key":"Dexterity Potion"},{"floor":14,"key":"Explosive Potion"},{"floor":16,"key":"Dexterity Potion"},{"floor":19,"key":"Explosive Potion"},{"floor":20,"key":"Explosive Potion"},{"floor":28,"key":"Explosive Potion"},{"floor":33,"key":"Dexterity Potion"},{"floor":40,"key":"GamblersBrew"},{"floor":42,"key":"LiquidBronze"}],"is_trial":false,"path_per_floor":["M","?","$","?","M","E","R","E","T","E","E","R","?","M","R","B",null,"M","M","M","$","?","R","E","R","T","R","E","?","E","T","R","B",null,"M","M","?","$","?","E","$","M","T","E","R","M","R","$","R","B"],"character_chosen":"IRONCLAD","items_purchased":["Shrug It Off","Flame Barrier","Centennial Puzzle","Ghostly Armor+1","Pear","Warcry+1","Shockwave+1"],"campfire_rested":0,"item_purchase_floors":[3,21,38,38,41,41,48],"current_hp_per_floor":[74,74,74,74,75,75,75,56,56,34,23,23,41,47,47,65,73,73,57,60,60,52,52,38,38,38,38,52,52,25,25,25,27,46,41,52,52,52,47,34,44,58,58,50,50,52,52,52,52,0],"gold":57,"neow_bonus":"THREE_ENEMY_KILL","is_prod":false,"is_daily":false,"chose_seed":false,"campfire_upgraded":9,"win_rate":0,"timestamp":1551285113,"path_taken":["M","?","$","?","?","E","R","E","T","E","E","R","?","M","R","BOSS","M","M","M","$","?","R","E","R","T","R","E","?","E","?","R","BOSS","M","M","?","?","?","E","$","M","T","E","R","M","R","$","R","BOSS"],"build_version":"2019-01-23","purchased_purges":2,"victory":false,"max_hp_per_floor":[75,75,75,75,75,75,75,75,75,75,75,75,75,75,75,75,75,75,75,75,75,52,52,52,52,52,52,52,52,52,52,52,52,52,52,52,52,52,52,52,62,62,62,62,62,62,62,62,62,62],"card_choices":[{"not_picked":["Body Slam","Evolve"],"picked":"Pommel Strike","floor":1},{"not_picked":["Clothesline","Twin Strike"],"picked":"Iron Wave","floor":5},{"not_picked":["Pommel Strike","Limit Break"],"picked":"Thunderclap","floor":6},{"not_picked":["Rage","Pummel","Clash"],"picked":"SKIP","floor":8},{"not_picked":["Evolve","Dropkick"],"picked":"Whirlwind","floor":10},{"not_picked":["Hemokinesis","Metallicize","Body Slam"],"picked":"SKIP","floor":11},{"not_picked":["Corruption","Warcry"],"picked":"Burning Pact","floor":14},{"not_picked":["Impervious","Brutality"],"picked":"Reaper","floor":16},{"not_picked":["Combust","Infernal Blade"],"picked":"Pummel","floor":17},{"not_picked":["Clash","Havoc"],"picked":"Offering","floor":17},{"not_picked":["Dropkick","Wild Strike"],"picked":"Ghostly Armor","floor":17},{"not_picked":["Corruption","Perfected Strike"],"picked":"Spot Weakness","floor":18},{"not_picked":["Combust","Dropkick"],"picked":"Shockwave","floor":19},{"not_picked":["Body Slam","Blood for Blood"],"picked":"Anger","floor":20},{"not_picked":["Feel No Pain","Rupture","Wild Strike"],"picked":"SKIP","floor":24},{"not_picked":["Cleave","Headbutt"],"picked":"Whirlwind","floor":28},{"not_picked":["Pommel Strike","Evolve+1","Wild Strike"],"picked":"SKIP","floor":30},{"not_picked":["Brutality","Bludgeon"],"picked":"Offering+1","floor":33},{"not_picked":["Flex+1","Dual Wield+1"],"picked":"Warcry+1","floor":35},{"not_picked":["Flame Barrier+1","Flex+1"],"picked":"Pommel Strike+1","floor":36},{"not_picked":["Combust+1","Dark Embrace","Clothesline"],"picked":"SKIP","floor":40},{"not_picked":["Bloodletting+1","Flex+1","Anger"],"picked":"SKIP","floor":42},{"not_picked":["Flame Barrier+1","Battle Trance+1"],"picked":"Shrug It Off+1","floor":44},{"not_picked":["Blood for Blood","Rage+1","Anger"],"picked":"SKIP","floor":46}],"player_experience":691239,"relics_obtained":[{"floor":6,"key":"Pen Nib"},{"floor":8,"key":"Blue Candle"},{"floor":9,"key":"Bottled Lightning"},{"floor":10,"key":"Pantograph"},{"floor":11,"key":"Du-Vu Doll"},{"floor":24,"key":"Toxic Egg 2"},{"floor":26,"key":"Bronze Scales"},{"floor":28,"key":"Mercury Hourglass"},{"floor":30,"key":"Pocketwatch"},{"floor":34,"key":"Regal Pillow"},{"floor":34,"key":"Meat on the Bone"},{"floor":34,"key":"Ginger"},{"floor":40,"key":"Oddly Smooth Stone"},{"floor":43,"key":"StoneCalendar"},{"floor":44,"key":"Orichalcum"}],"event_choices":[{"damage_healed":0,"gold_gain":0,"player_choice":"Box","damage_taken":0,"relics_obtained":["WingedGreaves"],"max_hp_gain":0,"max_hp_loss":0,"event_name":"Big Fish","floor":2,"gold_loss":0,"cards_obtained":["Regret"]},{"damage_healed":0,"gold_gain":0,"player_choice":"Cursed","damage_taken":0,"max_hp_gain":0,"max_hp_loss":0,"event_name":"Wheel of Change","floor":4,"gold_loss":0,"cards_obtained":["Decay"]},{"damage_healed":18,"gold_gain":0,"player_choice":"Healed and dodged fight","damage_taken":0,"max_hp_gain":0,"max_hp_loss":0,"event_name":"Mushrooms","floor":13,"gold_loss":0,"cards_obtained":["Parasite"]},{"damage_healed":0,"gold_gain":0,"player_choice":"Became a vampire","damage_taken":0,"max_hp_gain":0,"max_hp_loss":23,"event_name":"Vampires","floor":22,"gold_loss":0,"cards_obtained":["Bite","Bite","Bite","Bite","Bite"]},{"damage_healed":0,"gold_gain":99,"player_choice":"Stole From Cult","damage_taken":0,"max_hp_gain":0,"max_hp_loss":0,"event_name":"Nest","floor":29,"gold_loss":0},{"damage_healed":0,"gold_gain":0,"player_choice":"Ignored","damage_taken":0,"max_hp_gain":0,"max_hp_loss":0,"event_name":"Fountain of Cleansing","floor":37,"gold_loss":0},{"damage_healed":0,"gold_gain":75,"player_choice":"Touch","damage_taken":5,"max_hp_gain":0,"max_hp_loss":0,"event_name":"FaceTrader","floor":39,"gold_loss":0}],"is_beta":false,"boss_relics":[{"not_picked":["Runic Dome","Lizard Tail"],"picked":"Orrery"},{"not_picked":["Coffee Dripper","Snecko Eye"],"picked":"Calling Bell"}],"items_purged_floors":[3,21],"is_endless":false,"potions_floor_spawned":[6,10,11,14,16,19,20,28,33,40,42,44],"killed_by":"Awakened One","ascension_level":14}