{"gold_per_floor":[115,115,67,13,30,63,63,63,63,76,76,76,76,76,76,76],"floor_reached":16,"playtime":408,"items_purged":[],"score":194,"play_id":"fab70012-2aad-4c04-a34c-d834f08a6437","local_time":"20181111015814","is_ascension_mode":true,"campfire_choices":[{"data":"Armaments","floor":8,"key":"SMITH"},{"data":"Bash","floor":11,"key":"SMITH"},{"data":"Rupture","floor":15,"key":"SMITH"}],"neow_cost":"NONE","seed_source_timestamp":1252127608424719,"circlet_count":0,"master_deck":["AscendersBane","Strike_R","Strike_R","Defend_R","Defend_R+1","Defend_R+1","Defend_R","Bash+1","Shrug It Off","Armaments+1","Flex","Cleave","Rupture+1"],"relics":["Burning Blood","NeowsBlessing","Smiling Mask","Darkstone Periapt"],"potions_floor_usage":[],"damage_taken":[{"damage":0,"enemies":"Small Slimes","floor":1,"turns":1},{"damage":0,"enemies":"Cultist","floor":5,"turns":1},{"damage":0,"enemies":"3 Sentries","floor":6,"turns":1},{"damage":4,"enemies":"Jaw Worm","floor":10,"turns":3},{"damage":67,"enemies":"Slime Boss","floor":16,"turns":12}],"seed_played":"6893548662678668072","potions_obtained":[{"floor":6,"key":"Ancient Potion"}],"is_trial":false,"path_per_floor":["M","?","$","$","M","E","?","R","T","M","R","?","$","?","R","B"],"character_chosen":"IRONCLAD","items_purchased":["Armaments","Flex"],"campfire_rested":0,"item_purchase_floors":[3,4],"current_hp_per_floor":[78,78,78,78,80,80,80,80,80,80,80,64,64,64,64,0],"gold":76,"neow_bonus":"THREE_ENEMY_KILL","is_prod":false,"is_daily":false,"chose_seed":false,"campfire_upgraded":3,"win_rate":0,"timestamp":1541901494,"path_taken":["M","?","?","$","?","E","?","R","T","?","R","?","$","?","R","BOSS"],"build_version":"2018-11-08","purchased_purges":0,"victory":false,"max_hp_per_floor":[80,80,80,80,80,80,80,80,80,80,80,80,80,80,80,80],"card_choices":[{"not_picked":["Anger","Perfected Strike"],"picked":"Shrug It Off","floor":1},{"not_picked":["Evolve","Body Slam"],"picked":"Cleave","floor":5},{"not_picked":["Wild Strike","Rampage","Spot Weakness"],"picked":"SKIP","floor":6},{"not_picked":["Burning Pact","Sword Boomerang","Body Slam"],"picked":"SKIP","floor":10}],"player_experience":494975,"relics_obtained":[{"floor":6,"key":"Smiling Mask"},{"floor":9,"key":"Darkstone Periapt"}],"event_choices":[{"cards_removed":["Strike_R"],"damage_healed":0,"gold_gain":0,"player_choice":"Offered Basic","damage_taken":0,"max_hp_gain":0,"max_hp_loss":0,"event_name":"Bonfire Elementals","floor":2,"gold_loss":0},{"cards_removed":["Strike_R"],"damage_healed":0,"gold_gain":0,"player_choice":"Purged","damage_taken":0,"max_hp_gain":0,"max_hp_loss":0,"event_name":"Purifier","floor":7,"gold_loss":0},{"damage_healed":0,"gold_gain":0,"player_choice":"Entered Light","damage_taken":16,"max_hp_gain":0,"max_hp_loss":0,"event_name":"Shining Light","floor":12,"gold_loss":0,"cards_upgraded":["Defend_R","Defend_R"]},{"damage_healed":0,"gold_gain":0,"cards_transformed":["Strike_R"],"player_choice":"Change","damage_taken":0,"max_hp_gain":0,"max_hp_loss":0,"event_name":"Living Wall","floor":14,"gold_loss":0,"cards_obtained":["Rupture"]}],"is_beta":false,"boss_relics":[],"items_purged_floors":[],"is_endless":false,"potions_floor_spawned":[6],"killed_by":"Slime Boss","ascension_level":12}