{"gold_per_floor":[18,18,18,31,49,49,78,178,202,202,216,216,246,259,259,337,337,348,348,32,50,65,65,93,119,145,145,70,90,90,419,419,497,497,515,515,515,528,284,284,309,309,309,342,362,393,406,21,21,21],"floor_reached":51,"playtime":4437,"items_purged":["Injury","Strike_B","Strike_B"],"score":1353,"play_id":"668568eb-a14c-4863-9d7f-762a247098e9","local_time":"20190329232658","is_ascension_mode":true,"campfire_choices":[{"data":"Fission","floor":6,"key":"SMITH"},{"data":"Glacier","floor":10,"key":"SMITH"},{"data":"Go for the Eyes","floor":12,"key":"SMITH"},{"data":"Leap","floor":15,"key":"SMITH"},{"data":"Fission","floor":23,"key":"SMITH"},{"data":"Zap","floor":27,"key":"SMITH"},{"data":"Darkness","floor":30,"key":"SMITH"},{"floor":32,"key":"REST"},{"data":"Buffer","floor":40,"key":"SMITH"},{"data":"Loop","floor":42,"key":"SMITH"},{"floor":49,"key":"REST"}],"neow_cost":"NO_GOLD","seed_source_timestamp":115965214980480,"circlet_count":0,"master_deck":["AscendersBane","Strike_B","Strike_B","Defend_B","Defend_B","Defend_B","Defend_B","Zap+1","Dualcast","Creative AI+1","Glacier+1","Darkness+1","Fission+1","Go for the Eyes+1","Amplify","Leap+1","Fission+1","Chill+1","Glacier+1","Capacitor","Conserve Battery","Injury","Conserve Battery","Buffer+1","Force Field","Loop+1","Shame","Loop","Glacier"],"relics":["Cracked Core","Bronze Scales","Strawberry","Gremlin Horn","Cursed Key","Runic Capacitor","Nunchaku","Bag of Preparation","DataDisk","Old Coin","Busted Crown","Blood Vial","Omamori","Darkstone Periapt"],"potions_floor_usage":[7,14,16,24,38,49],"damage_taken":[{"damage":0,"enemies":"Small Slimes","floor":1,"turns":3},{"damage":0,"enemies":"Jaw Worm","floor":4,"turns":6},{"damage":1,"enemies":"Cultist","floor":5,"turns":4},{"damage":17,"enemies":"3 Sentries","floor":7,"turns":29},{"damage":13,"enemies":"Blue Slaver","floor":11,"turns":4},{"damage":0,"enemies":"Lagavulin","floor":13,"turns":10},{"damage":5,"enemies":"Lots of Slimes","floor":14,"turns":2},{"damage":4,"enemies":"The Guardian","floor":16,"turns":12},{"damage":10,"enemies":"Chosen","floor":18,"turns":7},{"damage":0,"enemies":"3 Byrds","floor":21,"turns":3},{"damage":1,"enemies":"Snecko","floor":22,"turns":6},{"damage":8,"enemies":"Book of Stabbing","floor":24,"turns":8},{"damage":0,"enemies":"Chosen and Byrds","floor":29,"turns":6},{"damage":14,"enemies":"Gremlin Leader","floor":31,"turns":13},{"damage":30,"enemies":"Collector","floor":33,"turns":14},{"damage":0,"enemies":"3 Darklings","floor":35,"turns":8},{"damage":0,"enemies":"3 Shapes","floor":38,"turns":8},{"damage":3,"enemies":"Nemesis","floor":41,"turns":17},{"damage":20,"enemies":"Reptomancer","floor":44,"turns":11},{"damage":0,"enemies":"Spire Growth","floor":45,"turns":8},{"damage":0,"enemies":"Nemesis","floor":46,"turns":13},{"damage":2,"enemies":"Jaw Worm Horde","floor":47,"turns":6},{"damage":3,"enemies":"Time Eater","floor":50,"turns":19}],"seed_played":"-8299369137977544050","potions_obtained":[{"floor":1,"key":"FocusPotion"},{"floor":4,"key":"Strength Potion"},{"floor":11,"key":"Weak Potion"},{"floor":16,"key":"Weak Potion"},{"floor":18,"key":"FearPotion"},{"floor":24,"key":"SneckoOil"},{"floor":33,"key":"GamblersBrew"},{"floor":41,"key":"Explosive Potion"},{"floor":44,"key":"SpeedPotion"}],"is_trial":false,"path_per_floor":["M","?","?","M","M","R","E","?","T","R","M","R","E","M","R","B",null,"M","?","$","M","M","R","E","T","T","R","$","M","R","E","R","B",null,"M","?","?","M","$","R","E","R","T","E","M","E","M","$","R","B",null],"character_chosen":"DEFECT","items_purchased":["Runic Capacitor","Capacitor","Conserve Battery","Force Field","Loop","Loop","Glacier","Fruit Juice"],"campfire_rested":2,"item_purchase_floors":[20,20,20,39,39,48,48,48],"current_hp_per_floor":[64,64,64,64,63,63,46,46,53,53,40,40,40,35,35,31,66,56,56,56,56,55,55,47,47,47,47,47,47,47,33,56,26,65,65,65,65,65,65,65,62,62,62,44,46,48,48,48,76,75],"gold":21,"neow_bonus":"THREE_RARE_CARDS","is_prod":false,"is_daily":false,"chose_seed":false,"campfire_upgraded":9,"win_rate":0,"timestamp":1553898418,"path_taken":["M","?","?","M","?","R","E","?","T","R","M","R","E","?","R","BOSS","M","?","?","M","?","R","E","?","T","R","$","M","R","E","R","BOSS","M","?","?","M","$","R","E","R","T","E","M","E","M","$","R","BOSS"],"build_version":"2019-01-23","purchased_purges":3,"victory":true,"max_hp_per_floor":[71,71,71,71,71,71,71,71,78,78,78,78,78,78,78,78,78,78,78,78,78,78,78,78,78,78,78,78,78,78,78,78,78,78,78,78,74,74,74,74,74,74,74,74,74,74,74,74,79,79],"card_choices":[{"not_picked":["Seek","Thunder Strike"],"picked":"Creative AI","floor":0},{"not_picked":["Gash","Hello World"],"picked":"Glacier","floor":1},{"not_picked":["Compile Driver","Gash"],"picked":"Darkness","floor":4},{"not_picked":["Genetic Algorithm","Steam Power"],"picked":"Fission","floor":5},{"not_picked":["Fusion","Turbo","Chaos"],"picked":"SKIP","floor":7},{"not_picked":["Compile Driver","Gash"],"picked":"Go for the Eyes","floor":11},{"not_picked":["Redo","Doom and Gloom"],"picked":"Amplify","floor":13},{"not_picked":["Coolheaded","Go for the Eyes"],"picked":"Leap","floor":14},{"not_picked":["Buffer","Hyperbeam"],"picked":"Fission","floor":16},{"not_picked":["Turbo","Streamline"],"picked":"Chill+1","floor":18},{"not_picked":["Cold Snap","Coolheaded","Fusion"],"picked":"SKIP","floor":21},{"not_picked":["Turbo","Rebound","Go for the Eyes"],"picked":"SKIP","floor":22},{"not_picked":["Steam","Sunder","Reboot"],"picked":"SKIP","floor":24},{"not_picked":["Rip and Tear","Redo"],"picked":"Conserve Battery","floor":29},{"not_picked":["Sweeping Beam+1","Coolheaded","Redo"],"picked":"SKIP","floor":31},{"not_picked":["Core Surge","Hyperbeam"],"picked":"Buffer","floor":33},{"not_picked":["Recycle"],"picked":"SKIP","floor":35},{"not_picked":["Compile Driver"],"picked":"SKIP","floor":38},{"not_picked":["Sweeping Beam"],"picked":"SKIP","floor":41},{"not_picked":["Reprogram"],"picked":"SKIP","floor":44},{"not_picked":["Conserve Battery"],"picked":"SKIP","floor":45},{"not_picked":["Rip and Tear+1"],"picked":"SKIP","floor":46},{"not_picked":["Ball Lightning+1"],"picked":"SKIP","floor":47}],"player_experience":829391,"relics_obtained":[{"floor":7,"key":"Bronze Scales"},{"floor":9,"key":"Strawberry"},{"floor":13,"key":"Gremlin Horn"},{"floor":24,"key":"Nunchaku"},{"floor":25,"key":"Bag of Preparation"},{"floor":26,"key":"DataDisk"},{"floor":31,"key":"Old Coin"},{"floor":41,"key":"Blood Vial"},{"floor":44,"key":"Omamori"},{"floor":46,"key":"Darkstone Periapt"}],"event_choices":[{"damage_healed":0,"gold_gain":0,"player_choice":"Leave","damage_taken":0,"max_hp_gain":0,"max_hp_loss":0,"event_name":"The Cleric","floor":2,"gold_loss":0},{"damage_healed":0,"gold_gain":0,"player_choice":"Upgraded","damage_taken":0,"max_hp_gain":0,"max_hp_loss":0,"event_name":"Upgrade Shrine","floor":3,"gold_loss":0,"cards_upgraded":["Creative AI"]},{"damage_healed":0,"gold_gain":100,"player_choice":"Pray","damage_taken":0,"max_hp_gain":0,"max_hp_loss":0,"event_name":"Golden Shrine","floor":8,"gold_loss":0},{"damage_healed":0,"gold_gain":0,"player_choice":"Copied","damage_taken":0,"max_hp_gain":0,"max_hp_loss":0,"event_name":"Duplicator","floor":19,"gold_loss":0,"cards_obtained":["Glacier"]},{"damage_healed":0,"gold_gain":0,"player_choice":"Memory 1","damage_taken":0,"max_hp_gain":0,"max_hp_loss":0,"event_name":"SensoryStone","floor":36,"gold_loss":0},{"damage_healed":0,"gold_gain":0,"player_choice":"Max HP","damage_taken":0,"max_hp_gain":0,"max_hp_loss":4,"event_name":"Winding Halls","floor":37,"gold_loss":0}],"is_beta":false,"boss_relics":[{"not_picked":["Snecko Eye","Fusion Hammer"],"picked":"Cursed Key"},{"not_picked":["Astrolabe","Velvet Choker"],"picked":"Busted Crown"}],"items_purged_floors":[28,39,48],"is_endless":false,"potions_floor_spawned":[1,4,11,13,16,18,24,33,41,44],"ascension_level":14}