{"gold_per_floor":[110,110,123,123,139,175,175,175],"floor_reached":8,"playtime":467,"items_purged":[],"score":98,"play_id":"39e020c9-9221-460e-a148-be138ff59e7d","local_time":"20190329210916","is_ascension_mode":true,"campfire_choices":[{"floor":7,"key":"REST"}],"neow_cost":"NONE","seed_source_timestamp":111678155587359,"circlet_count":0,"master_deck":["AscendersBane","Defend_G","Defend_G","Defend_G","Defend_G","Defend_G","Strike_G","Strike_G","Strike_G","Strike_G","Survivor","Neutralize","Backstab","PiercingWail","Crippling Poison"],"relics":["Ring of the Snake","Golden Idol","Mummified Hand"],"potions_floor_usage":[8,8],"damage_taken":[{"damage":0,"enemies":"2 Louse","floor":1,"turns":4},{"damage":4,"enemies":"Cultist","floor":3,"turns":5},{"damage":1,"enemies":"Jaw Worm","floor":5,"turns":5},{"damage":49,"enemies":"Gremlin Nob","floor":6,"turns":7},{"damage":19,"enemies":"Lagavulin","floor":8,"turns":8}],"seed_played":"2364376240407863615","potions_obtained":[{"floor":2,"key":"Weak Potion"},{"floor":2,"key":"SkillPotion"}],"is_trial":false,"path_per_floor":["M","?","M","?","M","E","R","E"],"character_chosen":"THE_SILENT","items_purchased":[],"campfire_rested":1,"item_purchase_floors":[],"current_hp_per_floor":[59,59,55,55,54,5,23,4],"gold":175,"neow_bonus":"TRANSFORM_CARD","is_prod":false,"is_daily":false,"chose_seed":false,"campfire_upgraded":0,"win_rate":0,"timestamp":1553890156,"path_taken":["M","?","?","?","M","E","R","E"],"build_version":"2019-01-23","purchased_purges":0,"victory":false,"max_hp_per_floor":[66,66,66,60,60,60,60,60],"card_choices":[{"not_picked":["Backflip","Dodge and Roll"],"picked":"PiercingWail","floor":1},{"not_picked":["Escape Plan","Dagger Throw"],"picked":"Crippling Poison","floor":3},{"not_picked":["Masterful Stab","Poisoned Stab","Underhanded Strike"],"picked":"SKIP","floor":5},{"not_picked":["Bane","Tactician","Quick Slash"],"picked":"SKIP","floor":6}],"player_experience":825964,"relics_obtained":[{"floor":6,"key":"Mummified Hand"}],"event_choices":[{"damage_healed":0,"gold_gain":0,"player_choice":"Got Potions","damage_taken":0,"max_hp_gain":0,"max_hp_loss":0,"event_name":"Lab","floor":2,"gold_loss":0},{"damage_healed":0,"gold_gain":0,"player_choice":"Lose Max HP","damage_taken":0,"relics_obtained":["Golden Idol"],"max_hp_gain":0,"max_hp_loss":6,"event_name":"Golden Idol","floor":4,"gold_loss":0}],"is_beta":false,"boss_relics":[],"items_purged_floors":[],"is_endless":false,"potions_floor_spawned":[6],"killed_by":"Lagavulin","ascension_level":15}