{"gold_per_floor":[113,113,188,138,9,9,23,23,77,77,92,102,132,152,152,228,228,244,209,209,227,227],"floor_reached":22,"playtime":1138,"items_purged":["Strike_G"],"score":316,"play_id":"a1b70d64-aded-4d45-8219-358528828ac2","local_time":"20190205190703","is_ascension_mode":true,"campfire_choices":[{"data":"Blur","floor":6,"key":"SMITH"},{"data":"Deadly Poison","floor":10,"key":"SMITH"},{"floor":15,"key":"REST"}],"neow_cost":"NONE","seed_source_timestamp":413336463298800,"circlet_count":0,"master_deck":["AscendersBane","Defend_G","Defend_G","Defend_G","Defend_G","Defend_G","Strike_G","Strike_G","Strike_G","Strike_G","Survivor","Neutralize+1","Deadly Poison+1","Blur+1","Flying Knee","Backflip","Deadly Poison","After Image","Cloak And Dagger","PiercingWail","Infinite Blades","Noxious Fumes","Bane+1"],"relics":["Ring of the Snake","Smiling Mask","Omamori","Nunchaku","Orrery"],"potions_floor_usage":[19,22],"damage_taken":[{"damage":0,"enemies":"2 Louse","floor":1,"turns":3},{"damage":8,"enemies":"Small Slimes","floor":7,"turns":4},{"damage":0,"enemies":"Jaw Worm","floor":11,"turns":4},{"damage":0,"enemies":"Looter","floor":12,"turns":4},{"damage":11,"enemies":"Lagavulin","floor":13,"turns":7},{"damage":14,"enemies":"Lots of Slimes","floor":14,"turns":6},{"damage":15,"enemies":"Hexaghost","floor":16,"turns":10},{"damage":19,"enemies":"Spheric Guardian","floor":18,"turns":10},{"damage":14,"enemies":"2 Thieves","floor":19,"turns":5},{"damage":20,"enemies":"Centurion and Healer","floor":21,"turns":10},{"damage":9,"enemies":"Snake Plant","floor":22,"turns":4}],"seed_played":"-7041210926245219613","potions_obtained":[{"floor":7,"key":"Energy Potion"},{"floor":13,"key":"Block Potion"}],"is_trial":false,"path_per_floor":["M","?","?","?","$","R","M","T","T","R","M","M","E","M","R","B",null,"M","M","?","M","M"],"character_chosen":"THE_SILENT","items_purchased":["Blur"],"campfire_rested":1,"item_purchase_floors":[5],"current_hp_per_floor":[59,59,48,48,48,48,40,40,40,40,40,40,29,15,34,19,54,35,21,26,6,0],"gold":227,"neow_bonus":"UPGRADE_CARD","is_prod":false,"is_daily":false,"chose_seed":false,"campfire_upgraded":2,"win_rate":0,"timestamp":1549393623,"path_taken":["M","?","?","?","?","R","M","?","T","R","M","M","E","M","R","BOSS","M","?","?","?","M"],"build_version":"2019-01-23","purchased_purges":1,"victory":false,"max_hp_per_floor":[66,66,66,66,66,66,66,66,66,66,66,66,66,66,66,66,66,66,66,66,66,66],"card_choices":[{"not_picked":["Blade Dance","Dodge and Roll"],"picked":"Deadly Poison","floor":1},{"not_picked":["Deflect","All Out Attack"],"picked":"Flying Knee","floor":7},{"not_picked":["Dodge and Roll","PiercingWail"],"picked":"Backflip","floor":11},{"not_picked":["Skewer","Choke","Deflect"],"picked":"SKIP","floor":12},{"not_picked":["Sucker Punch","Storm of Steel","Predator"],"picked":"SKIP","floor":13},{"not_picked":["Flechettes","Prepared"],"picked":"Deadly Poison","floor":14},{"not_picked":["Corpse Explosion","Grand Finale"],"picked":"After Image","floor":16},{"not_picked":["Poisoned Stab","Predator"],"picked":"Cloak And Dagger","floor":17},{"not_picked":["Deflect","Prepared"],"picked":"PiercingWail","floor":17},{"not_picked":["Poisoned Stab","Quick Slash"],"picked":"Cloak And Dagger","floor":17},{"not_picked":["Distraction","Dagger Spray"],"picked":"Infinite Blades","floor":17},{"not_picked":["Deflect","Outmaneuver"],"picked":"Noxious Fumes","floor":18},{"not_picked":["PiercingWail","Deflect","Poisoned Stab"],"picked":"SKIP","floor":19},{"not_picked":["Underhanded Strike","Deflect+1"],"picked":"Bane+1","floor":21}],"player_experience":573125,"relics_obtained":[{"floor":9,"key":"Omamori"},{"floor":13,"key":"Nunchaku"}],"event_choices":[{"damage_healed":0,"gold_gain":0,"player_choice":"Box","damage_taken":0,"relics_obtained":["Smiling Mask"],"max_hp_gain":0,"max_hp_loss":0,"event_name":"Big Fish","floor":2,"gold_loss":0,"cards_obtained":["Regret"]},{"damage_healed":0,"gold_gain":75,"player_choice":"Gather Gold","damage_taken":11,"max_hp_gain":0,"max_hp_loss":0,"event_name":"World of Goop","floor":3,"gold_loss":0},{"cards_removed":["Regret"],"damage_healed":0,"gold_gain":0,"player_choice":"Card Removal","damage_taken":0,"max_hp_gain":0,"max_hp_loss":0,"event_name":"The Cleric","floor":4,"gold_loss":50},{"cards_removed":["Cloak And Dagger"],"damage_healed":5,"gold_gain":0,"player_choice":"Offered Common","damage_taken":0,"max_hp_gain":0,"max_hp_loss":0,"event_name":"Bonfire Elementals","floor":20,"gold_loss":0},{"cards_removed":["Cloak And Dagger"],"damage_healed":5,"gold_gain":0,"player_choice":"Offered Special","damage_taken":0,"max_hp_gain":0,"max_hp_loss":0,"event_name":"Bonfire Elementals","floor":20,"gold_loss":0}],"is_beta":false,"boss_relics":[{"not_picked":["HoveringKite","Runic Dome"],"picked":"Orrery"}],"items_purged_floors":[5],"is_endless":false,"potions_floor_spawned":[7,13],"killed_by":"Snake Plant","ascension_level":14}