{"gold_per_floor":[111,111,36,52,52,52,82,100,124,158,158,158,168,202,202,202],"floor_reached":16,"playtime":785,"items_purged":["Decay"],"score":136,"play_id":"3fba1199-1e6a-4162-96ba-27f4a9808dfc","local_time":"20190330100903","is_ascension_mode":true,"campfire_choices":[{"floor":6.0,"key":"RECALL"},{"floor":11.0,"key":"REST"},{"floor":15.0,"key":"REST"}],"neow_cost":"NONE","seed_source_timestamp":0,"circlet_count":0,"master_deck":["Strike_B","Strike_B","Strike_B","Strike_B","Defend_B","Defend_B","Defend_B","Defend_B","Zap","Dualcast","Biased Cognition","Rebound","Conserve Battery","Sweeping Beam","Rebound","Conserve Battery","Go for the Eyes","Leap"],"special_seed":0,"relics":["Cracked Core","Anchor","Mercury Hourglass","Ancient Tea Set","Smiling Mask"],"potions_floor_usage":[16],"damage_taken":[{"damage":1.0,"enemies":"Small Slimes","floor":1.0,"turns":3.0},{"damage":1.0,"enemies":"Cultist","floor":4.0,"turns":3.0},{"damage":20.0,"enemies":"Gremlin Nob","floor":7.0,"turns":4.0},{"damage":5.0,"enemies":"Jaw Worm","floor":8.0,"turns":2.0},{"damage":28.0,"enemies":"Lagavulin","floor":10.0,"turns":4.0},{"damage":0.0,"enemies":"2 Fungi Beasts","floor":13.0,"turns":2.0},{"damage":20.0,"enemies":"Gremlin Nob","floor":14.0,"turns":4.0},{"damage":44,"enemies":"The Guardian","floor":16,"turns":8}],"seed_played":"-3960750157736030938","potions_obtained":[{"floor":4.0,"key":"EssenceOfSteel"},{"floor":8.0,"key":"Energy Potion"},{"floor":10.0,"key":"Dexterity Potion"},{"floor":14.0,"key":"Block Potion"}],"is_trial":false,"path_per_floor":["M","?","$","M","?","R","E","M","T","E","R","?","M","E","R","B"],"character_chosen":"DEFECT","items_purchased":[],"campfire_rested":2,"item_purchase_floors":[],"current_hp_per_floor":[74,74,74,73,73,73,53,48,48,20,42,42,42,22,44,0],"gold":202,"neow_bonus":"ONE_RANDOM_RARE_CARD","is_prod":false,"is_daily":false,"chose_seed":false,"campfire_upgraded":0,"win_rate":0,"timestamp":1553951343,"path_taken":["M","?","?","M","?","R","E","M","T","E","R","?","M","E","R","BOSS"],"build_version":"2019-01-23","purchased_purges":1,"victory":false,"max_hp_per_floor":[75,75,75,75,75,75,75,75,75,75,75,75,75,75,75,75],"card_choices":[{"not_picked":["Darkness","Stack"],"picked":"Rebound","floor":1.0},{"not_picked":["Stack","Darkness"],"picked":"Conserve Battery","floor":4.0},{"not_picked":["Cold Snap","Turbo"],"picked":"Sweeping Beam","floor":7.0},{"not_picked":["Amplify","Go for the Eyes"],"picked":"Rebound","floor":8.0},{"not_picked":["FTL","Redo"],"picked":"Conserve Battery","floor":10.0},{"not_picked":["Blizzard","Skim"],"picked":"Go for the Eyes","floor":13.0},{"not_picked":["Tempest","Cold Snap"],"picked":"Leap","floor":14.0}],"player_experience":313517,"relics_obtained":[{"floor":7.0,"key":"Mercury Hourglass"},{"floor":10.0,"key":"Ancient Tea Set"},{"floor":14.0,"key":"Smiling Mask"}],"event_choices":[{"damage_healed":0.0,"max_hp_gain":0.0,"max_hp_loss":0.0,"gold_gain":0.0,"event_name":"Wheel of Change","player_choice":"Cursed","floor":2.0,"gold_loss":0.0,"damage_taken":0.0,"cards_obtained":["Decay"]},{"damage_healed":0.0,"max_hp_gain":0.0,"max_hp_loss":0.0,"gold_gain":0.0,"event_name":"Big Fish","player_choice":"Box","floor":5.0,"gold_loss":0.0,"damage_taken":0.0,"relics_obtained":["Anchor"],"cards_obtained":["Regret"]},{"cards_removed":["Regret"],"damage_healed":0.0,"max_hp_gain":0.0,"max_hp_loss":0.0,"gold_gain":0.0,"event_name":"Living Wall","player_choice":"Forget","floor":12.0,"gold_loss":0.0,"damage_taken":0.0}],"is_beta":false,"boss_relics":[],"items_purged_floors":[3],"is_endless":false,"potions_floor_spawned":[4,8,10,14],"killed_by":"The Guardian","ascension_level":3}