{"path_per_floor":["M","M","M","M","M","R","?","R","T","M","M","T","$","E","R","B",null,"M","M","?","?"],"character_chosen":"THE_SILENT","items_purchased":["Noxious Fumes","Enlightenment"],"gold_per_floor":[119,132,144,163,173,173,248,248,248,266,276,299,12,41,41,142,142,157,167,217,217],"floor_reached":22,"campfire_rested":1,"playtime":1504,"current_hp_per_floor":[67,67,53,52,37,37,26,47,47,47,37,37,37,32,32,32,70,64,51,51,51],"items_purged":[],"gold":217,"score":274,"play_id":"a680fe64-0a3f-4555-b69a-6cc03f21c125","local_time":"20180307180237","is_prod":false,"is_daily":false,"is_ascension_mode":true,"campfire_upgraded":2,"timestamp":1520445757,"path_taken":["M","M","M","M","M","R","?","R","T","M","M","?","$","E","R","BOSS","M","M","?","?","?"],"build_version":"2018-03-01-PROD1","purchased_purges":0,"victory":false,"master_deck":["Defend_G","Defend_G","Defend_G","Defend_G","Defend_G","Strike_G+1","Strike_G+1","Strike_G","Strike_G","Strike_G","Survivor","Neutralize","Footwork+1","Setup","Outmaneuver","Bouncing Flask","Backflip","Well Laid Plans","Dodge and Roll","Noxious Fumes+1","Enlightenment","Bane","Bullet Time","Backflip","Noxious Fumes","Escape Plan"],"max_hp_per_floor":[70,70,70,70,70,70,70,70,70,70,70,70,70,70,70,70,70,70,70,70,70],"relics":["Ring of the Snake","Peace Pipe","Whetstone","Oddly Smooth Stone","The Specimen"],"card_choices":[{"not_picked":["Backflip","Poisoned Stab"],"picked":"Footwork"},{"not_picked":["Cloak And Dagger","Sucker Punch"],"picked":"Setup"},{"not_picked":["Concentrate","PiercingWail"],"picked":"Outmaneuver"},{"not_picked":["Storm of Steel","Caltrops"],"picked":"Bouncing Flask"},{"not_picked":["Caltrops","Riddle With Holes"],"picked":"Backflip"},{"not_picked":["Slice","Cloak And Dagger"],"picked":"Well Laid Plans"},{"not_picked":["Bane","Flying Knee"],"picked":"Dodge and Roll"},{"not_picked":["Outmaneuver","Die Die Die"],"picked":"Bane"},{"not_picked":["Phantasmal Killer","Die Die Die"],"picked":"Bullet Time"},{"not_picked":["Dagger Spray","Concentrate"],"picked":"Backflip"},{"not_picked":["Terror","Cloak And Dagger"],"picked":"Noxious Fumes"}],"player_experience":159289,"potions_floor_usage":[11,22],"damage_taken":[{"damage":3,"enemies":"Jaw Worm","floor":1,"turns":4},{"damage":0,"enemies":"2 Louse","floor":2,"turns":4},{"damage":14,"enemies":"Cultist","floor":3,"turns":5},{"damage":1,"enemies":"2 Fungi Beasts","floor":4,"turns":6},{"damage":15,"enemies":"3 Louse","floor":5,"turns":5},{"damage":0,"enemies":"Looter","floor":10,"turns":3},{"damage":10,"enemies":"Lots of Slimes","floor":11,"turns":8},{"damage":5,"enemies":"3 Sentries","floor":14,"turns":9},{"damage":0,"enemies":"The Guardian","floor":16,"turns":10},{"damage":6,"enemies":"Shell Parasite","floor":18,"turns":7},{"damage":13,"enemies":"3 Byrds","floor":19,"turns":7},{"damage":51,"enemies":"Slaver and Parasite","floor":22,"turns":4}],"event_choices":[{"event_name":"World of Goop","player_choice":"Gather Gold","floor":7,"damage_taken":0},{"event_name":"The Joust","player_choice":"Bet on Murderer","floor":20,"damage_taken":0},{"event_name":"The Library","player_choice":"Read","floor":21,"damage_taken":0}],"boss_relics":[{"not_picked":["Runic Pyramid","Calling Bell"],"picked":"The Specimen"}],"potions_floor_spawned":[3,5,14,18,19],"seed_played":"-3142230096918648093","killed_by":"Slaver and Parasite","ascension_level":3,"is_trial":false}