{"gold_per_floor":[13,13,30,41,41,67,67,99,99,133,133,133,149,164,164,243,243,255,270,282,4,4,4,35,35,105,105,116,144,144,160,160,231,231,248,148,162,162,176,176,195,195,220,249,264,280,280,280,280,280],"floor_reached":50,"playtime":2271,"items_purged":["Strike_R","Strike_R"],"score":919,"play_id":"682c2d72-8e8a-4d28-b769-9a7d443ce779","local_time":"20190316105925","is_ascension_mode":true,"campfire_choices":[{"floor":7,"key":"REST"},{"data":"1","floor":11,"key":"LIFT"},{"data":"2","floor":15,"key":"LIFT"},{"floor":23,"key":"REST"},{"floor":27,"key":"REST"},{"data":"3","floor":32,"key":"LIFT"},{"data":"Limit Break","floor":40,"key":"SMITH"},{"floor":42,"key":"REST"},{"data":"Double Tap","floor":49,"key":"SMITH"}],"neow_cost":"NO_GOLD","seed_source_timestamp":213309421301166,"circlet_count":0,"master_deck":["AscendersBane","Strike_R","Strike_R","Strike_R","Defend_R","Defend_R","Defend_R","Defend_R","Bash","Bludgeon","Clothesline","Ghostly Armor","Cleave","Offering","Armaments","Ghostly Armor","Seeing Red","Limit Break+1","Cleave+1","Thunderclap","Shrug It Off+1","Parasite","Headbutt","Shockwave","Reaper","Armaments+1","Double Tap+1","Normality"],"relics":["Burning Blood","Gambling Chip","Magic Flower","Shovel","Girya","GremlinMask","Cursed Key","Sling","Paper Frog","Matryoshka","Question Card","Runic Cube","Lantern","Omamori","Potion Belt","PreservedInsect","Mercury Hourglass"],"potions_floor_usage":[16,16,33,33,41,50,50],"damage_taken":[{"damage":0,"enemies":"2 Louse","floor":1,"turns":3},{"damage":1,"enemies":"Cultist","floor":3,"turns":3},{"damage":12,"enemies":"Jaw Worm","floor":4,"turns":2},{"damage":29,"enemies":"Gremlin Nob","floor":6,"turns":4},{"damage":31,"enemies":"Lagavulin","floor":8,"turns":7},{"damage":24,"enemies":"Gremlin Nob","floor":10,"turns":5},{"damage":6,"enemies":"Looter","floor":13,"turns":3},{"damage":0,"enemies":"Red Slaver","floor":14,"turns":3},{"damage":19,"enemies":"Slime Boss","floor":16,"turns":11},{"damage":28,"enemies":"2 Thieves","floor":18,"turns":4},{"damage":22,"enemies":"Spheric Guardian","floor":19,"turns":4},{"damage":13,"enemies":"Cultist and Chosen","floor":20,"turns":7},{"damage":36,"enemies":"Slavers","floor":24,"turns":4},{"damage":22,"enemies":"Sentry and Sphere","floor":28,"turns":4},{"damage":6,"enemies":"Gremlin Leader","floor":29,"turns":4},{"damage":10,"enemies":"3 Cultists","floor":31,"turns":5},{"damage":80,"enemies":"Automaton","floor":33,"turns":11},{"damage":10,"enemies":"Orb Walker","floor":35,"turns":3},{"damage":22,"enemies":"3 Shapes","floor":37,"turns":5},{"damage":31,"enemies":"3 Darklings","floor":39,"turns":3},{"damage":34,"enemies":"Sphere and 2 Shapes","floor":41,"turns":6},{"damage":35,"enemies":"Reptomancer","floor":44,"turns":4},{"damage":6,"enemies":"Jaw Worm Horde","floor":45,"turns":3},{"damage":52,"enemies":"Writhing Mass","floor":46,"turns":5},{"damage":146,"enemies":"Awakened One","floor":50,"turns":8}],"seed_played":"-6207581534782587262","potions_obtained":[{"floor":3,"key":"SteroidPotion"},{"floor":6,"key":"Explosive Potion"},{"floor":10,"key":"SkillPotion"},{"floor":20,"key":"Poison Potion"},{"floor":28,"key":"Dexterity Potion"},{"floor":31,"key":"Regen Potion"},{"floor":39,"key":"Fire Potion"},{"floor":41,"key":"LiquidBronze"},{"floor":46,"key":"Weak Potion"}],"is_trial":false,"path_per_floor":["M","$","M","M","?","E","R","E","T","E","R","?","M","M","R","B",null,"M","M","M","$","?","R","E","?","T","R","M","E","?","M","R","B",null,"M","$","M","?","M","R","M","R","T","E","M","M","?","T","R","B"],"character_chosen":"IRONCLAD","items_purchased":["Sling"],"campfire_rested":4,"item_purchase_floors":[21],"current_hp_per_floor":[78,78,80,74,79,56,81,56,56,41,41,41,44,53,53,43,75,56,43,39,39,39,64,37,37,37,62,49,52,80,79,79,32,72,85,85,81,73,51,51,47,72,72,65,68,25,74,74,74,0],"gold":280,"neow_bonus":"THREE_RARE_CARDS","is_prod":false,"is_daily":false,"chose_seed":false,"campfire_upgraded":2,"win_rate":0,"timestamp":1552748365,"path_taken":["M","$","M","M","?","E","R","E","T","E","R","?","?","M","R","BOSS","M","M","M","$","?","R","E","?","T","R","M","E","?","M","R","BOSS","M","$","M","?","M","R","M","R","T","E","?","M","?","?","R","BOSS"],"build_version":"2019-01-23","purchased_purges":2,"victory":false,"max_hp_per_floor":[80,80,80,80,85,85,85,85,85,85,85,85,85,85,85,85,85,85,85,85,85,85,85,85,85,85,85,85,85,85,85,85,85,85,85,85,85,85,85,85,85,85,85,85,85,85,74,74,74,74],"card_choices":[{"not_picked":["Double Tap","Demon Form"],"picked":"Bludgeon","floor":0},{"not_picked":["Fire Breathing","Sword Boomerang"],"picked":"Clothesline","floor":1},{"not_picked":["Bloodletting","Infernal Blade"],"picked":"Ghostly Armor","floor":3},{"not_picked":["Second Wind","Body Slam"],"picked":"Cleave","floor":4},{"not_picked":["Barricade","Sword Boomerang"],"picked":"Offering","floor":6},{"not_picked":["Pummel","Clothesline"],"picked":"Armaments","floor":8},{"not_picked":["Heavy Blade","Sword Boomerang"],"picked":"Ghostly Armor","floor":10},{"not_picked":["Sword Boomerang","Dual Wield"],"picked":"Seeing Red","floor":13},{"not_picked":["Hemokinesis","Armaments","Cleave"],"picked":"SKIP","floor":14},{"not_picked":["Berserk","Impervious"],"picked":"Limit Break","floor":16},{"not_picked":["Bloodletting","Corruption"],"picked":"Cleave+1","floor":18},{"not_picked":["Havoc","Armaments"],"picked":"Thunderclap","floor":19},{"not_picked":["Cleave","Bloodletting","Flex"],"picked":"SKIP","floor":20},{"not_picked":["Warcry","Whirlwind"],"picked":"Shrug It Off+1","floor":24},{"not_picked":["Thunderclap","Searing Blow"],"picked":"Headbutt","floor":28},{"not_picked":["Searing Blow","Thunderclap","Hemokinesis"],"picked":"SKIP","floor":29},{"not_picked":["Searing Blow","Second Wind+1","Juggernaut"],"picked":"Shockwave","floor":31},{"not_picked":["Impervious","Offering","Juggernaut"],"picked":"Reaper","floor":33},{"not_picked":["Infernal Blade","Flex","Rage"],"picked":"Armaments+1","floor":35},{"not_picked":["Combust","Twin Strike+1","Pommel Strike","Rage"],"picked":"SKIP","floor":37},{"not_picked":["Rampage","Perfected Strike+1","Burning Pact","Armaments"],"picked":"SKIP","floor":39},{"not_picked":["Rage","Searing Blow","Bloodletting"],"picked":"Double Tap","floor":41},{"not_picked":["Perfected Strike","Thunderclap","Havoc","Entrench"],"picked":"SKIP","floor":44},{"not_picked":["Iron Wave","Twin Strike","Sword Boomerang+1","Anger"],"picked":"SKIP","floor":45},{"not_picked":["Entrench","True Grit","Wild Strike","Anger"],"picked":"SKIP","floor":46}],"player_experience":307083,"relics_obtained":[{"floor":6,"key":"Gambling Chip"},{"floor":8,"key":"Magic Flower"},{"floor":9,"key":"Shovel"},{"floor":10,"key":"Girya"},{"floor":24,"key":"Paper Frog"},{"floor":26,"key":"Matryoshka"},{"floor":29,"key":"Question Card"},{"floor":43,"key":"Lantern"},{"floor":43,"key":"Omamori"},{"floor":44,"key":"Potion Belt"},{"floor":48,"key":"PreservedInsect"},{"floor":48,"key":"Mercury Hourglass"}],"event_choices":[{"damage_healed":0,"gold_gain":0,"player_choice":"Donut","damage_taken":0,"max_hp_gain":5,"max_hp_loss":0,"event_name":"Big Fish","floor":5,"gold_loss":0},{"damage_healed":0,"gold_gain":0,"player_choice":"Trade","damage_taken":0,"relics_obtained":["GremlinMask"],"max_hp_gain":0,"max_hp_loss":0,"event_name":"FaceTrader","floor":12,"gold_loss":0},{"damage_healed":0,"gold_gain":0,"player_choice":"Ignored","damage_taken":0,"max_hp_gain":0,"max_hp_loss":0,"event_name":"Vampires","floor":25,"gold_loss":0},{"damage_healed":28,"gold_gain":0,"player_choice":"Heal","damage_taken":0,"max_hp_gain":0,"max_hp_loss":0,"event_name":"The Library","floor":30,"gold_loss":0},{"damage_healed":0,"gold_gain":0,"player_choice":"Damaged","damage_taken":8,"max_hp_gain":0,"max_hp_loss":0,"event_name":"Wheel of Change","floor":38,"gold_loss":0},{"damage_healed":74,"gold_gain":0,"player_choice":"Heal","damage_taken":0,"max_hp_gain":0,"max_hp_loss":11,"event_name":"The Moai Head","floor":47,"gold_loss":0}],"is_beta":false,"boss_relics":[{"not_picked":["Snecko Eye","Calling Bell"],"picked":"Cursed Key"},{"not_picked":["Coffee Dripper","Lizard Tail"],"picked":"Runic Cube"}],"items_purged_floors":[21,36],"is_endless":false,"potions_floor_spawned":[3,6,8,10,20,28,31,39,41,46],"killed_by":"Awakened One","ascension_level":13}