{"path_per_floor":["M","?","M","M","M","R","M","R","T","R","$","E","?","?","R","B",null,"M","$","M","?","M","R","E","M","T","R","E","?","R","M","R","B",null,"M","$","M","?","M","E","R","E","T","R","$","E","M","M","R","B"],"character_chosen":"IRONCLAD","items_purchased":["Tiny Chest","Offering","Orichalcum"],"gold_per_floor":[19,19,39,56,71,71,90,90,114,114,39,74,74,99,99,201,231,242,29,39,39,53,53,88,103,127,127,157,157,157,173,173,275,275,288,77,89,89,109,143,143,174,200,200,75,106,126,144,144,144],"floor_reached":51,"campfire_rested":2,"playtime":1557,"current_hp_per_floor":[70,70,66,70,65,65,60,60,60,60,60,66,66,54,54,40,85,81,81,72,72,70,70,43,49,49,74,75,75,75,76,76,62,89,91,91,91,91,76,73,73,61,61,94,94,98,100,102,102,104],"items_purged":["Strike_R","Defend_R","Strike_R"],"gold":144,"score":914,"play_id":"d344f908-5f22-4c11-b5f9-3f4e3b978c70","local_time":"20180321154118","is_prod":false,"is_daily":false,"is_ascension_mode":true,"campfire_upgraded":9,"timestamp":1521661278,"path_taken":["M","?","M","M","M","R","M","R","T","R","$","E","?","?","R","BOSS","M","$","M","?","M","R","E","M","T","R","E","?","R","M","R","BOSS","M","$","M","?","?","E","R","E","T","R","$","E","M","M","R","BOSS"],"build_version":"2018-03-15v3","purchased_purges":3,"victory":true,"master_deck":["Strike_R+1","Strike_R+1","Bash+1","Rampage+1","Flex+1","Dropkick+1","Limit Break+1","Clash+1","Thunderclap+1","Flex+1","Offering+1","Flex+1","Sword Boomerang+1"],"max_hp_per_floor":[80,80,80,80,80,80,80,80,80,80,80,80,80,80,80,80,85,85,85,85,85,85,85,85,85,85,85,87,87,87,87,87,89,89,91,91,91,91,93,95,95,111,111,111,111,113,115,115,115,115],"relics":["Burning Blood","Ancient Tea Set","Bag of Preparation","Odd Mushroom","Tiny House","Tiny Chest","Vajra","War Paint","Singing Bowl","Orichalcum","Calipers","Mango","Anchor","Sundial"],"card_choices":[{"not_picked":["Dropkick","Twin Strike"],"picked":"Rampage"},{"not_picked":["Havoc","Fiend Fire"],"picked":"Flex"},{"not_picked":["Headbutt","True Grit"],"picked":"Dropkick"},{"not_picked":["Offering","Immolate"],"picked":"Limit Break"},{"not_picked":["Searing Blow","Clothesline"],"picked":"Clash"},{"not_picked":["Blood for Blood","Sword Boomerang"],"picked":"Thunderclap"},{"not_picked":["True Grit","Ghostly Armor"],"picked":"Flex"},{"not_picked":["Burning Pact","Uppercut"],"picked":"Flex"},{"not_picked":["Dual Wield","Iron Wave"],"picked":"Sword Boomerang"}],"player_experience":183983,"potions_floor_usage":[14,16,22,33,50,50,50],"damage_taken":[{"damage":16,"enemies":"2 Louse","floor":1,"turns":3},{"damage":10,"enemies":"Jaw Worm","floor":3,"turns":4},{"damage":2,"enemies":"Small Slimes","floor":4,"turns":5},{"damage":11,"enemies":"Red Slaver","floor":5,"turns":3},{"damage":11,"enemies":"Exordium Thugs","floor":7,"turns":4},{"damage":0,"enemies":"Gremlin Nob","floor":12,"turns":2},{"damage":18,"enemies":"The Mushroom Lair","floor":14,"turns":3},{"damage":20,"enemies":"Slime Boss","floor":16,"turns":4},{"damage":10,"enemies":"Spheric Guardian","floor":18,"turns":3},{"damage":15,"enemies":"3 Byrds","floor":20,"turns":4},{"damage":8,"enemies":"Centurion and Healer","floor":22,"turns":2},{"damage":33,"enemies":"Book of Stabbing","floor":24,"turns":3},{"damage":0,"enemies":"3 Cultists","floor":25,"turns":2},{"damage":7,"enemies":"Slavers","floor":28,"turns":2},{"damage":5,"enemies":"Chosen and Byrds","floor":31,"turns":2},{"damage":22,"enemies":"Automaton","floor":33,"turns":5},{"damage":6,"enemies":"3 Shapes","floor":35,"turns":2},{"damage":4,"enemies":"Orb Walker","floor":37,"turns":2},{"damage":23,"enemies":"Maw","floor":39,"turns":4},{"damage":11,"enemies":"Giant Head","floor":40,"turns":3},{"damage":34,"enemies":"Nemesis","floor":42,"turns":3},{"damage":4,"enemies":"Giant Head","floor":46,"turns":1},{"damage":6,"enemies":"4 Shapes","floor":47,"turns":1},{"damage":4,"enemies":"3 Darklings","floor":48,"turns":1},{"damage":4,"enemies":"Time Eater","floor":50,"turns":1}],"event_choices":[{"event_name":"Living Wall","player_choice":"Forget","floor":2,"damage_taken":0},{"event_name":"Purifier","player_choice":"One Purge","floor":13,"damage_taken":0},{"event_name":"Mushrooms","player_choice":"Fought Mushrooms","floor":14,"damage_taken":0},{"event_name":"Addict","player_choice":"Ignored","floor":21,"damage_taken":0},{"event_name":"Upgrade Shrine","player_choice":"Upgraded","floor":29,"damage_taken":0},{"event_name":"The Lab","player_choice":"Got Potions","floor":38,"damage_taken":0}],"boss_relics":[{"not_picked":["Runic Dome","Cursed Key"],"picked":"Tiny House"},{"not_picked":["Snecko Eye","Mark of Pain","Calling Bell"]}],"potions_floor_spawned":[1,3,5,7,14,18,22,24,37,39,42,47,48],"seed_played":"-1429625783470541232","ascension_level":1,"is_trial":false}