{"gold_per_floor":[19,35,210,228,303,331,331,348,374,403,420,433,460,477,477,573,573,573,573,95,95,95,95,95,95,95,95,95,95,95,95,95,95,95,95,95,16,16,16,16,16,16,16,16,16,16,0,0,0,0],"floor_reached":50,"playtime":6921,"items_purged":["Doubt"],"score":534,"play_id":"fc13e826-fe0b-48be-a2b9-e3f0c8b50279","local_time":"20190327003254","is_ascension_mode":false,"campfire_choices":[{"data":"Deflect","floor":7,"key":"SMITH"},{"floor":15,"key":"REST"},{"data":"Choke","floor":23,"key":"SMITH"},{"floor":25,"key":"REST"},{"data":"Blade Dance","floor":30,"key":"SMITH"},{"floor":32,"key":"REST"},{"floor":40,"key":"RECALL"},{"data":"Well Laid Plans","floor":41,"key":"SMITH"},{"data":"Wraith Form v2","floor":42,"key":"SMITH"},{"floor":46,"key":"REST"},{"data":"Backflip","floor":49,"key":"SMITH"}],"neow_cost":"NO_GOLD","seed_source_timestamp":30363999488949,"circlet_count":0,"master_deck":["Defend_G+1","Defend_G","Defend_G","Defend_G+1","Strike_G","Strike_G","Strike_G","Strike_G","Survivor","Neutralize","Unload","Choke+1","Dagger Spray","Dagger Throw","PiercingWail","Deflect+1","Endless Agony","Backstab","Slice","Prepared","Tactician","Masterful Stab","Glass Knife","Dodge and Roll+1","Underhanded Strike","Well Laid Plans+1","Backflip+1","Blade Dance+1","Quick Slash+1","Backflip+1","Deflect","Wraith Form v2+1","Adrenaline","Blade Dance+1","Acrobatics","Acrobatics","Cloak And Dagger+1","Parasite","Flechettes+1"],"relics":["Ring of the Snake","War Paint","Regal Pillow","Orichalcum","Paper Crane","Ectoplasm","Ice Cream","MawBank","Enchiridion","WingedGreaves","The Courier","Cursed Key","Ninja Scroll","Red Mask"],"potions_floor_usage":[10,33,50],"damage_taken":[{"damage":0,"enemies":"2 Louse","floor":1,"turns":2},{"damage":2,"enemies":"Jaw Worm","floor":2,"turns":3},{"damage":0,"enemies":"Cultist","floor":4,"turns":3},{"damage":15,"enemies":"3 Sentries","floor":6,"turns":6},{"damage":0,"enemies":"2 Fungi Beasts","floor":8,"turns":4},{"damage":15,"enemies":"Lagavulin","floor":10,"turns":7},{"damage":0,"enemies":"Large Slime","floor":11,"turns":3},{"damage":1,"enemies":"Exordium Wildlife","floor":12,"turns":3},{"damage":0,"enemies":"Gremlin Nob","floor":13,"turns":3},{"damage":0,"enemies":"Gremlin Gang","floor":14,"turns":4},{"damage":44,"enemies":"Slime Boss","floor":16,"turns":14},{"damage":0,"enemies":"Shell Parasite","floor":18,"turns":3},{"damage":2,"enemies":"Chosen","floor":19,"turns":4},{"damage":0,"enemies":"3 Cultists","floor":21,"turns":5},{"damage":14,"enemies":"Snake Plant","floor":22,"turns":5},{"damage":30,"enemies":"Slavers","floor":24,"turns":5},{"damage":5,"enemies":"Shelled Parasite and Fungi","floor":29,"turns":4},{"damage":1,"enemies":"Colosseum Slavers","floor":31,"turns":3},{"damage":19,"enemies":"Colosseum Nobs","floor":31,"turns":4},{"damage":32,"enemies":"Champ","floor":33,"turns":11},{"damage":1,"enemies":"3 Darklings","floor":35,"turns":4},{"damage":0,"enemies":"3 Shapes","floor":38,"turns":4},{"damage":0,"enemies":"Jaw Worm Horde","floor":39,"turns":4},{"damage":42,"enemies":"Writhing Mass","floor":44,"turns":5},{"damage":1,"enemies":"4 Shapes","floor":45,"turns":5},{"damage":59,"enemies":"Awakened One","floor":50,"turns":14}],"seed_played":"8355494136717169216","potions_obtained":[{"floor":6,"key":"Block Potion"},{"floor":8,"key":"GhostInAJar"},{"floor":10,"key":"Strength Potion"},{"floor":12,"key":"GhostInAJar"},{"floor":33,"key":"Strength Potion"}],"is_trial":false,"path_per_floor":["M","M","?","M","?","E","R","M","T","E","M","M","E","M","R","B",null,"M","M","$","M","M","R","E","R","T","?","?","M","R","?","R","B",null,"M","?","$","M","M","R","R","R","T","M","M","R","?","?","R","B"],"character_chosen":"THE_SILENT","items_purchased":["Well Laid Plans","Ice Cream","Backflip","Acrobatics","Acrobatics"],"campfire_rested":4,"item_purchase_floors":[20,20,20,37,37],"current_hp_per_floor":[70,68,68,68,61,46,46,46,46,31,31,30,30,30,66,22,70,70,68,68,68,54,54,24,60,60,44,44,39,39,19,55,23,70,69,66,66,66,66,66,66,66,66,24,23,57,57,57,57,0],"gold":0,"neow_bonus":"TRANSFORM_TWO_CARDS","is_prod":false,"is_daily":false,"chose_seed":false,"campfire_upgraded":6,"win_rate":0,"timestamp":1553643174,"path_taken":["M","M","?","M","?","E","R","M","T","E","M","M","E","M","R","BOSS","M","M","$","M","M","R","E","R","T","?","?","M","R","?","R","BOSS","M","?","$","M","M","R","R","R","T","M","M","R","?","?","R","BOSS"],"build_version":"2019-01-23","purchased_purges":1,"victory":false,"max_hp_per_floor":[70,70,70,70,70,70,70,70,70,70,70,70,70,70,70,70,70,70,70,70,70,70,70,70,70,70,70,70,70,70,70,70,70,70,70,66,66,66,66,66,66,66,66,66,66,66,66,66,66,66],"card_choices":[{"not_picked":["Dagger Throw","Distraction"],"picked":"Dagger Spray","floor":1},{"not_picked":["Deadly Poison","Envenom"],"picked":"Dagger Throw","floor":2},{"not_picked":["Bane","All Out Attack"],"picked":"PiercingWail","floor":4},{"not_picked":["Skewer","Underhanded Strike"],"picked":"Deflect","floor":6},{"not_picked":["Bane","Outmaneuver"],"picked":"Endless Agony","floor":8},{"not_picked":["Dagger Throw","Blade Dance"],"picked":"Backstab","floor":10},{"not_picked":["Deadly Poison","Crippling Poison"],"picked":"Slice","floor":11},{"not_picked":["Poisoned Stab","Distraction"],"picked":"Prepared","floor":12},{"not_picked":["Poisoned Stab","Flying Knee"],"picked":"Tactician","floor":13},{"not_picked":["Backflip","Setup"],"picked":"Masterful Stab","floor":14},{"not_picked":["Venomology","Wraith Form v2"],"picked":"Glass Knife","floor":16},{"not_picked":["PiercingWail","Dash"],"picked":"Dodge and Roll+1","floor":18},{"not_picked":["Distraction","Flechettes"],"picked":"Underhanded Strike","floor":19},{"not_picked":["Acrobatics","Bane+1"],"picked":"Blade Dance","floor":21},{"not_picked":["Calculated Gamble","Cloak And Dagger"],"picked":"Quick Slash+1","floor":22},{"not_picked":["Quick Slash","Poisoned Stab+1"],"picked":"Backflip+1","floor":24},{"not_picked":["Quick Slash","Poisoned Stab","Bane"],"picked":"SKIP","floor":29},{"not_picked":["Underhanded Strike","PiercingWail"],"picked":"Wraith Form v2","floor":31},{"not_picked":["Glass Knife","Unload"],"picked":"Adrenaline","floor":33},{"not_picked":["PiercingWail+1","Sucker Punch"],"picked":"Blade Dance+1","floor":35},{"not_picked":["Flechettes","Dagger Spray+1","Sucker Punch"],"picked":"SKIP","floor":38},{"not_picked":["Poisoned Stab+1","Setup+1"],"picked":"Cloak And Dagger+1","floor":39},{"not_picked":["Escape Plan+1","Poisoned Stab","Bouncing Flask"],"picked":"SKIP","floor":44},{"not_picked":["Underhanded Strike","Sucker Punch"],"picked":"Flechettes+1","floor":45}],"player_experience":77207,"relics_obtained":[{"floor":6,"key":"War Paint"},{"floor":9,"key":"Regal Pillow"},{"floor":10,"key":"Orichalcum"},{"floor":13,"key":"Paper Crane"},{"floor":24,"key":"MawBank"},{"floor":27,"key":"Enchiridion"},{"floor":31,"key":"WingedGreaves"},{"floor":31,"key":"The Courier"},{"floor":43,"key":"Ninja Scroll"}],"event_choices":[{"damage_healed":0,"gold_gain":175,"player_choice":"AGREE","damage_taken":0,"max_hp_gain":0,"max_hp_loss":0,"event_name":"Liars Game","floor":3,"gold_loss":0,"cards_obtained":["Doubt"]},{"damage_healed":0,"gold_gain":75,"player_choice":"Touch","damage_taken":7,"max_hp_gain":0,"max_hp_loss":0,"event_name":"FaceTrader","floor":5,"gold_loss":0},{"damage_healed":0,"gold_gain":0,"player_choice":"Obtained Book","damage_taken":16,"max_hp_gain":0,"max_hp_loss":0,"event_name":"Cursed Tome","floor":27,"gold_loss":0},{"damage_healed":0,"gold_gain":0,"player_choice":"Read","damage_taken":0,"max_hp_gain":0,"max_hp_loss":0,"event_name":"The Library","floor":28,"gold_loss":0,"cards_obtained":["Deflect"]},{"damage_healed":0,"gold_gain":0,"player_choice":"Fight","damage_taken":0,"max_hp_gain":0,"max_hp_loss":0,"event_name":"Colosseum","floor":31,"gold_loss":0},{"damage_healed":0,"gold_gain":0,"player_choice":"Fought Nobs","damage_taken":0,"max_hp_gain":0,"max_hp_loss":0,"event_name":"Colosseum","floor":31,"gold_loss":0},{"damage_healed":0,"gold_gain":0,"player_choice":"Max HP","damage_taken":0,"max_hp_gain":0,"max_hp_loss":4,"event_name":"Winding Halls","floor":36,"gold_loss":0},{"damage_healed":0,"gold_gain":0,"player_choice":"Paid","damage_taken":0,"relics_obtained":["Red Mask"],"max_hp_gain":0,"max_hp_loss":0,"event_name":"Tomb of Lord Red Mask","floor":47,"gold_loss":16},{"cards_removed":["Decay"],"damage_healed":0,"gold_gain":0,"player_choice":"Purged","damage_taken":0,"max_hp_gain":0,"max_hp_loss":0,"event_name":"Purifier","floor":48,"gold_loss":0}],"is_beta":false,"boss_relics":[{"not_picked":["Tiny House","Runic Dome"],"picked":"Ectoplasm"},{"not_picked":["Calling Bell","Velvet Choker"],"picked":"Cursed Key"}],"items_purged_floors":[20],"is_endless":false,"potions_floor_spawned":[6,8,10,12,14,21,24,29,33,38,39],"killed_by":"Awakened One","ascension_level":0}