{"gold_per_floor":[163,178,178,105,123,123,153,153,153,2,18,32,44,57,57,161,161,179,179,85,85,100,100,126,138,150,182,194,229,58,78,78,78],"floor_reached":33,"playtime":1947,"items_purged":[],"score":344,"play_id":"5f3a0ac5-0d57-4ad1-9d4f-76e0781f52ad","local_time":"20181225202252","is_ascension_mode":true,"campfire_choices":[{"floor":6,"key":"RECALL"},{"data":"Noxious Fumes","floor":8,"key":"SMITH"},{"data":"Corpse Explosion","floor":15,"key":"SMITH"},{"floor":23,"key":"REST"},{"floor":25,"key":"REST"},{"floor":32,"key":"REST"}],"neow_cost":"NONE","seed_source_timestamp":366582217461000,"circlet_count":0,"master_deck":["Defend_G+1","Defend_G+1","Defend_G+1","Defend_G+1","Defend_G+1","Strike_G+1","Strike_G+1","Strike_G+1","Strike_G+1","Strike_G+1","Survivor+1","Neutralize","Backflip","Poisoned Stab","Terror","Noxious Fumes+1","Poisoned Stab","Die Die Die","Deadly Poison","Dagger Spray","Caltrops","Corpse Explosion+1","Adrenaline+1","Prepared","Footwork","Distraction","Underhanded Strike","Poisoned Stab","Dash","Dramatic Entrance","Poisoned Stab","Poisoned Stab","Dagger Spray","Noxious Fumes","Dash"],"relics":["Tiny House","Ninja Scroll","Bag of Marbles","Orrery","MawBank","Sundial","Art of War","Bronze Scales"],"potions_floor_usage":[7,7,16,18,24,24,31],"damage_taken":[{"damage":7,"enemies":"Jaw Worm","floor":1,"turns":7},{"damage":0,"enemies":"Cultist","floor":2,"turns":4},{"damage":0,"enemies":"2 Louse","floor":5,"turns":3},{"damage":16,"enemies":"Gremlin Nob","floor":7,"turns":5},{"damage":5,"enemies":"Blue Slaver","floor":11,"turns":3},{"damage":0,"enemies":"2 Fungi Beasts","floor":12,"turns":2},{"damage":0,"enemies":"Large Slime","floor":13,"turns":4},{"damage":0,"enemies":"Looter","floor":14,"turns":2},{"damage":22,"enemies":"Hexaghost","floor":16,"turns":7},{"damage":7,"enemies":"2 Thieves","floor":18,"turns":2},{"damage":10,"enemies":"3 Byrds","floor":22,"turns":3},{"damage":26,"enemies":"Slavers","floor":24,"turns":4},{"damage":19,"enemies":"Centurion and Healer","floor":27,"turns":6},{"damage":4,"enemies":"Chosen and Byrds","floor":31,"turns":4},{"damage":81,"enemies":"Champ","floor":33,"turns":9}],"seed_played":"-7235351961390299415","potions_obtained":[{"floor":0,"key":"GamblersBrew"},{"floor":2,"key":"Regen Potion"},{"floor":3,"key":"Energy Potion"},{"floor":3,"key":"Energy Potion"},{"floor":12,"key":"FearPotion"},{"floor":16,"key":"EssenceOfSteel"},{"floor":18,"key":"SkillPotion"},{"floor":27,"key":"Weak Potion"}],"is_trial":false,"path_per_floor":["M","M","?","$","M","R","E","R","T","$","M","M","M","M","R","B",null,"M","?","$","?","M","R","E","R","T","M","$","T","$","M","R","B"],"character_chosen":"THE_SILENT","items_purchased":["Noxious Fumes","Bag of Marbles","Dramatic Entrance","Bronze Scales","Noxious Fumes"],"campfire_rested":3,"item_purchase_floors":[4,10,20,30,30],"current_hp_per_floor":[68,68,68,68,68,68,64,64,64,64,59,59,59,59,59,37,75,68,68,68,68,58,75,49,71,71,52,52,52,52,48,70,0],"gold":78,"neow_bonus":"BOSS_RELIC","is_prod":false,"is_daily":false,"chose_seed":false,"campfire_upgraded":2,"win_rate":0,"timestamp":1545776572,"path_taken":["M","M","?","?","M","R","E","R","T","$","M","M","M","M","R","BOSS","M","?","?","?","M","R","E","R","T","?","$","?","$","M","R","BOSS"],"build_version":"2018-12-20","purchased_purges":0,"victory":false,"max_hp_per_floor":[75,75,75,75,75,75,75,75,75,75,75,75,75,75,75,75,75,75,75,75,75,75,75,75,75,75,75,75,75,75,75,75,75],"card_choices":[{"not_picked":["Deflect","Blade Dance"],"picked":"Backflip","floor":0},{"not_picked":["Infinite Blades","Slice"],"picked":"Poisoned Stab","floor":1},{"not_picked":["Eviscerate","Slice"],"picked":"Terror","floor":2},{"not_picked":["Outmaneuver","Flying Knee"],"picked":"Poisoned Stab","floor":5},{"not_picked":["Backflip","Outmaneuver"],"picked":"Die Die Die","floor":7},{"not_picked":["Dodge and Roll","Concentrate"],"picked":"Deadly Poison","floor":11},{"not_picked":["Predator","Tactician"],"picked":"Dagger Spray","floor":12},{"not_picked":["Outmaneuver","Choke"],"picked":"Caltrops","floor":13},{"not_picked":["Deflect","Deadly Poison"],"picked":"Corpse Explosion","floor":14},{"not_picked":["Venomology","Grand Finale"],"picked":"Adrenaline","floor":16},{"not_picked":["PiercingWail","Expertise"],"picked":"Prepared","floor":17},{"not_picked":["PiercingWail","Tactician"],"picked":"Footwork","floor":17},{"not_picked":["Blade Dance","Prepared"],"picked":"Distraction","floor":17},{"not_picked":["Escape Plan","Reflex"],"picked":"Underhanded Strike","floor":17},{"not_picked":["Deadly Poison","Quick Slash"],"picked":"Poisoned Stab","floor":17},{"not_picked":["Cloak And Dagger+1","Dodge and Roll"],"picked":"Dash","floor":18},{"not_picked":["Eviscerate","Masterful Stab"],"picked":"Poisoned Stab","floor":22},{"not_picked":["Phantasmal Killer","Acrobatics"],"picked":"Poisoned Stab","floor":24},{"not_picked":["Heel Hook","Eviscerate"],"picked":"Dagger Spray","floor":27},{"not_picked":["Bane+1","Flying Knee+1"],"picked":"Dash","floor":31}],"player_experience":265782,"relics_obtained":[{"floor":7,"key":"Ninja Scroll"},{"floor":24,"key":"MawBank"},{"floor":26,"key":"Sundial"},{"floor":29,"key":"Art of War"}],"event_choices":[{"damage_healed":0,"gold_gain":0,"player_choice":"Got Potions","damage_taken":0,"max_hp_gain":0,"max_hp_loss":0,"event_name":"Lab","floor":3,"gold_loss":0},{"damage_healed":0,"gold_gain":0,"player_choice":"Upgraded","damage_taken":0,"max_hp_gain":0,"max_hp_loss":0,"event_name":"Upgrade Shrine","floor":19,"gold_loss":0,"cards_upgraded":["Adrenaline"]},{"damage_healed":0,"gold_gain":0,"player_choice":"Simplicity","damage_taken":0,"max_hp_gain":0,"max_hp_loss":0,"event_name":"Back to Basics","floor":21,"gold_loss":0,"cards_upgraded":["Defend_G","Defend_G","Defend_G","Defend_G","Defend_G","Strike_G","Strike_G","Strike_G","Strike_G","Strike_G"]}],"is_beta":false,"boss_relics":[{"not_picked":["Runic Pyramid","Empty Cage"],"picked":"Orrery"}],"items_purged_floors":[],"is_endless":false,"potions_floor_spawned":[2,12,16,18,27],"killed_by":"Champ","ascension_level":2}