{"gold_per_floor":[216,216,94,94,108,108,128,185,230,261,261,272,92,104,104,201,201,221,11,0,0],"floor_reached":21,"playtime":977,"items_purged":["Strike_B","Strike_B"],"score":221,"play_id":"b90c206a-3221-4139-af8a-156c696209d4","local_time":"20180902155321","is_ascension_mode":true,"campfire_choices":[{"data":"Chill","floor":6,"key":"SMITH"},{"data":"Defragment","floor":11,"key":"SMITH"},{"floor":15,"key":"REST"}],"neow_cost":"NONE","seed_source_timestamp":1020261145125665,"circlet_count":0,"master_deck":["Strike_B+1","Defend_B","Defend_B","Defend_B","Zap","Dualcast","Chill+1","Conserve Battery","Ball Lightning+1","Loop","Redo","Defragment+1","Conserve Battery","Self Repair","Cold Snap","Hello World","Core Surge"],"relics":["Cracked Core","Smiling Mask","Whetstone","Question Card","Busted Crown","MealTicket"],"potions_floor_usage":[21,21,21],"damage_taken":[{"damage":7,"enemies":"Small Slimes","floor":1,"turns":3},{"damage":5,"enemies":"Jaw Worm","floor":5,"turns":3},{"damage":0,"enemies":"2 Louse","floor":7,"turns":2},{"damage":24,"enemies":"Lagavulin Event","floor":8,"turns":6},{"damage":6,"enemies":"3 Sentries","floor":10,"turns":7},{"damage":0,"enemies":"Lots of Slimes","floor":12,"turns":4},{"damage":0,"enemies":"Gremlin Gang","floor":14,"turns":5},{"damage":27,"enemies":"Hexaghost","floor":16,"turns":9},{"damage":22,"enemies":"2 Thieves","floor":18,"turns":4},{"damage":14,"enemies":"Colosseum Slavers","floor":21,"turns":4},{"damage":58,"enemies":"Colosseum Nobs","floor":21,"turns":4}],"seed_played":"3752391564487934528","potions_obtained":[{"floor":1,"key":"GamblersBrew"},{"floor":8,"key":"GamblersBrew"},{"floor":12,"key":"Explosive Potion"},{"floor":16,"key":"Strength Potion"},{"floor":18,"key":"Regen Potion"}],"is_trial":false,"path_per_floor":["M","?","$","?","M","R","M","?","T","E","R","M","$","M","R","B",null,"M","$","?"],"character_chosen":"DEFECT","items_purchased":["Conserve Battery","Self Repair","Cold Snap","MealTicket"],"campfire_rested":1,"item_purchase_floors":[3,13,13,19],"current_hp_per_floor":[68,68,68,68,63,63,63,39,39,33,33,33,33,40,62,42,67,52,52,52,0],"gold":0,"neow_bonus":"HUNDRED_GOLD","is_prod":false,"is_daily":false,"chose_seed":false,"campfire_upgraded":2,"win_rate":0,"timestamp":1535900001,"path_taken":["M","?","$","?","M","R","M","?","T","E","R","M","?","M","R","BOSS","M","$","?","?"],"build_version":"2018-08-30","purchased_purges":2,"victory":false,"max_hp_per_floor":[75,75,75,75,75,75,75,75,75,75,75,75,75,75,75,75,75,75,75,75,75],"card_choices":[{"not_picked":["Hello World","Leap"],"picked":"Chill","floor":1},{"not_picked":["Streamline","Rebound","Stack"],"picked":"SKIP","floor":5},{"not_picked":["Steam","Darkness"],"picked":"Loop","floor":7},{"not_picked":["Steam","Coolheaded"],"picked":"Redo","floor":8},{"not_picked":["Coolheaded","Electrodynamics"],"picked":"Defragment","floor":10},{"not_picked":["Beam Cell","Cold Snap","Barrage"],"picked":"Conserve Battery","floor":12},{"not_picked":["Sweeping Beam","Tempest","Lockon"],"picked":"Hello World","floor":14},{"not_picked":["Hyperbeam","Amplify","Meteor Strike"],"picked":"Core Surge","floor":16},{"not_picked":["Stack","Beam Cell"],"picked":"SKIP","floor":18}],"player_experience":302352,"relics_obtained":[{"floor":8,"key":"Smiling Mask"},{"floor":9,"key":"Whetstone"},{"floor":10,"key":"Question Card"}],"event_choices":[{"event_name":"Living Wall","player_choice":"Forget","floor":2,"damage_taken":0},{"event_name":"Transmorgrifier","player_choice":"Transform","floor":4,"damage_taken":0},{"event_name":"Dead Adventurer","player_choice":"Searched \u00271\u0027 times","floor":8,"damage_taken":0},{"event_name":"Masked Bandits","player_choice":"Paid Fearfully","floor":20,"damage_taken":0},{"event_name":"Colosseum","player_choice":"Fight","floor":21,"damage_taken":0},{"event_name":"Colosseum","player_choice":"Fought Nobs","floor":21,"damage_taken":0}],"is_beta":false,"boss_relics":[{"not_picked":["Ectoplasm","Pandora\u0027s Box"],"picked":"Busted Crown"}],"items_purged_floors":[3,13],"is_endless":false,"potions_floor_spawned":[1,8,12,16,18,21],"killed_by":"Colosseum Nobs","ascension_level":5}