{"path_per_floor":["M","?","$","M","?","R","E","R","T","?","M","M","E","M","R","B",null,"M","?","?","M","M","R","M","E","T","M","M","M","?","E","R"],"character_chosen":"IRONCLAD","items_purchased":[],"gold_per_floor":[119,119,44,56,6,6,37,37,62,62,83,103,144,160,160,285,285,299,199,199,219,242,242,265,296,296,309,333,354,354,387,387,387],"floor_reached":33,"campfire_rested":4,"playtime":1189,"current_hp_per_floor":[74,67,67,72,72,72,42,66,66,46,52,54,30,21,46,37,84,62,62,62,34,38,65,37,22,22,21,26,31,31,34,62,0],"items_purged":["Defend_R"],"gold":387,"score":381,"play_id":"b9ea276a-6fa3-4434-bb54-1697b5ff1a23","local_time":"20180323181515","is_prod":false,"is_daily":false,"is_ascension_mode":true,"campfire_upgraded":1,"timestamp":1521843315,"path_taken":["M","?","$","M","?","R","E","R","T","?","M","M","E","M","R","BOSS","M","?","?","M","M","R","M","E","T","M","M","M","?","E","R","BOSS"],"build_version":"2018-03-22v2","purchased_purges":1,"victory":false,"master_deck":["Strike_R","Strike_R","Strike_R","Strike_R","Strike_R","Defend_R","Bash","Thunderclap+1","Dropkick","Cleave","Offering+1","J.A.X.","Flex","Flex","Flex+1","Rampage"],"max_hp_per_floor":[80,80,80,80,80,80,80,80,80,80,80,82,82,84,84,84,84,86,86,86,88,90,90,92,92,92,92,94,96,96,96,96,96],"relics":["Black Blood","Champion Belt","Singing Bowl","Golden Idol","Happy Flower","Vajra","Thread and Needle","Centennial Puzzle"],"card_choices":[{"not_picked":["Second Wind","Warcry"],"picked":"Thunderclap","floor":0},{"not_picked":["Carnage","Anger"],"picked":"Dropkick","floor":11},{"not_picked":["Wild Strike","Feed"],"picked":"Cleave","floor":13},{"not_picked":["Bludgeon","Demon Form"],"picked":"Offering","floor":16},{"not_picked":["Entrench","Dark Embrace"],"picked":"Flex","floor":25},{"not_picked":["Sword Boomerang","Anger"],"picked":"Flex","floor":27},{"not_picked":["Sever Soul","Feed"],"picked":"Rampage","floor":31}],"player_experience":186295,"potions_floor_usage":[14,16,22,24,31,31,33],"damage_taken":[{"damage":12,"enemies":"Jaw Worm","floor":1,"turns":3},{"damage":1,"enemies":"Cultist","floor":4,"turns":3},{"damage":36,"enemies":"Lagavulin","floor":7,"turns":6},{"damage":0,"enemies":"Small Slimes","floor":11,"turns":3},{"damage":6,"enemies":"2 Fungi Beasts","floor":12,"turns":2},{"damage":30,"enemies":"3 Sentries","floor":13,"turns":6},{"damage":17,"enemies":"Exordium Thugs","floor":14,"turns":3},{"damage":15,"enemies":"Slime Boss","floor":16,"turns":6},{"damage":34,"enemies":"Shell Parasite","floor":18,"turns":5},{"damage":40,"enemies":"Spheric Guardian","floor":21,"turns":4},{"damage":14,"enemies":"Centurion and Healer","floor":22,"turns":4},{"damage":46,"enemies":"Snake Plant","floor":24,"turns":4},{"damage":25,"enemies":"Gremlin Leader","floor":25,"turns":4},{"damage":11,"enemies":"Chosen and Byrds","floor":27,"turns":3},{"damage":7,"enemies":"Snecko","floor":28,"turns":3},{"damage":7,"enemies":"Cultist and Chosen","floor":29,"turns":2},{"damage":7,"enemies":"Book of Stabbing","floor":31,"turns":2},{"damage":76,"enemies":"Automaton","floor":33,"turns":6}],"event_choices":[{"event_name":"Golden Wing","player_choice":"Card Removal","floor":2,"damage_taken":0},{"event_name":"The Cleric","player_choice":"Card Removal","floor":5,"damage_taken":0},{"event_name":"Golden Idol","player_choice":"Take Damage","floor":10,"damage_taken":0},{"event_name":"Drug Dealer","player_choice":"Got JAXXED","floor":19,"damage_taken":0},{"event_name":"The Library","player_choice":"Read","floor":20,"damage_taken":0},{"event_name":"Upgrade Shrine","player_choice":"Upgraded","floor":30,"damage_taken":0}],"boss_relics":[{"not_picked":["Astrolabe","Velvet Choker"],"picked":"Black Blood"}],"potions_floor_spawned":[11,14,16,22,24,25,28,31],"seed_played":"2644560923490517768","killed_by":"Automaton","ascension_level":2,"is_trial":false}