{"gold_per_floor":[14,44,62,137,58,58,70,84,110,110,10,10,28,39,39,142,142,161,61,61,61,23,23,43,43,70,70,48,60,80,108,108,204,204,224,242,38,54,54,54,82,82,82,82,95,95,127,142,142,142],"floor_reached":51,"playtime":3538,"items_purged":["Regret","Parasite","Reflex+1"],"score":922,"play_id":"fa84363e-8806-4733-911d-52fb48c5a373","local_time":"20180906231543","is_ascension_mode":true,"campfire_choices":[{"data":"Neutralize","floor":6,"key":"SMITH"},{"data":"Footwork","floor":12,"key":"SMITH"},{"data":"Malaise","floor":15,"key":"SMITH"},{"data":"Glass Knife","floor":23,"key":"SMITH"},{"data":"Reflex","floor":25,"key":"SMITH"},{"floor":32,"key":"REST"},{"data":"Noxious Fumes","floor":40,"key":"SMITH"},{"data":"Well Laid Plans","floor":44,"key":"SMITH"},{"floor":46,"key":"REST"},{"data":"Cloak And Dagger","floor":49,"key":"SMITH"}],"neow_cost":"NO_GOLD","seed_source_timestamp":29559733425265,"circlet_count":0,"master_deck":["Defend_G+1","Defend_G+1","Defend_G+1","Defend_G+1","Defend_G+1","Strike_G+1","Strike_G+1","Strike_G+1","Strike_G+1","Survivor","Neutralize+1","Cloak And Dagger+1","Quick Slash","Footwork+1","Malaise+1","Escape Plan","Dodge and Roll","Glass Knife+1","Dash+1","PiercingWail","Well Laid Plans+1","Heel Hook","Noxious Fumes+1","Backflip+1","Writhe","Dodge and Roll+1"],"relics":["Ring of the Serpent","Ice Cream","Tiny Chest","Oddly Smooth Stone","Busted Crown","Nilry\u0027s Codex","Ancient Tea Set","Bag of Marbles","Bottled Tornado","Snake Skull","StoneCalendar","Dream Catcher"],"potions_floor_usage":[16,16,18,31,36,41,50],"damage_taken":[{"damage":1,"enemies":"Cultist","floor":1,"turns":4},{"damage":0,"enemies":"2 Louse","floor":3,"turns":3},{"damage":4,"enemies":"Small Slimes","floor":7,"turns":4},{"damage":6,"enemies":"Looter","floor":8,"turns":4},{"damage":3,"enemies":"3 Louse","floor":13,"turns":6},{"damage":2,"enemies":"Blue Slaver","floor":14,"turns":6},{"damage":7,"enemies":"The Guardian","floor":16,"turns":20},{"damage":4,"enemies":"Chosen","floor":18,"turns":8},{"damage":0,"enemies":"Spheric Guardian","floor":24,"turns":5},{"damage":0,"enemies":"Snake Plant","floor":29,"turns":5},{"damage":10,"enemies":"3 Cultists","floor":30,"turns":6},{"damage":1,"enemies":"Gremlin Leader","floor":31,"turns":9},{"damage":25,"enemies":"Collector","floor":33,"turns":17},{"damage":1,"enemies":"3 Shapes","floor":35,"turns":6},{"damage":7,"enemies":"3 Darklings","floor":36,"turns":8},{"damage":4,"enemies":"Maw","floor":38,"turns":10},{"damage":13,"enemies":"2 Orb Walkers","floor":41,"turns":5},{"damage":10,"enemies":"Spire Growth","floor":45,"turns":5},{"damage":1,"enemies":"Nemesis","floor":47,"turns":7},{"damage":0,"enemies":"Sphere and 2 Shapes","floor":48,"turns":6},{"damage":29,"enemies":"Donu and Deca","floor":50,"turns":9}],"seed_played":"-3619976974754089610","potions_obtained":[{"floor":3,"key":"Weak Potion"},{"floor":7,"key":"SkillPotion"},{"floor":14,"key":"PowerPotion"},{"floor":30,"key":"SteroidPotion"},{"floor":31,"key":"Swift Potion"},{"floor":36,"key":"Block Potion"},{"floor":41,"key":"Dexterity Potion"},{"floor":48,"key":"FearPotion"}],"is_trial":false,"path_per_floor":["M","?","M","?","$","R","M","M","T","?","$","R","M","M","R","B",null,"M","$","?","?","$","R","M","R","T","?","$","M","M","E","R","B",null,"M","M","$","M","T","R","E","?","T","R","M","R","E","M","R","B"],"character_chosen":"THE_SILENT","items_purchased":["Footwork","Dodge and Roll","Reflex","PiercingWail","Noxious Fumes"],"campfire_rested":2,"item_purchase_floors":[5,11,22,28,37],"current_hp_per_floor":[62,62,62,51,51,51,47,41,41,58,58,58,55,53,53,46,64,60,60,60,44,44,44,44,44,44,44,44,44,34,33,53,28,57,56,49,49,45,45,45,32,49,49,49,39,59,58,58,58,29],"gold":142,"neow_bonus":"ONE_RARE_RELIC","is_prod":false,"is_daily":false,"chose_seed":false,"campfire_upgraded":8,"win_rate":0,"timestamp":1536272143,"path_taken":["M","?","M","?","$","R","M","M","T","?","?","R","M","M","R","BOSS","M","$","?","?","?","R","M","R","T","?","$","M","?","E","R","BOSS","M","M","$","M","?","R","E","?","T","R","?","R","E","M","R","BOSS"],"build_version":"2018-08-30","purchased_purges":3,"victory":true,"max_hp_per_floor":[70,70,70,70,70,70,70,70,70,70,70,70,70,70,70,70,70,70,67,67,67,67,67,67,67,67,67,67,67,67,67,67,67,67,67,67,67,67,67,67,67,67,67,67,67,67,67,67,67,67],"card_choices":[{"not_picked":["Outmaneuver","Dagger Spray"],"picked":"Cloak And Dagger","floor":1},{"not_picked":["Underhanded Strike","Eviscerate"],"picked":"Quick Slash","floor":3},{"not_picked":["Prepared","Deflect"],"picked":"Malaise","floor":7},{"not_picked":["Bouncing Flask","Flying Knee"],"picked":"Escape Plan","floor":8},{"not_picked":["Dagger Spray","Slice","Deadly Poison"],"picked":"SKIP","floor":13},{"not_picked":["Bane","Underhanded Strike","Deflect"],"picked":"SKIP","floor":14},{"not_picked":["Malaise","Tools of the Trade"],"picked":"Glass Knife","floor":16},{"not_picked":[],"picked":"Dash+1","floor":18},{"not_picked":["Deadly Poison"],"picked":"SKIP","floor":24},{"not_picked":[],"picked":"Well Laid Plans","floor":29},{"not_picked":["Bane"],"picked":"SKIP","floor":30},{"not_picked":[],"picked":"Heel Hook","floor":31},{"not_picked":["Finisher+1"],"picked":"SKIP","floor":35},{"not_picked":["Dodge and Roll"],"picked":"SKIP","floor":36},{"not_picked":["Quick Slash"],"picked":"SKIP","floor":38},{"not_picked":[],"picked":"Backflip+1","floor":41},{"not_picked":["Dodge and Roll"],"picked":"SKIP","floor":45},{"not_picked":["Eviscerate+1"],"picked":"SKIP","floor":47},{"not_picked":[],"picked":"Dodge and Roll+1","floor":48}],"player_experience":334409,"relics_obtained":[{"floor":9,"key":"Oddly Smooth Stone"},{"floor":21,"key":"Nilry\u0027s Codex"},{"floor":26,"key":"Ancient Tea Set"},{"floor":31,"key":"Bag of Marbles"},{"floor":39,"key":"Bottled Tornado"},{"floor":41,"key":"Snake Skull"},{"floor":43,"key":"StoneCalendar"},{"floor":47,"key":"Dream Catcher"}],"event_choices":[{"event_name":"Big Fish","player_choice":"Box","floor":2,"damage_taken":0},{"event_name":"World of Goop","player_choice":"Gather Gold","floor":4,"damage_taken":0},{"event_name":"Mushrooms","player_choice":"Healed and dodged fight","floor":10,"damage_taken":0},{"event_name":"Purifier","player_choice":"One Purge","floor":20,"damage_taken":0},{"event_name":"Cursed Tome","player_choice":"Obtained Book","floor":21,"damage_taken":0},{"event_name":"Back to Basics","player_choice":"Simplicity","floor":27,"damage_taken":0},{"event_name":"Winding Halls","player_choice":"Writhe","floor":42,"damage_taken":0}],"is_beta":false,"boss_relics":[{"not_picked":["Pandora\u0027s Box","Philosopher\u0027s Stone"],"picked":"Busted Crown"},{"not_picked":["Orrery","Runic Dome"],"picked":"Ring of the Serpent"}],"items_purged_floors":[11,19,37],"is_endless":false,"potions_floor_spawned":[3,7,14,30,31,36,41,48],"ascension_level":6}