{"path_per_floor":["M","?","?","M","M","R","E","R","T","M","M","E","$","M","R","B",null,"M","$","?","M","M","R","E"],"character_chosen":"IRONCLAD","items_purchased":["Matryoshka"],"gold_per_floor":[119,119,119,136,155,155,185,185,185,205,221,247,172,184,184,282,282,292,33,33,29,40,40,74],"floor_reached":25,"campfire_rested":0,"playtime":1914,"current_hp_per_floor":[80,80,80,80,80,80,48,48,48,54,58,44,44,36,36,34,87,71,71,71,43,33,33,24],"items_purged":["Strike_R"],"gold":74,"score":258,"play_id":"51f02134-b9c4-4e93-8179-76d4dcfe8550","is_prod":false,"is_daily":false,"is_ascension_mode":false,"campfire_upgraded":4,"path_taken":["M","?","?","M","M","R","E","R","T","M","M","E","$","M","R","BOSS","M","$","?","M","M","R","E","M"],"build_version":"2018-02-12-PROD1","purchased_purges":1,"victory":false,"master_deck":["Strike_R","Strike_R","Strike_R","Strike_R","Defend_R","Defend_R","Defend_R","Defend_R","Bash","Exhume+1","Shockwave+1","Seeing Red+1","Warcry","Impervious","Body Slam+1","Disarm","Inflame","Limit Break","Headbutt","Armaments+1","Offering","Exhume"],"max_hp_per_floor":[80,80,80,80,80,80,87,87,87,87,87,87,87,87,87,87,87,87,87,87,87,87,87,87],"relics":["Burning Blood","Strawberry","Pen Nib","Omamori","Question Card","Matryoshka","The Courier"],"card_choices":[{"not_picked":["Flex","Second Wind"],"picked":"Shockwave"},{"not_picked":["Iron Wave","Body Slam"],"picked":"Seeing Red"},{"not_picked":["Pummel","Wild Strike"],"picked":"Warcry"},{"not_picked":["Bloodletting","Cleave"],"picked":"Impervious"},{"not_picked":["Twin Strike","Intimidate"],"picked":"Body Slam"},{"not_picked":["Feel No Pain","Rampage"],"picked":"Disarm"},{"not_picked":["Disarm","True Grit"],"picked":"Inflame"},{"not_picked":["Bludgeon","Brutality"],"picked":"Limit Break"},{"not_picked":["Thunderclap","Sword Boomerang","Perfected Strike"],"picked":"Headbutt"},{"not_picked":["Sword Boomerang","Anger","Pommel Strike"],"picked":"Armaments"},{"not_picked":["Spot Weakness","Heavy Blade","Flex"],"picked":"Offering"},{"not_picked":["Disarm","Blood for Blood","Armaments"],"picked":"Exhume"}],"player_experience":137991,"potions_floor_usage":[12,16,22,22],"damage_taken":[{"damage":0,"enemies":"2 Louse","floor":1,"turns":3},{"damage":1,"enemies":"Cultist","floor":4,"turns":4},{"damage":4,"enemies":"Blue Slaver","floor":5,"turns":6},{"damage":45,"enemies":"Lagavulin","floor":7,"turns":10},{"damage":0,"enemies":"Large Slime","floor":10,"turns":7},{"damage":2,"enemies":"3 Louse","floor":11,"turns":3},{"damage":32,"enemies":"Gremlin Nob","floor":12,"turns":5},{"damage":14,"enemies":"Exordium Thugs","floor":14,"turns":6},{"damage":8,"enemies":"Hexaghost","floor":16,"turns":7},{"damage":22,"enemies":"3 Byrds","floor":18,"turns":7},{"damage":34,"enemies":"2 Thieves","floor":21,"turns":5},{"damage":16,"enemies":"Cultist and Chosen","floor":22,"turns":8},{"damage":15,"enemies":"Book of Stabbing","floor":24,"turns":2},{"damage":27,"enemies":"3 Cultists","floor":25,"turns":4}],"event_choices":[{"event_name":"Living Wall","player_choice":"Grow","floor":2,"damage_taken":0},{"event_name":"Liars Game","player_choice":"disagreed","floor":3,"damage_taken":0},{"event_name":"Addict","player_choice":"Ignored","floor":20,"damage_taken":0}],"boss_relics":[{"not_picked":["White Beast Statue","Runic Pyramid"],"picked":"Question Card"}],"potions_floor_spawned":[5,7,10,11,21,24],"seed_played":"-5914920684545210141","killed_by":"3 Cultists","ascension_level":0,"is_trial":false}