{"path_per_floor":["M","$","$","M","M","R","M","R","T","?","R","M","?","M","R","B",null,"M","M","?","?","?","E","M","$","T","?","M","R","E","M","R"],"character_chosen":"IRONCLAD","items_purchased":["Iron Wave","Shrug It Off","Magic Flower"],"gold_per_floor":[112,14,14,25,37,37,54,54,354,354,354,369,369,388,388,492,492,505,524,524,524,524,554,564,148,148,73,89,89,117,137,137],"floor_reached":33,"campfire_rested":0,"playtime":2306,"current_hp_per_floor":[75,75,75,77,80,80,74,74,74,67,67,66,66,69,69,15,80,51,49,49,49,49,33,33,33,33,33,32,32,31,25,25],"items_purged":["Strike_R","Regret"],"gold":137,"score":303,"play_id":"f0f46838-9e13-4961-a3c4-c61b991262e0","is_prod":false,"is_daily":false,"is_ascension_mode":false,"campfire_upgraded":6,"path_taken":["M","?","$","M","M","R","?","R","T","?","R","M","?","?","R","BOSS","M","M","?","?","?","E","M","$","T","?","?","R","E","M","R","BOSS"],"build_version":"2018-02-08-PROD1","purchased_purges":2,"victory":false,"master_deck":["Defend_R+1","Defend_R+1","Defend_R","Defend_R","Bash+1","Clothesline+1","Iron Wave+1","Perfected Strike","Shockwave+1","Cleave","Berserk+1","Spot Weakness+1","Metallicize+1","Bite","Bite","Bite","Bite","Bite","Evolve","Inflame","Shrug It Off","Iron Wave","Heavy Blade","Warcry"],"max_hp_per_floor":[80,80,80,80,80,80,80,80,80,80,80,80,80,80,80,80,80,80,80,80,80,56,56,56,56,56,56,56,56,56,56,56],"relics":["Burning Blood","Old Coin","Regal Pillow","Black Star","War Paint","Champion Belt","Red Skull","Magic Flower","Gambling Chip","Mummified Hand","Bottled Tornado"],"card_choices":[{"not_picked":["Sword Boomerang","Cleave"],"picked":"Clothesline"},{"not_picked":["Havoc","Clash"],"picked":"Perfected Strike"},{"not_picked":["Armaments","Thunderclap"],"picked":"Shockwave"},{"not_picked":["Anger","Heavy Blade"],"picked":"Cleave"},{"not_picked":["Bludgeon","Exhume"],"picked":"Berserk"},{"not_picked":["Pommel Strike","Anger"],"picked":"Spot Weakness"},{"not_picked":["Clash","Bloodletting"],"picked":"Evolve"},{"not_picked":["Heavy Blade","Wild Strike"],"picked":"Inflame"},{"not_picked":["Headbutt","Rupture"],"picked":"Iron Wave"},{"not_picked":["Infernal Blade","Disarm"],"picked":"Heavy Blade"},{"not_picked":["Havoc","Heavy Blade"],"picked":"Warcry"}],"player_experience":106772,"potions_floor_usage":[16,23,23,33,33,33],"damage_taken":[{"damage":11,"enemies":"Blue Slaver","floor":1,"turns":4},{"damage":4,"enemies":"Small Slimes","floor":4,"turns":3},{"damage":0,"enemies":"2 Louse","floor":5,"turns":3},{"damage":12,"enemies":"Exordium Thugs","floor":7,"turns":5},{"damage":7,"enemies":"3 Louse","floor":12,"turns":3},{"damage":3,"enemies":"Exordium Wildlife","floor":14,"turns":4},{"damage":60,"enemies":"The Guardian","floor":16,"turns":13},{"damage":35,"enemies":"Chosen","floor":18,"turns":6},{"damage":8,"enemies":"3 Byrds","floor":19,"turns":8},{"damage":34,"enemies":"Slavers","floor":23,"turns":7},{"damage":22,"enemies":"Cultist and Chosen","floor":24,"turns":8},{"damage":34,"enemies":"Slaver and Parasite","floor":28,"turns":8},{"damage":19,"enemies":"Book of Stabbing","floor":30,"turns":7},{"damage":30,"enemies":"Sentry and Sphere","floor":31,"turns":6},{"damage":45,"enemies":"Automaton","floor":33,"turns":6}],"event_choices":[{"event_name":"Golden Wing","player_choice":"Card Removal","floor":10,"damage_taken":0},{"event_name":"Big Fish","player_choice":"Box","floor":13,"damage_taken":0},{"event_name":"The Library","player_choice":"Read","floor":20,"damage_taken":0},{"event_name":"The Mausoleum","player_choice":"Yes","floor":21,"damage_taken":0},{"event_name":"Vampires","player_choice":"Became a vampire","floor":22,"damage_taken":0},{"event_name":"Beggar","player_choice":"Gave Gold","floor":27,"damage_taken":0}],"boss_relics":[{"not_picked":["White Beast Statue","Calling Bell"],"picked":"Black Star"}],"potions_floor_spawned":[14,16,18,19,24,28],"seed_played":"-5214980926647272020","killed_by":"Automaton","ascension_level":0,"is_trial":false}