{"gold_per_floor":[118,138,61,75,95,129,129,147,227,227,254,254,287,287,287,392,392,405,405,419,431,449,449,476,476,476,492,51,51,51,51,51,150,150,162,162,178,195,208,208,227,238,238,238,238,252,271,282,282,282],"floor_reached":50,"playtime":6036,"items_purged":["Defend_B"],"score":588,"play_id":"6176a95d-41f4-4a86-bbea-5fc13b81cbbe","local_time":"20181223180016","is_ascension_mode":false,"campfire_choices":[{"data":"Consume","floor":7,"key":"SMITH"},{"data":"Zap","floor":10,"key":"SMITH"},{"data":"Capacitor","floor":15,"key":"SMITH"},{"data":"Conserve Battery","floor":23,"key":"SMITH"},{"floor":25,"key":"REST"},{"data":"Lockon","floor":30,"key":"SMITH"},{"data":"Dualcast","floor":32,"key":"SMITH"},{"data":"Amplify","floor":40,"key":"SMITH"},{"data":"Hologram","floor":45,"key":"SMITH"},{"data":"Hologram","floor":49,"key":"SMITH"}],"neow_cost":"NONE","seed_source_timestamp":12324026242516,"circlet_count":0,"master_deck":["Defend_B","Defend_B+1","Defend_B","Zap+1","Dualcast+1","Auto Shields","Consume+1","Compile Driver","Conserve Battery+1","Capacitor+1","Coolheaded","Go for the Eyes","Beam Cell","Stack+1","Hologram+1","Parasite","Thunder Strike","Lockon+1","Rip and Tear+1","Undo+1","Lockon+1","Steam+1","Sweeping Beam","Compile Driver","Rebound+1","Hologram+1","Barrage+1","Mind Blast+1","Zap+1","Amplify+1","Trip","Reprogram","Leap+1","Rebound+1","Redo+1","Compile Driver+1","Scrape+1","Stack+1"],"relics":["Cracked Core","Blood Vial","Thread and Needle","Shuriken","Du-Vu Doll","Bag of Marbles","Astrolabe","War Paint","Molten Egg 2","DollysMirror","Busted Crown","Pear"],"potions_floor_usage":[11,13,13,21,21,22,24,33,37,41,47,50,50],"damage_taken":[{"damage":7,"enemies":"Small Slimes","floor":1,"turns":3},{"damage":0,"enemies":"Jaw Worm","floor":2,"turns":2},{"damage":0,"enemies":"2 Louse","floor":4,"turns":2},{"damage":7,"enemies":"Exordium Thugs","floor":5,"turns":4},{"damage":27,"enemies":"Lagavulin","floor":6,"turns":6},{"damage":6,"enemies":"2 Fungi Beasts","floor":8,"turns":4},{"damage":15,"enemies":"Gremlin Nob","floor":11,"turns":4},{"damage":0,"enemies":"Lagavulin","floor":13,"turns":4},{"damage":0,"enemies":"The Guardian","floor":16,"turns":11},{"damage":0,"enemies":"Spheric Guardian","floor":18,"turns":6},{"damage":0,"enemies":"Chosen","floor":20,"turns":4},{"damage":8,"enemies":"Snecko","floor":21,"turns":6},{"damage":21,"enemies":"Chosen and Byrds","floor":22,"turns":6},{"damage":18,"enemies":"Book of Stabbing","floor":24,"turns":7},{"damage":0,"enemies":"Cultist and Chosen","floor":27,"turns":6},{"damage":47,"enemies":"Automaton","floor":33,"turns":12},{"damage":0,"enemies":"3 Shapes","floor":35,"turns":3},{"damage":3,"enemies":"3 Darklings","floor":37,"turns":7},{"damage":0,"enemies":"Spire Growth","floor":38,"turns":4},{"damage":42,"enemies":"Writhing Mass","floor":39,"turns":4},{"damage":18,"enemies":"3 Darklings","floor":41,"turns":4},{"damage":16,"enemies":"Maw","floor":42,"turns":8},{"damage":5,"enemies":"Sphere and 2 Shapes","floor":46,"turns":5},{"damage":0,"enemies":"3 Darklings","floor":47,"turns":4},{"damage":12,"enemies":"Spire Growth","floor":48,"turns":2},{"damage":76,"enemies":"Donu and Deca","floor":50,"turns":11}],"seed_played":"2145006540039921338","potions_obtained":[{"floor":1,"key":"PowerPotion"},{"floor":2,"key":"PowerPotion"},{"floor":4,"key":"Poison Potion"},{"floor":16,"key":"EntropicBrew"},{"floor":22,"key":"SpeedPotion"},{"floor":27,"key":"SteroidPotion"},{"floor":33,"key":"SteroidPotion"},{"floor":35,"key":"Weak Potion"},{"floor":39,"key":"LiquidBronze"},{"floor":42,"key":"EssenceOfSteel"},{"floor":47,"key":"SkillPotion"}],"is_trial":false,"path_per_floor":["M","M","$","M","M","E","R","M","T","R","E","?","E","?","R","B",null,"M","?","M","M","M","R","E","R","T","M","$","?","R","?","R","B",null,"M","?","M","M","M","R","M","M","T","?","R","M","M","M","R","B"],"character_chosen":"DEFECT","items_purchased":["Compile Driver","Conserve Battery","Hologram","Barrage+1","Mind Blast+1","DollysMirror"],"campfire_rested":1,"item_purchase_floors":[3,3,28,28,28,28],"current_hp_per_floor":[68,70,70,72,67,42,42,38,38,38,25,18,20,38,38,40,75,75,61,63,57,38,38,22,46,46,48,48,48,48,48,48,3,80,80,80,77,79,38,38,22,8,18,79,79,74,76,66,66,0],"gold":282,"neow_bonus":"RANDOM_COMMON_RELIC","is_prod":false,"is_daily":false,"chose_seed":false,"campfire_upgraded":9,"win_rate":0,"timestamp":1545584416,"path_taken":["M","M","$","M","M","E","R","M","T","R","E","?","E","?","R","BOSS","M","?","M","M","M","R","E","R","T","M","$","?","R","?","R","BOSS","M","?","M","M","M","R","M","M","T","?","R","M","M","M","R","BOSS"],"build_version":"2018-12-20","purchased_purges":1,"victory":false,"max_hp_per_floor":[75,75,75,75,75,75,75,75,75,75,75,75,75,75,75,75,75,75,80,80,80,80,80,80,80,80,80,80,80,80,80,80,80,80,80,80,80,80,80,80,80,80,90,79,79,79,79,79,79,79],"card_choices":[{"not_picked":["Steam","Heatsinks"],"picked":"Auto Shields","floor":1},{"not_picked":["Compile Driver","Sweeping Beam"],"picked":"Consume","floor":2},{"not_picked":["Aggregate","Rip and Tear"],"picked":"Capacitor","floor":4},{"not_picked":["Gash","Force Field"],"picked":"Coolheaded","floor":5},{"not_picked":["Cold Snap","Coolheaded"],"picked":"Go for the Eyes","floor":6},{"not_picked":["Machine Learning","Heatsinks"],"picked":"Beam Cell","floor":8},{"not_picked":["Biased Cognition","Electrodynamics"],"picked":"Stack","floor":11},{"not_picked":["Ball Lightning","Biased Cognition"],"picked":"Hologram","floor":13},{"not_picked":["Meteor Strike","Biased Cognition"],"picked":"Thunder Strike","floor":16},{"not_picked":["Turbo","Rebound"],"picked":"Lockon","floor":18},{"not_picked":["Gash","Streamline","Turbo"],"picked":"SKIP","floor":20},{"not_picked":["Go for the Eyes","Chill"],"picked":"Steam+1","floor":21},{"not_picked":["Leap","Rip and Tear"],"picked":"Sweeping Beam","floor":22},{"not_picked":["Turbo","Darkness"],"picked":"Compile Driver","floor":24},{"not_picked":["Sweeping Beam+1","Redo"],"picked":"Rebound+1","floor":27},{"not_picked":["Reboot","Thunder Strike+1"],"picked":"Amplify","floor":33},{"not_picked":["Doom and Gloom+1"],"picked":"SKIP","floor":35},{"not_picked":[],"picked":"Trip","floor":36},{"not_picked":[],"picked":"Reprogram","floor":37},{"not_picked":[],"picked":"Leap+1","floor":38},{"not_picked":[],"picked":"Rebound+1","floor":39},{"not_picked":[],"picked":"Redo+1","floor":41},{"not_picked":[],"picked":"Compile Driver+1","floor":42},{"not_picked":[],"picked":"Scrape+1","floor":46},{"not_picked":["Chaos"],"picked":"SKIP","floor":47},{"not_picked":[],"picked":"Stack+1","floor":48}],"player_experience":49064,"relics_obtained":[{"floor":6,"key":"Thread and Needle"},{"floor":9,"key":"Shuriken"},{"floor":11,"key":"Du-Vu Doll"},{"floor":13,"key":"Bag of Marbles"},{"floor":24,"key":"War Paint"},{"floor":26,"key":"Molten Egg 2"},{"floor":43,"key":"Pear"}],"event_choices":[{"cards_removed":["Strike_B"],"damage_healed":0,"gold_gain":0,"player_choice":"Card Removal","damage_taken":7,"max_hp_gain":0,"max_hp_loss":0,"event_name":"Golden Wing","floor":12,"gold_loss":0},{"damage_healed":18,"gold_gain":0,"player_choice":"Healed and dodged fight","damage_taken":0,"max_hp_gain":0,"max_hp_loss":0,"event_name":"Mushrooms","floor":14,"gold_loss":0,"cards_obtained":["Parasite"]},{"damage_healed":0,"gold_gain":0,"player_choice":"Shed Blood","damage_taken":19,"max_hp_gain":5,"max_hp_loss":0,"event_name":"Forgotten Altar","floor":19,"gold_loss":0},{"damage_healed":0,"gold_gain":0,"player_choice":"Ignored","damage_taken":0,"max_hp_gain":0,"max_hp_loss":0,"event_name":"Vampires","floor":29,"gold_loss":0},{"damage_healed":0,"gold_gain":0,"player_choice":"Ignored","damage_taken":0,"max_hp_gain":0,"max_hp_loss":0,"event_name":"Ghosts","floor":31,"gold_loss":0},{"damage_healed":0,"gold_gain":0,"player_choice":"Memory 1","damage_taken":0,"max_hp_gain":0,"max_hp_loss":0,"event_name":"SensoryStone","floor":36,"gold_loss":0},{"damage_healed":79,"gold_gain":0,"player_choice":"Heal","damage_taken":0,"max_hp_gain":0,"max_hp_loss":11,"event_name":"The Moai Head","floor":44,"gold_loss":0}],"is_beta":false,"boss_relics":[{"not_picked":["Coffee Dripper","White Beast Statue"],"picked":"Astrolabe"},{"not_picked":["Snecko Eye","FrozenCore"],"picked":"Busted Crown"}],"items_purged_floors":[28],"is_endless":false,"potions_floor_spawned":[1,2,4,8,11,16,22,27,33,35,39,42,47],"killed_by":"Donu and Deca","ascension_level":0}