{"gold_per_floor":[113,125,135,135,153,153,78,78,78,78,78,97,125,138,138,237,237,252,177,189,205,217,26,61,61,107,142,157,192,192,210,210,310,310,324,324,324,373,384,414,414,414],"floor_reached":42,"playtime":1446,"items_purged":["Strike_B"],"score":543,"play_id":"76458dd4-9fe6-4bc2-b5e4-ccc8bd00dbb6","local_time":"20180625191231","is_ascension_mode":false,"campfire_choices":[{"floor":6,"key":"REST"},{"data":"Electrodynamics","floor":8,"key":"SMITH"},{"data":"Hello World","floor":11,"key":"SMITH"},{"data":"Tempest","floor":15,"key":"SMITH"},{"data":"Biased Cognition","floor":25,"key":"SMITH"},{"floor":30,"key":"REST"},{"data":"Loop","floor":32,"key":"SMITH"}],"neow_cost":"FIFTY_PERCENT_DAMAGE","seed_source_timestamp":291152844853881,"circlet_count":0,"master_deck":["Strike_B","Strike_B+1","Defend_B","Defend_B","Defend_B","Defend_B","Zap","Dualcast","Electrodynamics+1","Chill","Go for the Eyes+1","Steam","FTL","Hello World+1","Loop+1","Tempest+1","Amplify","Storm+1","FTL+1","Master of Strategy","Biased Cognition+1","Fission+1","White Noise+1","Self Repair","White Noise","Madness","Madness"],"relics":["Cracked Core","Mango","Runic Dome","Red Mask","Boot","Strawberry","Lantern","Coffee Dripper","Happy Flower","Thread and Needle"],"potions_floor_usage":[13,33],"damage_taken":[{"damage":6,"enemies":"Jaw Worm","floor":1,"turns":2},{"damage":0,"enemies":"2 Louse","floor":2,"turns":2},{"damage":4,"enemies":"Cultist","floor":3,"turns":3},{"damage":1,"enemies":"2 Fungi Beasts","floor":5,"turns":2},{"damage":13,"enemies":"Red Slaver","floor":12,"turns":2},{"damage":4,"enemies":"3 Sentries","floor":13,"turns":4},{"damage":0,"enemies":"Lots of Slimes","floor":14,"turns":1},{"damage":0,"enemies":"Slime Boss","floor":16,"turns":6},{"damage":0,"enemies":"3 Byrds","floor":18,"turns":2},{"damage":0,"enemies":"Spheric Guardian","floor":20,"turns":2},{"damage":0,"enemies":"3 Cultists","floor":21,"turns":2},{"damage":0,"enemies":"Chosen and Byrds","floor":22,"turns":4},{"damage":19,"floor":24,"turns":4},{"damage":19,"enemies":"Slavers","floor":27,"turns":2},{"damage":2,"enemies":"Cultist and Chosen","floor":28,"turns":2},{"damage":8,"enemies":"Book of Stabbing","floor":29,"turns":2},{"damage":15,"enemies":"Snecko","floor":31,"turns":4},{"damage":40,"enemies":"Automaton","floor":33,"turns":8},{"damage":27,"enemies":"3 Darklings","floor":35,"turns":3},{"damage":0,"enemies":"3 Shapes","floor":39,"turns":1},{"damage":62,"enemies":"Nemesis","floor":40,"turns":5},{"damage":14,"enemies":"Maw","floor":42,"turns":4}],"seed_played":"7780344184767294499","potions_obtained":[{"floor":3,"key":"LiquidBronze"},{"floor":5,"key":"Poison Potion"},{"floor":12,"key":"SkillPotion"},{"floor":13,"key":"Weak Potion"},{"floor":20,"key":"Energy Potion"},{"floor":33,"key":"Ancient Potion"}],"is_trial":false,"path_per_floor":["M","M","M","?","M","R","$","R","T","?","R","M","E","M","R","B",null,"M","?","M","M","M","$","?","R","T","E","M","E","R","M","R","B",null,"M","?","?","T","M","E","?"],"character_chosen":"DEFECT","items_purchased":["Master of Strategy"],"campfire_rested":2,"item_purchase_floors":[23],"current_hp_per_floor":[32,32,28,13,12,34,34,34,34,34,34,21,31,31,31,31,89,89,89,89,89,89,89,70,70,70,58,56,48,76,61,61,21,96,69,69,69,69,69,21,9,0],"gold":414,"neow_bonus":"THREE_RARE_CARDS","is_prod":false,"is_daily":false,"chose_seed":false,"campfire_upgraded":5,"win_rate":0,"timestamp":1529964751,"path_taken":["M","M","M","?","?","R","$","R","T","?","R","?","E","M","R","BOSS","M","?","?","?","M","$","?","R","T","E","M","E","R","M","R","BOSS","M","?","?","?","M","E","?","?"],"build_version":"2018-06-21v2","purchased_purges":1,"victory":false,"max_hp_per_floor":[75,75,75,75,75,75,75,75,75,75,75,75,89,89,89,89,89,89,89,89,89,89,89,89,89,89,96,96,96,96,96,96,96,96,96,96,96,96,96,96,96,96],"card_choices":[{"not_picked":["Amplify","Multi-Cast"],"picked":"Electrodynamics","floor":0},{"not_picked":["Stack","Ball Lightning"],"picked":"Chill","floor":1},{"not_picked":["Auto Shields","Sweeping Beam"],"picked":"Go for the Eyes","floor":2},{"not_picked":["Lockon","Chill"],"picked":"Steam","floor":3},{"not_picked":["Hello World","Scrape"],"picked":"FTL","floor":5},{"not_picked":["Compile Driver","Hologram"],"picked":"Loop","floor":12},{"not_picked":["BootSequence","Hyperbeam"],"picked":"Tempest","floor":13},{"not_picked":["Lockon","Barrage","Compile Driver"],"picked":"SKIP","floor":14},{"not_picked":["Multi-Cast","All For One"],"picked":"Amplify","floor":16},{"not_picked":["Glacier","Streamline","Rip and Tear+1"],"picked":"SKIP","floor":18},{"not_picked":["Ball Lightning","Coolheaded"],"picked":"Storm+1","floor":20},{"not_picked":["Glacier","Barrage"],"picked":"FTL+1","floor":21},{"not_picked":["Streamline","Coolheaded","Auto Shields"],"picked":"SKIP","floor":22},{"not_picked":["Undo","Beam Cell"],"picked":"Biased Cognition","floor":24},{"not_picked":["Chaos","Rip and Tear+1","Hologram"],"picked":"SKIP","floor":27},{"not_picked":["Rebound","Hologram","Chaos"],"picked":"SKIP","floor":28},{"not_picked":["Heatsinks","Hologram","Cold Snap+1"],"picked":"SKIP","floor":29},{"not_picked":["Echo Form","Go for the Eyes+1","Stack"],"picked":"SKIP","floor":31},{"not_picked":["Echo Form","All For One"],"picked":"Fission","floor":33},{"not_picked":["Steam+1","Coolheaded"],"picked":"White Noise+1","floor":35},{"not_picked":["Compile Driver+1","Streamline"],"picked":"Self Repair","floor":39},{"not_picked":["Scrape+1","Compile Driver"],"picked":"White Noise","floor":40}],"player_experience":154165,"relics_obtained":[{"floor":13,"key":"Mango"},{"floor":24,"key":"Red Mask"},{"floor":26,"key":"Boot"},{"floor":27,"key":"Strawberry"},{"floor":29,"key":"Lantern"},{"floor":38,"key":"Happy Flower"},{"floor":40,"key":"Thread and Needle"}],"event_choices":[{"event_name":"Shining Light","player_choice":"Entered Light","floor":4,"damage_taken":0},{"event_name":"Match and Keep!","player_choice":"1 cards matched","floor":10,"damage_taken":0},{"event_name":"Beggar","player_choice":"Gave Gold","floor":19,"damage_taken":0},{"event_name":"Masked Bandits","player_choice":"Fought over 26 gold","floor":24,"damage_taken":0},{"event_name":"SecretPortal","player_choice":"Rejected Portal.","floor":36,"damage_taken":0},{"event_name":"Upgrade Shrine","player_choice":"Upgraded","floor":37,"damage_taken":0},{"event_name":"Winding Halls","player_choice":"Embrace Madness","floor":41,"damage_taken":0}],"boss_relics":[{"not_picked":["Snecko Eye","Calling Bell"],"picked":"Runic Dome"},{"not_picked":["Lizard Tail","Astrolabe"],"picked":"Coffee Dripper"}],"items_purged_floors":[7],"is_endless":false,"potions_floor_spawned":[3,5,12,13,20,24,29,33,40],"killed_by":"Maw","ascension_level":0}