{"gold_per_floor":[114,6,81,81,101,129,129,55,80,80,113,113,126,157,157,234,234,244,255,0,0,17,17],"floor_reached":23,"playtime":1077,"items_purged":["Strike_G"],"score":464,"play_id":"c2a3b21a-f72d-40ad-8bcf-a51efaf73382","local_time":"20190327233020","is_ascension_mode":true,"campfire_choices":[{"data":"Neutralize","floor":7,"key":"SMITH"},{"data":"Predator","floor":10,"key":"SMITH"},{"data":"Caltrops","floor":12,"key":"SMITH"},{"data":"Footwork","floor":15,"key":"SMITH"}],"neow_cost":"NONE","seed_source_timestamp":270776867601838,"circlet_count":0,"master_deck":["AscendersBane","Defend_G","Defend_G","Defend_G","Defend_G","Defend_G","Strike_G","Strike_G","Survivor","Neutralize+1","Predator+1","Footwork+1","Slice","Flying Knee","PiercingWail","Footwork+1","Caltrops+1","Cloak And Dagger+1","Unload","Adrenaline+1","Dodge and Roll+1","All Out Attack","Sucker Punch","Blade Dance+1","Flash of Steel","Accuracy"],"relics":["Ring of the Snake","NeowsBlessing","Blue Candle","Blood Vial","Toxic Egg 2","Gremlin Horn","Empty Cage","Sundial"],"potions_floor_usage":[11,11,19,23],"damage_taken":[{"damage":0,"enemies":"Small Slimes","floor":1,"turns":1},{"damage":0,"enemies":"2 Louse","floor":5,"turns":1},{"damage":0,"enemies":"Lagavulin","floor":6,"turns":1},{"damage":8,"enemies":"Gremlin Nob","floor":11,"turns":3},{"damage":0,"enemies":"Cultist","floor":13,"turns":3},{"damage":14,"enemies":"Lagavulin","floor":14,"turns":9},{"damage":28,"enemies":"Hexaghost","floor":16,"turns":10},{"damage":2,"enemies":"Chosen","floor":18,"turns":5},{"damage":4,"enemies":"3 Byrds","floor":19,"turns":2},{"damage":10,"enemies":"Snake Plant","floor":22,"turns":4},{"damage":47,"enemies":"Book of Stabbing","floor":23,"turns":5}],"seed_played":"8339431848572646294","potions_obtained":[{"floor":1,"key":"SteroidPotion"},{"floor":6,"key":"Ancient Potion"},{"floor":14,"key":"SpeedPotion"},{"floor":16,"key":"Dexterity Potion"},{"floor":18,"key":"LiquidBronze"},{"floor":19,"key":"AttackPotion"}],"is_trial":false,"path_per_floor":["M","$","?","?","M","E","R","$","T","R","E","R","M","E","R","B",null,"M","M","$","?","M","E"],"character_chosen":"THE_SILENT","items_purchased":["Footwork","Slice","Footwork","Sucker Punch","Blade Dance+1","Flash of Steel"],"campfire_rested":0,"item_purchase_floors":[2,2,8,20,20,20],"current_hp_per_floor":[59,59,48,48,48,48,48,48,48,48,42,42,44,32,32,6,51,51,49,49,49,41,0],"gold":17,"neow_bonus":"THREE_ENEMY_KILL","is_prod":false,"is_daily":false,"chose_seed":false,"campfire_upgraded":4,"win_rate":0,"timestamp":1553722220,"path_taken":["M","$","?","?","M","E","R","$","T","R","E","R","M","E","R","BOSS","M","M","$","?","M","E"],"build_version":"2019-01-23","purchased_purges":1,"victory":false,"max_hp_per_floor":[66,66,66,66,66,66,66,66,66,66,66,66,66,66,66,66,66,66,66,66,66,66,66],"card_choices":[{"not_picked":["Acrobatics","Dagger Throw"],"picked":"Predator","floor":1},{"not_picked":["Deflect","Reflex"],"picked":"Flying Knee","floor":5},{"not_picked":["Deadly Poison","Underhanded Strike"],"picked":"PiercingWail","floor":6},{"not_picked":["Predator","Concentrate"],"picked":"Caltrops","floor":11},{"not_picked":["Flechettes","Slice"],"picked":"Cloak And Dagger+1","floor":13},{"not_picked":["Quick Slash","Poisoned Stab"],"picked":"Unload","floor":14},{"not_picked":["Phantasmal Killer+1","Storm of Steel+1"],"picked":"Adrenaline+1","floor":16},{"not_picked":["PiercingWail+1","Dagger Throw"],"picked":"Dodge and Roll+1","floor":18},{"not_picked":["Cloak And Dagger+1","Backflip+1"],"picked":"All Out Attack","floor":19},{"not_picked":["All Out Attack","Setup+1"],"picked":"Accuracy","floor":22}],"player_experience":1617210,"relics_obtained":[{"floor":6,"key":"Blue Candle"},{"floor":9,"key":"Blood Vial"},{"floor":11,"key":"Toxic Egg 2"},{"floor":14,"key":"Gremlin Horn"}],"event_choices":[{"damage_healed":0,"gold_gain":75,"player_choice":"Gather Gold","damage_taken":11,"max_hp_gain":0,"max_hp_loss":0,"event_name":"World of Goop","floor":3,"gold_loss":0},{"damage_healed":0,"gold_gain":0,"player_choice":"Grow","damage_taken":0,"max_hp_gain":0,"max_hp_loss":0,"event_name":"Living Wall","floor":4,"gold_loss":0,"cards_upgraded":["Footwork"]},{"damage_healed":0,"gold_gain":0,"player_choice":"Gave Potion","damage_taken":0,"relics_obtained":["Sundial"],"max_hp_gain":0,"max_hp_loss":0,"event_name":"WeMeetAgain","floor":21,"gold_loss":0}],"is_beta":false,"boss_relics":[{"not_picked":["HoveringKite","Pandora\u0027s Box"],"picked":"Empty Cage"}],"items_purged_floors":[20],"is_endless":false,"potions_floor_spawned":[1,6,14,16,18,19],"killed_by":"Book of Stabbing","ascension_level":20}