{"gold_per_floor":[111,128,140,315,392,392,407,407,407,407,422,135,135,148,148,248,248,263,538,221,232,251,350,350,367,367,367,28,28,39,51,51,149,149,165,185,185,285,295,295,305,11,11,11,27,44,44,59,59,59],"floor_reached":51,"playtime":1584,"items_purged":["Doubt","Regret","Strike_R","Strike_R"],"score":718,"play_id":"ad726b7d-8938-4be2-936e-0ae027e72ebe","local_time":"20190329155039","is_ascension_mode":false,"campfire_choices":[{"data":"Corruption","floor":6.0,"key":"SMITH"},{"data":"Bash","floor":8.0,"key":"SMITH"},{"data":"Sever Soul","floor":10.0,"key":"SMITH"},{"data":"Immolate","floor":13.0,"key":"SMITH"},{"data":"Feel No Pain","floor":15.0,"key":"SMITH"},{"data":"Armaments","floor":27.0,"key":"SMITH"},{"data":"Demon Form","floor":29.0,"key":"SMITH"},{"floor":32.0,"key":"REST"},{"data":"Discovery","floor":40,"key":"SMITH"},{"floor":49,"key":"REST"}],"neow_cost":"TEN_PERCENT_HP_LOSS","seed_source_timestamp":272733566402,"circlet_count":0,"master_deck":["Strike_R","Strike_R","Strike_R","Defend_R","Defend_R","Defend_R","Defend_R","Bash+1","Sword Boomerang","Sever Soul+1","Corruption+1","Limit Break","Immolate+1","Feel No Pain+1","Battle Trance","Demon Form+1","Spot Weakness","Armaments+1","Shrug It Off","Shrug It Off+1","Evolve","Sentinel","Havoc","Discovery+1","Infernal Blade","Disarm+1","Havoc+1","Sentinel+1","Shockwave","Battle Trance","Dark Embrace"],"special_seed":0,"relics":["Burning Blood","Dead Branch","Kunai","Philosopher\u0027s Stone","Bag of Marbles","Dodecahedron","Sozu","StoneCalendar","Membership Card","Thread and Needle"],"potions_floor_usage":[50,50,50],"damage_taken":[{"damage":1.0,"enemies":"Cultist","floor":1.0,"turns":4.0},{"damage":3.0,"enemies":"2 Louse","floor":2.0,"turns":3.0},{"damage":1.0,"enemies":"Jaw Worm","floor":3.0,"turns":3.0},{"damage":10.0,"enemies":"2 Fungi Beasts","floor":7.0,"turns":4.0},{"damage":19.0,"enemies":"3 Louse","floor":11.0,"turns":4.0},{"damage":6.0,"enemies":"Large Slime","floor":14.0,"turns":3.0},{"damage":30.0,"enemies":"Hexaghost","floor":16.0,"turns":9.0},{"damage":0.0,"enemies":"Chosen","floor":18.0,"turns":3.0},{"damage":6.0,"enemies":"3 Byrds","floor":21.0,"turns":2.0},{"damage":0.0,"enemies":"Snake Plant","floor":22.0,"turns":3.0},{"damage":26.0,"enemies":"Centurion and Healer","floor":25.0,"turns":3.0},{"damage":12.0,"enemies":"Chosen and Byrds","floor":30.0,"turns":3.0},{"damage":6.0,"enemies":"3 Cultists","floor":31.0,"turns":2.0},{"damage":3,"enemies":"Champ","floor":33,"turns":6},{"damage":16,"enemies":"3 Darklings","floor":35,"turns":4},{"damage":0,"enemies":"Orb Walker","floor":36,"turns":2},{"damage":0,"enemies":"Mind Bloom Boss Battle","floor":38,"turns":2},{"damage":3,"enemies":"Transient","floor":39,"turns":4},{"damage":3,"enemies":"Sphere and 2 Shapes","floor":41,"turns":3},{"damage":26,"enemies":"Writhing Mass","floor":45,"turns":4},{"damage":5,"enemies":"Spire Growth","floor":46,"turns":4},{"damage":9,"enemies":"Maw","floor":48,"turns":4},{"damage":14,"enemies":"Donu and Deca","floor":50,"turns":4}],"seed_played":"8082904203209959505","potions_obtained":[{"floor":7.0,"key":"Dexterity Potion"},{"floor":11.0,"key":"Block Potion"},{"floor":14.0,"key":"SteroidPotion"},{"floor":16.0,"key":"GamblersBrew"},{"floor":25.0,"key":"FearPotion"},{"floor":30.0,"key":"Block Potion"}],"is_trial":false,"path_per_floor":["M","M","M","?","?","R","M","R","T","R","M","$","R","M","R","B",null,"M","?","$","M","M","?","?","M","T","R","$","R","M","M","R","B",null,"M","M","?","?","M","R","M","$","T","$","M","M","$","M","R","B",null],"character_chosen":"IRONCLAD","items_purchased":["Immolate","Feel No Pain","Armaments","Shrug It Off","Bag of Marbles","Sentinel","Havoc","Discovery","Membership Card","Shockwave"],"campfire_rested":2,"item_purchase_floors":[12,12,20,20,20,28,28,28,42,42],"current_hp_per_floor":[72,72,72,72,72,72,68,68,68,68,55,55,55,55,55,31,72,72,72,72,72,72,72,72,52,52,52,52,52,46,46,67,70,72,62,68,68,68,68,68,68,68,68,68,48,49,49,46,66,58],"gold":59,"neow_bonus":"ONE_RARE_RELIC","is_prod":false,"is_daily":false,"chose_seed":false,"campfire_upgraded":8,"win_rate":0,"timestamp":1553896239,"path_taken":["M","M","M","?","?","R","M","R","T","R","M","$","R","M","R","BOSS","M","?","?","?","M","?","?","M","T","R","$","R","M","M","R","BOSS","M","M","?","?","M","R","M","?","T","?","M","M","$","M","R","BOSS"],"build_version":"2019-01-23","purchased_purges":4,"victory":true,"max_hp_per_floor":[72,72,72,72,72,72,72,72,72,72,72,72,72,72,72,72,72,72,72,72,72,72,72,72,72,72,72,72,72,72,72,72,72,72,72,72,68,68,68,68,68,68,68,68,68,68,68,68,68,68],"card_choices":[{"not_picked":["Iron Wave","Feel No Pain"],"picked":"Sword Boomerang","floor":1.0},{"not_picked":["Dual Wield","Perfected Strike"],"picked":"Sever Soul","floor":2.0},{"not_picked":["Cleave","Iron Wave"],"picked":"Corruption","floor":3.0},{"not_picked":["Perfected Strike","Clash","Iron Wave"],"picked":"SKIP","floor":7.0},{"not_picked":["Fire Breathing","Twin Strike"],"picked":"Limit Break","floor":11.0},{"not_picked":["Metallicize","Corruption"],"picked":"Battle Trance","floor":14.0},{"not_picked":["Juggernaut","Reaper"],"picked":"Demon Form","floor":16.0},{"not_picked":["Iron Wave+1","Cleave+1"],"picked":"Spot Weakness","floor":18.0},{"not_picked":["Feel No Pain+1","Warcry"],"picked":"Shrug It Off+1","floor":21.0},{"not_picked":["Iron Wave+1","Pommel Strike"],"picked":"Evolve","floor":22.0},{"not_picked":["Twin Strike+1","Wild Strike","Clash+1"],"picked":"SKIP","floor":25.0},{"not_picked":["Perfected Strike","Carnage","Blood for Blood"],"picked":"SKIP","floor":30.0},{"not_picked":["Thunderclap","Flex"],"picked":"Infernal Blade","floor":31.0},{"not_picked":["Iron Wave+1","Sword Boomerang+1","Anger"],"picked":"SKIP","floor":35},{"not_picked":["Wild Strike","True Grit"],"picked":"Disarm+1","floor":36},{"not_picked":["Body Slam+1","Rage+1"],"picked":"Havoc+1","floor":38},{"not_picked":["Perfected Strike","Hemokinesis","Metallicize"],"picked":"SKIP","floor":39},{"not_picked":["Pommel Strike","Armaments"],"picked":"Sentinel+1","floor":41},{"not_picked":["Iron Wave+1","Shockwave"],"picked":"Battle Trance","floor":45},{"not_picked":["Cleave+1","Body Slam"],"picked":"Dark Embrace","floor":46},{"not_picked":["Sword Boomerang+1","Pommel Strike","Flex"],"picked":"SKIP","floor":48}],"player_experience":1140541,"relics_obtained":[{"floor":9.0,"key":"Kunai"},{"floor":26.0,"key":"Dodecahedron"},{"floor":38,"key":"StoneCalendar"},{"floor":43,"key":"Thread and Needle"}],"event_choices":[{"damage_healed":0.0,"max_hp_gain":0.0,"max_hp_loss":0.0,"gold_gain":175.0,"event_name":"Liars Game","player_choice":"AGREE","floor":4.0,"gold_loss":0.0,"damage_taken":0.0,"cards_obtained":["Doubt"]},{"damage_healed":0.0,"max_hp_gain":0.0,"max_hp_loss":0.0,"gold_gain":77.0,"event_name":"Golden Wing","player_choice":"Gained Gold","floor":5.0,"gold_loss":0.0,"damage_taken":0.0},{"damage_healed":0.0,"max_hp_gain":0.0,"max_hp_loss":0.0,"gold_gain":275.0,"event_name":"Golden Shrine","player_choice":"Desecrate","floor":19.0,"gold_loss":0.0,"damage_taken":0.0,"cards_obtained":["Regret"]},{"damage_healed":0.0,"max_hp_gain":0.0,"max_hp_loss":0.0,"gold_gain":99.0,"event_name":"Nest","player_choice":"Stole From Cult","floor":23.0,"gold_loss":0.0,"damage_taken":0.0},{"damage_healed":0.0,"max_hp_gain":0.0,"max_hp_loss":0.0,"gold_gain":0.0,"event_name":"Vampires","player_choice":"Ignored","floor":24.0,"gold_loss":0.0,"damage_taken":0.0},{"damage_healed":0,"gold_gain":0,"player_choice":"Max HP","damage_taken":0,"max_hp_gain":0,"max_hp_loss":4,"event_name":"Winding Halls","floor":37,"gold_loss":0},{"damage_healed":0,"gold_gain":0,"player_choice":"Fight","damage_taken":0,"max_hp_gain":0,"max_hp_loss":0,"event_name":"MindBloom","floor":38,"gold_loss":0}],"is_beta":false,"boss_relics":[{"not_picked":["Busted Crown","Calling Bell"],"picked":"Philosopher\u0027s Stone"},{"not_picked":["Tiny House","Astrolabe"],"picked":"Sozu"}],"items_purged_floors":[12,20,28,42],"is_endless":false,"potions_floor_spawned":[7,11,14,16,25,30,31,39,41,45,48],"ascension_level":0}