{"gold_per_floor":[111,131,150,160,7,7,23,23,23,40,64,82,102,116,116,220,220,235,235,235,250,268,268,7,7,7,7,37,37,37,56,56,152,152,167,221,235,235],"floor_reached":38,"playtime":2086,"items_purged":["Strike_B"],"score":638,"play_id":"98aec7e5-3ff8-4040-a5ec-b82ddd7c9307","local_time":"20180924152428","is_ascension_mode":true,"campfire_choices":[{"data":"Fission","floor":6.0,"key":"SMITH"},{"data":"Dualcast","floor":8.0,"key":"SMITH"},{"data":"Buffer","floor":15.0,"key":"SMITH"},{"data":"Echo Form","floor":23,"key":"SMITH"},{"data":"Magnetism","floor":25,"key":"SMITH"},{"data":"Coolheaded","floor":29,"key":"SMITH"},{"data":"Defend_B","floor":32,"key":"SMITH"}],"neow_cost":"NONE","seed_source_timestamp":0,"circlet_count":0,"master_deck":["Strike_B","Defend_B+1","Defend_B","Defend_B","Defend_B","Zap","Dualcast+1","Sweeping Beam","Fission+1","Cold Snap","FTL","Buffer+1","Coolheaded+1","Echo Form+1","Sweeping Beam","BootSequence","Magnetism+1","Darkness+1","Buffer+1","Hologram+1","Electrodynamics","Rip and Tear+1","Chaos+1"],"special_seed":0,"relics":["Coffee Dripper","DataDisk","Art of War","Omamori","Inserter","Toxic Egg 2","MutagenicStrength","Bag of Preparation","Empty Cage","Prayer Wheel"],"potions_floor_usage":[28,38],"damage_taken":[{"damage":1.0,"enemies":"Cultist","floor":1.0,"turns":3.0},{"damage":4.0,"enemies":"Jaw Worm","floor":2.0,"turns":4.0},{"damage":3.0,"enemies":"2 Louse","floor":3.0,"turns":3.0},{"damage":2.0,"enemies":"2 Fungi Beasts","floor":4.0,"turns":4.0},{"damage":26.0,"enemies":"Exordium Thugs","floor":7.0,"turns":6.0},{"damage":10.0,"enemies":"Large Slime","floor":10.0,"turns":6.0},{"damage":13.0,"enemies":"3 Louse","floor":12.0,"turns":2.0},{"damage":0.0,"enemies":"Exordium Wildlife","floor":13.0,"turns":4.0},{"damage":0.0,"enemies":"2 Fungi Beasts","floor":14.0,"turns":2.0},{"damage":0.0,"enemies":"Slime Boss","floor":16.0,"turns":12.0},{"damage":9.0,"enemies":"3 Byrds","floor":18.0,"turns":7.0},{"damage":0.0,"enemies":"Spheric Guardian","floor":21.0,"turns":4.0},{"damage":0.0,"enemies":"Snecko","floor":22.0,"turns":7.0},{"damage":25,"enemies":"Book of Stabbing","floor":28,"turns":8},{"damage":2,"enemies":"Chosen and Byrds","floor":31,"turns":6},{"damage":13,"enemies":"Collector","floor":33,"turns":14},{"damage":12,"enemies":"Orb Walker","floor":35,"turns":4},{"damage":22,"enemies":"Mysterious Sphere","floor":36,"turns":4},{"damage":13,"enemies":"3 Shapes","floor":37,"turns":4},{"damage":12,"enemies":"Reptomancer","floor":38,"turns":5}],"seed_played":"-4700852817845070878","potions_obtained":[{"floor":2.0,"key":"PowerPotion"},{"floor":4.0,"key":"AttackPotion"},{"floor":10.0,"key":"Explosive Potion"},{"floor":14.0,"key":"FearPotion"},{"floor":16.0,"key":"Block Potion"},{"floor":28,"key":"FearPotion"},{"floor":33,"key":"Dexterity Potion"},{"floor":37,"key":"Block Potion"}],"is_trial":false,"path_per_floor":["M","M","M","M","$","R","M","R","T","M","T","M","M","M","R","B",null,"M","?","?","M","M","R","$","R","T","?","E","R","?","M","R","B",null,"M","?","M"],"character_chosen":"DEFECT","items_purchased":["DataDisk","Magnetism"],"campfire_rested":0,"item_purchase_floors":[5,24],"current_hp_per_floor":[67,63,60,58,58,58,32,32,32,22,22,9,9,9,9,9,59,50,50,50,50,50,50,50,50,50,50,25,25,25,23,23,10,59,47,25,12,0],"gold":235,"neow_bonus":"BOSS_RELIC","is_prod":false,"is_daily":false,"chose_seed":false,"campfire_upgraded":7,"win_rate":0,"timestamp":1537799068,"path_taken":["M","M","?","?","$","R","M","R","T","M","?","M","?","M","R","BOSS","M","?","?","M","?","R","$","R","T","?","E","R","?","M","R","BOSS","M","?","M","?"],"build_version":"2018-09-20","purchased_purges":1,"victory":false,"max_hp_per_floor":[75,75,75,75,75,75,75,75,75,75,75,75,75,75,75,75,75,75,75,75,75,75,75,75,75,75,75,75,75,75,75,75,75,75,75,75,75,75],"card_choices":[{"not_picked":["Rebound","Gash"],"picked":"Sweeping Beam","floor":1.0},{"not_picked":["Streamline","Reinforced Body"],"picked":"Fission","floor":2.0},{"not_picked":["Fusion","Sweeping Beam"],"picked":"Cold Snap","floor":3.0},{"not_picked":["Hologram","Blizzard","Stack"],"picked":"SKIP","floor":4.0},{"not_picked":["Double Energy","Melter","Force Field"],"picked":"SKIP","floor":7.0},{"not_picked":["Streamline","Rebound"],"picked":"FTL","floor":10.0},{"not_picked":["Rebound","Sunder"],"picked":"Buffer","floor":12.0},{"not_picked":["Rebound","Sweeping Beam","Compile Driver"],"picked":"SKIP","floor":13.0},{"not_picked":["Compile Driver","Turbo"],"picked":"Coolheaded","floor":14.0},{"not_picked":["Meteor Strike","Machine Learning"],"picked":"Echo Form","floor":16.0},{"not_picked":["Heatsinks","Aggregate","Tempest"],"picked":"SKIP","floor":18.0},{"not_picked":["Gash","Reinforced Body+1"],"picked":"Sweeping Beam","floor":21.0},{"not_picked":["Melter","Beam Cell"],"picked":"BootSequence","floor":22.0},{"not_picked":["Reprogram+1","Recycle+1"],"picked":"Darkness+1","floor":28},{"not_picked":["Compile Driver","Beam Cell+1"],"picked":"Hologram+1","floor":31},{"not_picked":["Meteor Strike","Echo Form"],"picked":"Electrodynamics","floor":33},{"not_picked":["Sunder+1","Gash+1"],"picked":"Rip and Tear+1","floor":35},{"not_picked":["Conserve Battery+1","Beam Cell+1"],"picked":"Chaos+1","floor":36},{"not_picked":["Beam Cell+1","Steam+1","Force Field+1"],"picked":"SKIP","floor":37},{"not_picked":["Fusion+1","Barrage","Doom and Gloom+1"],"picked":"SKIP","floor":37}],"player_experience":414704,"relics_obtained":[{"floor":9.0,"key":"Art of War"},{"floor":11.0,"key":"Omamori"},{"floor":26,"key":"Toxic Egg 2"},{"floor":28,"key":"Bag of Preparation"},{"floor":36,"key":"Prayer Wheel"}],"event_choices":[{"event_name":"Forgotten Altar","player_choice":"Smashed Altar","floor":19.0,"damage_taken":0.0},{"event_name":"Cursed Tome","player_choice":"Ignored","floor":20.0,"damage_taken":0.0},{"event_name":"Drug Dealer","player_choice":"Inject Mutagens","floor":27,"damage_taken":0},{"event_name":"Duplicator","player_choice":"One dupe","floor":30,"damage_taken":0},{"event_name":"Mysterious Sphere","player_choice":"Fight","floor":36,"damage_taken":0}],"is_beta":false,"boss_relics":[{"not_picked":["Velvet Choker","Snecko Eye"],"picked":"Inserter"},{"not_picked":["Pandora\u0027s Box","Philosopher\u0027s Stone"],"picked":"Empty Cage"}],"items_purged_floors":[24],"is_endless":false,"potions_floor_spawned":[2,4,10,14,16,28,33,36,37],"killed_by":"Reptomancer","ascension_level":9}