{"gold_per_floor":[112,131,145,145,70,70,95,95,165,120,120,134,148,173,173,249,249,267,279,199,209,28,28,43,43,66,101,174,186,202,233,233,310,310,321,321,340,394,61,61,61,61,61,77,97,97,111,140,140,140],"floor_reached":51,"playtime":2599,"items_purged":["Grand Finale","Strike_G","Strike_G"],"score":1373,"play_id":"0d225396-464c-416f-840b-0e8c2294ae25","local_time":"20190324222638","is_ascension_mode":true,"campfire_choices":[{"floor":6,"key":"REST"},{"data":"Catalyst","floor":8,"key":"SMITH"},{"data":"PiercingWail","floor":15,"key":"SMITH"},{"data":"Footwork","floor":23,"key":"SMITH"},{"data":"Backflip","floor":25,"key":"SMITH"},{"floor":32,"key":"REST"},{"floor":40,"key":"DIG"},{"floor":42,"key":"DIG"},{"floor":49,"key":"REST"}],"neow_cost":"PERCENT_DAMAGE","seed_source_timestamp":42456833700514,"circlet_count":0,"master_deck":["AscendersBane","Defend_G","Defend_G","Defend_G","Defend_G","Defend_G","Strike_G","Survivor","Neutralize+1","Catalyst+1","PiercingWail+1","Burst","Bouncing Flask+1","Catalyst","Glass Knife","Footwork+1","Dodge and Roll","Footwork","Crippling Poison","Backflip+1","PiercingWail","Dodge and Roll","Doppelganger","Leg Sweep+1","Dodge and Roll","Calculated Gamble+1"],"relics":["Ring of the Snake","Snake Skull","Ornamental Fan","Mercury Hourglass","Busted Crown","Bag of Preparation","Turnip","Dodecahedron","Kunai","Fusion Hammer","Shovel","OrangePellets","Blood Vial","Ninja Scroll","Question Card","Letter Opener"],"potions_floor_usage":[7,12,33],"damage_taken":[{"damage":6,"enemies":"Cultist","floor":1,"turns":5},{"damage":0,"enemies":"2 Louse","floor":2,"turns":6},{"damage":4,"enemies":"Small Slimes","floor":3,"turns":7},{"damage":27,"enemies":"3 Sentries","floor":7,"turns":11},{"damage":0,"enemies":"Looter","floor":10,"turns":5},{"damage":9,"enemies":"Large Slime","floor":12,"turns":7},{"damage":2,"enemies":"Exordium Wildlife","floor":13,"turns":5},{"damage":0,"enemies":"Lagavulin","floor":14,"turns":3},{"damage":16,"enemies":"Hexaghost","floor":16,"turns":5},{"damage":4,"enemies":"Chosen","floor":18,"turns":4},{"damage":4,"enemies":"3 Byrds","floor":19,"turns":4},{"damage":6,"enemies":"Centurion and Healer","floor":21,"turns":8},{"damage":0,"enemies":"Shelled Parasite and Fungi","floor":24,"turns":5},{"damage":0,"enemies":"Book of Stabbing","floor":27,"turns":6},{"damage":0,"enemies":"Snake Plant","floor":29,"turns":1},{"damage":0,"enemies":"Cultist and Chosen","floor":30,"turns":5},{"damage":23,"enemies":"Slavers","floor":31,"turns":5},{"damage":0,"enemies":"Collector","floor":33,"turns":3},{"damage":1,"enemies":"3 Darklings","floor":35,"turns":5},{"damage":0,"enemies":"Orb Walker","floor":37,"turns":5},{"damage":14,"enemies":"2 Orb Walkers","floor":38,"turns":4},{"damage":1,"enemies":"Sphere and 2 Shapes","floor":44,"turns":7},{"damage":0,"enemies":"3 Darklings","floor":45,"turns":5},{"damage":0,"enemies":"Transient","floor":47,"turns":5},{"damage":3,"enemies":"Nemesis","floor":48,"turns":5},{"damage":32,"enemies":"Time Eater","floor":50,"turns":4}],"seed_played":"5423043889341444281","potions_obtained":[{"floor":2,"key":"Strength Potion"},{"floor":7,"key":"Regen Potion"},{"floor":16,"key":"Strength Potion"},{"floor":18,"key":"FearPotion"},{"floor":19,"key":"Swift Potion"},{"floor":24,"key":"Poison Potion"},{"floor":30,"key":"EssenceOfSteel"},{"floor":31,"key":"Block Potion"},{"floor":33,"key":"PowerPotion"},{"floor":38,"key":"GhostInAJar"}],"is_trial":false,"path_per_floor":["M","M","M","?","$","R","E","R","T","M","?","M","M","E","R","B",null,"M","M","$","M","$","R","M","R","T","E","T","M","M","E","R","B",null,"M","?","M","?","$","R","?","R","T","M","M","?","M","E","R","B",null],"character_chosen":"THE_SILENT","items_purchased":["Footwork","Crippling Poison","OrangePellets"],"campfire_rested":3,"item_purchase_floors":[20,22,39],"current_hp_per_floor":[39,39,35,35,35,56,29,29,29,29,29,35,33,33,33,17,57,53,49,49,43,43,43,43,43,43,43,43,43,43,20,41,41,63,62,62,62,48,48,48,48,48,48,49,51,51,53,52,66,34],"gold":140,"neow_bonus":"TRANSFORM_TWO_CARDS","is_prod":false,"is_daily":false,"chose_seed":false,"campfire_upgraded":4,"win_rate":0,"timestamp":1553462798,"path_taken":["M","?","?","?","?","R","E","R","T","M","?","M","M","E","R","BOSS","M","?","$","M","$","R","M","R","T","E","?","M","M","E","R","BOSS","M","?","M","?","$","R","?","R","T","?","M","?","M","E","R","BOSS"],"build_version":"2019-01-23","purchased_purges":3,"victory":true,"max_hp_per_floor":[70,70,70,70,70,70,70,70,70,70,70,70,70,70,70,70,70,70,70,70,70,70,70,70,70,70,70,70,70,70,70,70,70,70,70,70,70,70,70,70,66,66,66,66,66,66,66,66,66,66],"card_choices":[{"not_picked":["Slice","Prepared","Sucker Punch"],"picked":"SKIP","floor":1},{"not_picked":["Infinite Blades","Outmaneuver"],"picked":"PiercingWail","floor":2},{"not_picked":["PiercingWail","Accuracy"],"picked":"Quick Slash","floor":3},{"not_picked":["Acrobatics","Eviscerate"],"picked":"Burst","floor":7},{"not_picked":["Acrobatics","Dagger Spray"],"picked":"Bouncing Flask","floor":10},{"not_picked":["Masterful Stab","Deflect","Bane"],"picked":"SKIP","floor":12},{"not_picked":["Setup","Flechettes"],"picked":"Catalyst","floor":13},{"not_picked":["Cloak And Dagger","Skewer","Dagger Spray"],"picked":"SKIP","floor":14},{"not_picked":["Wraith Form v2","Storm of Steel"],"picked":"Glass Knife","floor":16},{"not_picked":[],"picked":"Footwork","floor":18},{"not_picked":[],"picked":"Dodge and Roll","floor":19},{"not_picked":["Predator"],"picked":"SKIP","floor":21},{"not_picked":[],"picked":"Backflip","floor":24},{"not_picked":["Venomology"],"picked":"SKIP","floor":27},{"not_picked":[],"picked":"PiercingWail","floor":29},{"not_picked":["Flying Knee"],"picked":"SKIP","floor":30},{"not_picked":[],"picked":"Dodge and Roll","floor":31},{"not_picked":[],"picked":"Doppelganger","floor":33},{"not_picked":[],"picked":"Leg Sweep+1","floor":35},{"not_picked":["Prepared"],"picked":"SKIP","floor":37},{"not_picked":["Flying Knee"],"picked":"Dodge and Roll","floor":44},{"not_picked":["Dodge and Roll","Heel Hook+1"],"picked":"SKIP","floor":45},{"not_picked":["Prepared"],"picked":"Calculated Gamble+1","floor":47},{"not_picked":["Prepared","Backflip"],"picked":"SKIP","floor":48}],"player_experience":763843,"relics_obtained":[{"floor":7,"key":"Snake Skull"},{"floor":9,"key":"Ornamental Fan"},{"floor":14,"key":"Mercury Hourglass"},{"floor":26,"key":"Bag of Preparation"},{"floor":27,"key":"Turnip"},{"floor":28,"key":"Dodecahedron"},{"floor":31,"key":"Kunai"},{"floor":38,"key":"Shovel"},{"floor":40,"key":"Blood Vial"},{"floor":42,"key":"Ninja Scroll"},{"floor":43,"key":"Question Card"},{"floor":48,"key":"Letter Opener"}],"event_choices":[{"damage_healed":0,"gold_gain":0,"player_choice":"Forge","damage_taken":0,"max_hp_gain":0,"max_hp_loss":0,"event_name":"Accursed Blacksmith","floor":4,"gold_loss":0,"cards_upgraded":["Neutralize"]},{"damage_healed":0,"gold_gain":0,"player_choice":"Upgraded","damage_taken":0,"max_hp_gain":0,"max_hp_loss":0,"event_name":"Upgrade Shrine","floor":11,"gold_loss":0,"cards_upgraded":["Bouncing Flask"]},{"cards_removed":["Quick Slash"],"damage_healed":0,"gold_gain":0,"player_choice":"Removed Attack","damage_taken":0,"max_hp_gain":0,"max_hp_loss":0,"event_name":"Falling","floor":36,"gold_loss":0},{"damage_healed":0,"gold_gain":0,"player_choice":"Fight","damage_taken":0,"max_hp_gain":0,"max_hp_loss":0,"event_name":"Mysterious Sphere","floor":38,"gold_loss":0},{"damage_healed":0,"gold_gain":0,"player_choice":"Max HP","damage_taken":0,"max_hp_gain":0,"max_hp_loss":4,"event_name":"Winding Halls","floor":41,"gold_loss":0},{"damage_healed":0,"gold_gain":0,"player_choice":"Memory 1","damage_taken":0,"max_hp_gain":0,"max_hp_loss":0,"event_name":"SensoryStone","floor":46,"gold_loss":0}],"is_beta":false,"boss_relics":[{"not_picked":["Calling Bell","Pandora\u0027s Box"],"picked":"Busted Crown"},{"not_picked":["Orrery","Philosopher\u0027s Stone"],"picked":"Fusion Hammer"}],"items_purged_floors":[5,22,39],"is_endless":false,"potions_floor_spawned":[2,7,16,18,19,24,30,31,33,35,38,44,45],"ascension_level":13}