{"gold_per_floor":[111,111,137,224,249,277,304,316,353,376,401,413,450,56,56,56],"floor_reached":16,"playtime":741,"items_purged":["Strike_R"],"score":113,"play_id":"8afe3d2c-95d7-4977-a8a4-9feb1a68fa1a","local_time":"20180816224517","is_ascension_mode":true,"campfire_choices":[{"data":"Inflame","floor":8,"key":"SMITH"},{"floor":15,"key":"REST"}],"neow_cost":"PERCENT_DAMAGE","seed_source_timestamp":109025384564208,"circlet_count":0,"master_deck":["Strike_R","Strike_R","Strike_R","Strike_R","Defend_R","Defend_R","Defend_R","Defend_R","Bash","Dark Embrace","Iron Wave","Inflame+1","Heavy Blade","Shrug It Off","Shrug It Off","Warcry","Jack Of All Trades","Warcry"],"relics":["Burning Blood","MawBank","Potion Belt","Bronze Scales","HandDrill"],"potions_floor_usage":[5,16,16],"damage_taken":[{"damage":9,"enemies":"Jaw Worm","floor":1,"turns":5},{"damage":2,"enemies":"2 Louse","floor":3,"turns":4},{"damage":7,"enemies":"Small Slimes","floor":5,"turns":4},{"damage":4,"enemies":"Exordium Wildlife","floor":6,"turns":4},{"damage":6,"enemies":"Blue Slaver","floor":7,"turns":4},{"damage":9,"enemies":"2 Fungi Beasts","floor":10,"turns":4},{"damage":8,"enemies":"3 Louse","floor":11,"turns":4},{"damage":62,"enemies":"Slime Boss","floor":16,"turns":11}],"seed_played":"8680458547488778409","potions_obtained":[{"floor":1,"key":"PowerPotion"},{"floor":3,"key":"FearPotion"},{"floor":6,"key":"SteroidPotion"},{"floor":10,"key":"GamblersBrew"}],"is_trial":false,"path_per_floor":["M","?","M","?","M","M","M","R","T","M","M","?","T","$","R"],"character_chosen":"IRONCLAD","items_purchased":["HandDrill","Jack Of All Trades","Warcry"],"campfire_rested":1,"item_purchase_floors":[14,14,14],"current_hp_per_floor":[53,35,39,28,27,29,29,29,29,26,24,24,24,24,48,0],"gold":56,"neow_bonus":"THREE_RARE_CARDS","is_prod":false,"is_daily":false,"chose_seed":false,"campfire_upgraded":1,"win_rate":0,"timestamp":1534455917,"path_taken":["M","?","M","?","M","M","?","R","T","M","M","?","?","$","R","BOSS"],"build_version":"2018-08-09","purchased_purges":1,"victory":false,"max_hp_per_floor":[80,80,80,80,80,80,80,80,80,80,80,80,80,80,80,80],"card_choices":[{"not_picked":["Brutality","Limit Break"],"picked":"Dark Embrace","floor":0},{"not_picked":["Flame Barrier","Wild Strike"],"picked":"Iron Wave","floor":1},{"not_picked":["Spot Weakness","Body Slam","Thunderclap"],"picked":"SKIP","floor":3},{"not_picked":["Heavy Blade","Wild Strike"],"picked":"Inflame","floor":5},{"not_picked":["Pummel","Clash"],"picked":"Heavy Blade","floor":6},{"not_picked":["Sword Boomerang","Thunderclap"],"picked":"Shrug It Off","floor":7},{"not_picked":["Clash","Pummel"],"picked":"Shrug It Off","floor":10},{"not_picked":["Anger","Clothesline"],"picked":"Warcry","floor":11}],"player_experience":265581,"relics_obtained":[{"floor":9,"key":"Potion Belt"},{"floor":13,"key":"Bronze Scales"}],"event_choices":[{"event_name":"Scrap Ooze","player_choice":"success","floor":2,"damage_taken":18},{"event_name":"World of Goop","player_choice":"Gather Gold","floor":4,"damage_taken":0},{"event_name":"Dead Adventurer","player_choice":"Searched \u00270\u0027 times","floor":12,"damage_taken":0}],"is_beta":false,"boss_relics":[],"items_purged_floors":[14],"is_endless":false,"potions_floor_spawned":[1,3,6,10],"killed_by":"Slime Boss","ascension_level":4}