{"gold_per_floor":[111,122,122,122,122,122,151,151,151,168,93,108,124,143,143,244,244,264,113,113,128,19,19,52,52,52,64,76,188,218,264,276,288],"floor_reached":33,"playtime":1476,"items_purged":["Strike_B"],"score":393,"play_id":"5135e02e-1871-4681-afde-ec5c21d9e3ad","local_time":"20180912173621","is_ascension_mode":true,"campfire_choices":[{"floor":6,"key":"REST"},{"data":"Redo","floor":8,"key":"SMITH"},{"floor":15,"key":"REST"},{"data":"Defragment","floor":23,"key":"SMITH"},{"data":"Self Repair","floor":25,"key":"SMITH"},{"data":"Machine Learning","floor":27,"key":"SMITH"},{"data":"Coolheaded","floor":32,"key":"SMITH"}],"neow_cost":"TEN_PERCENT_HP_LOSS","seed_source_timestamp":9529750862636,"circlet_count":0,"master_deck":["Strike_B+1","Defend_B","Defend_B+1","Defend_B","Defend_B","Zap","Dualcast+1","Conserve Battery","Ball Lightning","Redo+1","Self Repair+1","Sweeping Beam","Machine Learning+1","Defragment+1","Coolheaded+1","Chaos+1","Cold Snap","FTL","Leap+1","Ghostly","Ghostly","Ghostly","Ghostly","Ghostly","Core Surge"],"special_seed":0,"relics":["Cracked Core","PreservedInsect","Shuriken","Matryoshka","Orrery","DataDisk","Juzu Bracelet","Boot","MawBank","Nunchaku","Sundial","StoneCalendar"],"potions_floor_usage":[16,21,33,33],"damage_taken":[{"damage":8,"enemies":"Small Slimes","floor":1,"turns":4},{"damage":0,"enemies":"2 Louse","floor":2,"turns":2},{"damage":1,"enemies":"Gremlin Nob","floor":7,"turns":3},{"damage":0,"enemies":"Jaw Worm","floor":10,"turns":2},{"damage":1,"enemies":"Blue Slaver","floor":12,"turns":3},{"damage":0,"enemies":"Looter","floor":13,"turns":2},{"damage":7,"enemies":"Large Slime","floor":14,"turns":4},{"damage":20,"enemies":"The Guardian","floor":16,"turns":13},{"damage":22,"enemies":"Spheric Guardian","floor":18,"turns":4},{"damage":10,"enemies":"2 Thieves","floor":21,"turns":4},{"damage":24,"enemies":"Book of Stabbing","floor":24,"turns":5},{"damage":6,"enemies":"Colosseum Slavers","floor":29,"turns":5},{"damage":0,"enemies":"Colosseum Nobs","floor":29,"turns":6},{"damage":5,"enemies":"3 Cultists","floor":30,"turns":6},{"damage":2,"enemies":"Gremlin Leader","floor":31,"turns":6},{"damage":37,"enemies":"Champ","floor":33,"turns":10}],"seed_played":"-3488312273210417080","potions_obtained":[{"floor":1,"key":"AttackPotion"},{"floor":10,"key":"Explosive Potion"},{"floor":12,"key":"PowerPotion"},{"floor":21,"key":"FocusPotion"},{"floor":29,"key":"Dexterity Potion"}],"is_trial":false,"path_per_floor":["M","M","?","?","?","R","E","R","T","M","$","M","M","M","R","B",null,"M","$","?","M","$","R","E","R","T","R","?","?","M","E","R"],"character_chosen":"DEFECT","items_purchased":["Self Repair","DataDisk","FTL"],"campfire_rested":2,"item_purchase_floors":[11,19,22],"current_hp_per_floor":[60,60,60,46,4,24,23,23,23,23,23,29,29,29,49,36,60,45,45,50,47,47,47,30,30,30,30,30,34,34,32,32,0],"gold":288,"neow_bonus":"REMOVE_TWO","is_prod":false,"is_daily":false,"chose_seed":false,"campfire_upgraded":5,"win_rate":0,"timestamp":1536770181,"path_taken":["M","M","?","?","?","R","E","R","T","M","?","?","M","M","R","BOSS","M","$","?","M","?","R","E","R","T","R","?","?","M","E","R","BOSS"],"build_version":"2018-09-06","purchased_purges":1,"victory":false,"max_hp_per_floor":[68,68,68,68,68,68,68,68,68,68,68,68,68,68,68,68,68,68,68,68,68,68,68,68,68,68,68,34,34,34,34,34,34],"card_choices":[{"not_picked":["Chaos","Steam"],"picked":"Conserve Battery","floor":1},{"not_picked":["Streamline","Go for the Eyes"],"picked":"Ball Lightning","floor":2},{"not_picked":["Beam Cell","Hologram"],"picked":"Redo","floor":7},{"not_picked":["Streamline","Rip and Tear","Redo"],"picked":"SKIP","floor":10},{"not_picked":["Hologram","Thunder Strike"],"picked":"Go for the Eyes","floor":12},{"not_picked":["Redo","Doom and Gloom","Darkness"],"picked":"SKIP","floor":13},{"not_picked":["Go for the Eyes","Tempest"],"picked":"Sweeping Beam","floor":14},{"not_picked":["Buffer","Thunder Strike"],"picked":"Machine Learning","floor":16},{"not_picked":["Compile Driver","Lockon"],"picked":"Defragment","floor":17},{"not_picked":["Go for the Eyes","Steam"],"picked":"Coolheaded","floor":17},{"not_picked":["Seek","Chill"],"picked":"Chaos+1","floor":18},{"not_picked":["Barrage","Stack+1"],"picked":"Cold Snap","floor":21},{"not_picked":["Beam Cell","Cold Snap+1"],"picked":"Leap+1","floor":24},{"not_picked":["Chaos","Leap"],"picked":"Core Surge","floor":29},{"not_picked":["Rebound","Sunder","Compile Driver+1"],"picked":"SKIP","floor":30},{"not_picked":["Compile Driver","Stack+1","Leap+1"],"picked":"SKIP","floor":31}],"player_experience":353179,"relics_obtained":[{"floor":7,"key":"Shuriken"},{"floor":9,"key":"Matryoshka"},{"floor":24,"key":"Juzu Bracelet"},{"floor":26,"key":"Boot"},{"floor":26,"key":"MawBank"},{"floor":29,"key":"Nunchaku"},{"floor":29,"key":"Sundial"},{"floor":31,"key":"StoneCalendar"}],"event_choices":[{"event_name":"Living Wall","player_choice":"Grow","floor":3,"damage_taken":0},{"event_name":"Shining Light","player_choice":"Entered Light","floor":4,"damage_taken":0},{"event_name":"Scrap Ooze","player_choice":"success","floor":5,"damage_taken":42},{"event_name":"Bonfire Elementals","player_choice":"COMMON","floor":20,"damage_taken":0},{"event_name":"Ghosts","player_choice":"Became a Ghost","floor":28,"damage_taken":0},{"event_name":"Colosseum","player_choice":"Fight","floor":29,"damage_taken":0},{"event_name":"Colosseum","player_choice":"Fought Nobs","floor":29,"damage_taken":0}],"is_beta":false,"boss_relics":[{"not_picked":["Snecko Eye","Lizard Tail"],"picked":"Orrery"}],"items_purged_floors":[22],"is_endless":false,"potions_floor_spawned":[1,10,12,14,21,29,31],"killed_by":"Champ","ascension_level":6}