{"gold_per_floor":[114,114,389,399,474,474,258,269,320,352,364,406,418,56,56,158,158,175,175,188,203,31,31,50,50,73,90,90,102,102,120,120,223,223,237,253,253,253,253,253,270,145,145,156,167,167],"floor_reached":46,"playtime":1761,"items_purged":["Regret","Strike_B","Pain"],"score":616,"play_id":"b839c5de-f836-4d22-ba7c-c699d88db04a","local_time":"20180915173428","is_ascension_mode":true,"campfire_choices":[{"data":"Chaos","floor":6,"key":"SMITH"},{"floor":11,"key":"REST"},{"data":"Loop","floor":13,"key":"SMITH"},{"data":"Capacitor","floor":15,"key":"SMITH"},{"data":"Rainbow","floor":23,"key":"SMITH"},{"data":"Defragment","floor":25,"key":"SMITH"},{"floor":30,"key":"REST"},{"data":"Defragment","floor":32,"key":"SMITH"},{"floor":40,"key":"REST"}],"neow_cost":"TEN_PERCENT_HP_LOSS","seed_source_timestamp":82216040366055,"circlet_count":0,"master_deck":["Strike_B+1","Strike_B+1","Strike_B+1","Defend_B+1","Defend_B+1","Defend_B+1","Defend_B+1","Zap","Dualcast","Biased Cognition","White Noise","Chaos+1","Loop+1","Redo","Coolheaded","Self Repair","Capacitor+1","Rainbow+1","Conserve Battery","Coolheaded","Static Discharge+1","Impatience","FTL","Defragment+1","Defragment+1","Sweeping Beam+1","All For One","Hello World+1","Madness","Madness","Finesse","Pain","Glacier"],"relics":["Cracked Core","Strawberry","MawBank","Happy Flower","Lee\u0027s Waffle","Cursed Key","Regal Pillow","Busted Crown","Unceasing Top","Dream Catcher"],"potions_floor_usage":[10,16,27,33,33,36,44],"damage_taken":[{"damage":9,"enemies":"Jaw Worm","floor":1,"turns":3},{"damage":4,"enemies":"Cultist","floor":4,"turns":3},{"damage":14,"enemies":"2 Louse","floor":8,"turns":3},{"damage":14,"enemies":"Gremlin Gang","floor":10,"turns":4},{"damage":1,"enemies":"Lagavulin","floor":12,"turns":5},{"damage":71,"enemies":"Hexaghost","floor":16,"turns":11},{"damage":8,"enemies":"Chosen","floor":18,"turns":4},{"damage":9,"enemies":"3 Byrds","floor":20,"turns":4},{"damage":13,"enemies":"Snake Plant","floor":21,"turns":5},{"damage":5,"enemies":"3 Cultists","floor":24,"turns":4},{"damage":9,"enemies":"Chosen and Byrds","floor":27,"turns":6},{"damage":27,"enemies":"Shelled Parasite and Fungi","floor":29,"turns":4},{"damage":20,"enemies":"Cultist and Chosen","floor":31,"turns":5},{"damage":55,"enemies":"Collector","floor":33,"turns":5},{"damage":3,"enemies":"Orb Walker","floor":35,"turns":4},{"damage":36,"enemies":"3 Darklings","floor":36,"turns":4},{"damage":0,"enemies":"Mind Bloom Boss Battle","floor":37,"turns":4},{"damage":15,"enemies":"Spire Growth","floor":41,"turns":6},{"damage":36,"enemies":"Maw","floor":44,"turns":6},{"damage":28,"enemies":"3 Darklings","floor":45,"turns":4},{"damage":31,"enemies":"Transient","floor":46,"turns":1}],"seed_played":"-6542454776661297289","potions_obtained":[{"floor":1,"key":"Explosive Potion"},{"floor":12,"key":"SteroidPotion"},{"floor":16,"key":"Fire Potion"},{"floor":20,"key":"FearPotion"},{"floor":29,"key":"Regen Potion"},{"floor":31,"key":"PowerPotion"},{"floor":35,"key":"PowerPotion"},{"floor":41,"key":"Regen Potion"},{"floor":45,"key":"SteroidPotion"}],"is_trial":false,"path_per_floor":["M","?","?","M","?","R","$","M","T","M","R","E","R","$","R","B",null,"M","?","M","M","$","R","M","R","T","M","?","M","R","M","R","B",null,"M","M","?","?","?","R","M","$","T","M","M"],"character_chosen":"DEFECT","items_purchased":["Loop","Redo","Coolheaded","Lee\u0027s Waffle","Capacitor","Impatience","FTL"],"campfire_rested":3,"item_purchase_floors":[7,7,7,14,14,22,22],"current_hp_per_floor":[59,48,48,44,33,33,33,19,19,5,27,26,26,82,82,18,66,58,58,56,50,50,50,52,52,52,50,50,30,69,56,56,20,67,64,42,42,32,32,71,63,63,63,48,27,0],"gold":167,"neow_bonus":"THREE_RARE_CARDS","is_prod":false,"is_daily":false,"chose_seed":false,"campfire_upgraded":6,"win_rate":0,"timestamp":1537029268,"path_taken":["M","?","?","?","?","R","?","M","T","M","R","E","R","$","R","BOSS","M","?","M","?","?","R","M","R","T","M","?","?","R","?","R","BOSS","M","M","?","?","?","R","?","$","T","M","M","M"],"build_version":"2018-09-06","purchased_purges":3,"victory":false,"max_hp_per_floor":[68,75,75,75,75,75,75,75,75,75,75,75,75,82,82,82,82,82,82,82,82,82,82,82,82,82,82,82,82,82,82,82,82,82,82,82,82,82,82,82,82,82,82,82,82,82],"card_choices":[{"not_picked":["Amplify","Creative AI"],"picked":"Biased Cognition","floor":0},{"not_picked":["Auto Shields","Reinforced Body"],"picked":"White Noise","floor":1},{"not_picked":["Streamline","Beam Cell"],"picked":"Chaos","floor":4},{"not_picked":["Fusion","Barrage","Stack"],"picked":"SKIP","floor":8},{"not_picked":["Streamline","Hologram","Rip and Tear"],"picked":"SKIP","floor":10},{"not_picked":["Sweeping Beam","FTL"],"picked":"Self Repair","floor":12},{"not_picked":["Biased Cognition","Meteor Strike"],"picked":"Rainbow","floor":16},{"not_picked":["Storm","Hologram","Redo"],"picked":"SKIP","floor":18},{"not_picked":["Melter","Force Field"],"picked":"Coolheaded","floor":20},{"not_picked":["Gash","Rebound"],"picked":"Static Discharge+1","floor":21},{"not_picked":["Gash","Blizzard"],"picked":"Defragment","floor":24},{"not_picked":["Reinforced Body","Gash","Hologram"],"picked":"SKIP","floor":27},{"not_picked":["Compile Driver","Hologram"],"picked":"Defragment","floor":29},{"not_picked":["Echo Form","Reprogram+1"],"picked":"Sweeping Beam+1","floor":31},{"not_picked":["Meteor Strike","Hyperbeam"],"picked":"All For One","floor":33},{"not_picked":["Tempest"],"picked":"SKIP","floor":35},{"not_picked":[],"picked":"Hello World+1","floor":36},{"not_picked":[],"picked":"Finesse","floor":39},{"not_picked":["Barrage"],"picked":"SKIP","floor":41},{"not_picked":["Reprogram"],"picked":"SKIP","floor":44},{"not_picked":[],"picked":"Glacier","floor":45}],"player_experience":388416,"relics_obtained":[{"floor":9,"key":"MawBank"},{"floor":12,"key":"Happy Flower"},{"floor":26,"key":"Regal Pillow"},{"floor":37,"key":"Unceasing Top"},{"floor":43,"key":"Dream Catcher"}],"event_choices":[{"event_name":"Scrap Ooze","player_choice":"success","floor":2,"damage_taken":18},{"event_name":"Golden Shrine","player_choice":"Desecrate","floor":3,"damage_taken":0},{"event_name":"World of Goop","player_choice":"Gather Gold","floor":5,"damage_taken":0},{"event_name":"The Library","player_choice":"Read","floor":19,"damage_taken":0},{"event_name":"Back to Basics","player_choice":"Simplicity","floor":28,"damage_taken":0},{"event_name":"MindBloom","player_choice":"Fight","floor":37,"damage_taken":0},{"event_name":"Winding Halls","player_choice":"Embrace Madness","floor":38,"damage_taken":0},{"event_name":"SensoryStone","player_choice":"Memory 1","floor":39,"damage_taken":0}],"is_beta":false,"boss_relics":[{"not_picked":["Eternal Feather","Fusion Hammer"],"picked":"Cursed Key"},{"not_picked":["Calling Bell","Orrery"],"picked":"Busted Crown"}],"items_purged_floors":[7,14,42],"is_endless":false,"potions_floor_spawned":[1,12,16,20,29,31,35,41,45],"killed_by":"Transient","ascension_level":8}