{"gold_per_floor":[119,119,21,31,31,31,47,18,44,70,70,70,88,88,88,184,184,196,196,196,209,209,209,240,240,263,280,280,299,176,195,195,195],"floor_reached":33,"playtime":1205,"items_purged":["Normality"],"score":411,"play_id":"60386e09-62cd-429f-866a-c68927118a61","local_time":"20181102210848","is_ascension_mode":true,"campfire_choices":[{"data":"Scrape","floor":6,"key":"SMITH"},{"data":"Zap","floor":11,"key":"SMITH"},{"data":"Loop","floor":15,"key":"SMITH"},{"data":"Fusion","floor":23,"key":"SMITH"},{"data":"Capacitor","floor":25,"key":"SMITH"},{"floor":32,"key":"REST"}],"neow_cost":"CURSE","seed_source_timestamp":542749840374929,"circlet_count":0,"master_deck":["AscendersBane","Strike_B+1","Strike_B+1","Strike_B+1","Strike_B+1","Defend_B+1","Defend_B+1","Defend_B+1","Defend_B+1","Zap+1","Dualcast+1","Good Instincts","Flash of Steel","Cold Snap","Steam","Scrape+1","Coolheaded","Capacitor+1","Loop+1","Core Surge","Fusion+1","Gash","White Noise","BootSequence","Electrodynamics","Go for the Eyes","Conserve Battery","Stack"],"relics":["Cracked Core","Juzu Bracelet","Bronze Scales","FossilizedHelix","Velvet Choker","Dream Catcher","Vajra","Darkstone Periapt"],"potions_floor_usage":[10,20,24,27,31],"damage_taken":[{"damage":7,"enemies":"Small Slimes","floor":1,"turns":4},{"damage":0,"enemies":"Cultist","floor":4,"turns":3},{"damage":0,"enemies":"Jaw Worm","floor":7,"turns":3},{"damage":1,"enemies":"Exordium Thugs","floor":8,"turns":5},{"damage":11,"enemies":"3 Sentries","floor":10,"turns":7},{"damage":0,"enemies":"Gremlin Gang","floor":13,"turns":5},{"damage":31,"enemies":"Hexaghost","floor":16,"turns":10},{"damage":20,"enemies":"2 Thieves","floor":18,"turns":5},{"damage":15,"enemies":"Colosseum Slavers","floor":20,"turns":4},{"damage":0,"enemies":"Chosen","floor":21,"turns":4},{"damage":19,"enemies":"Slavers","floor":24,"turns":6},{"damage":0,"enemies":"Shelled Parasite and Fungi","floor":27,"turns":7},{"damage":0,"enemies":"3 Cultists","floor":29,"turns":5},{"damage":0,"enemies":"Snake Plant","floor":31,"turns":2},{"damage":60,"enemies":"Collector","floor":33,"turns":6}],"seed_played":"-189465621750200769","potions_obtained":[{"floor":7,"key":"Strength Potion"},{"floor":16,"key":"AttackPotion"},{"floor":21,"key":"FearPotion"},{"floor":24,"key":"EssenceOfSteel"},{"floor":27,"key":"Fire Potion"}],"is_trial":false,"path_per_floor":["M","?","$","M","$","R","M","M","T","E","R","?","M","$","R","B",null,"M","?","?","M","?","R","E","R","T","M","T","M","$","M","R","B"],"character_chosen":"DEFECT","items_purchased":["Steam","Electrodynamics","Go for the Eyes"],"campfire_rested":1,"item_purchase_floors":[3,30,30],"current_hp_per_floor":[61,61,61,61,61,61,61,60,60,49,49,49,49,49,49,18,61,41,41,26,26,51,51,32,32,32,32,32,32,32,32,54,0],"gold":195,"neow_bonus":"RANDOM_COLORLESS_2","is_prod":false,"is_daily":false,"chose_seed":false,"campfire_upgraded":5,"win_rate":0,"timestamp":1541192928,"path_taken":["M","?","$","M","$","R","?","M","T","E","R","?","M","?","R","BOSS","M","?","?","M","?","R","E","R","T","M","?","M","$","M","R","BOSS"],"build_version":"2018-11-01","purchased_purges":1,"victory":false,"max_hp_per_floor":[75,75,75,75,75,75,75,75,75,75,75,75,75,75,75,75,75,75,75,75,75,75,75,75,75,75,75,75,75,75,75,75,75],"card_choices":[{"not_picked":["Lockon","Beam Cell"],"picked":"Cold Snap","floor":1},{"not_picked":["Streamline","Reboot"],"picked":"Scrape","floor":4},{"not_picked":["Stack","Rebound"],"picked":"Coolheaded","floor":7},{"not_picked":["Barrage","Ball Lightning"],"picked":"Capacitor","floor":8},{"not_picked":["Stack","Hologram"],"picked":"Loop","floor":10},{"not_picked":["Streamline","Loop","Turbo"],"picked":"SKIP","floor":13},{"not_picked":["Meteor Strike","Machine Learning"],"picked":"Core Surge","floor":16},{"not_picked":["Recycle","Steam","Storm+1"],"picked":"SKIP","floor":18},{"not_picked":["Leap","Doom and Gloom"],"picked":"Fusion","floor":21},{"not_picked":["Rebound+1","Coolheaded"],"picked":"Gash","floor":24},{"not_picked":["Stack","Ball Lightning+1"],"picked":"White Noise","floor":27},{"not_picked":["Coolheaded","Sweeping Beam"],"picked":"BootSequence","floor":29},{"not_picked":["Darkness","Self Repair"],"picked":"Conserve Battery","floor":31},{"not_picked":["Force Field","Compile Driver"],"picked":"Stack","floor":32}],"player_experience":489714,"relics_obtained":[{"floor":9,"key":"Juzu Bracelet"},{"floor":10,"key":"Bronze Scales"},{"floor":24,"key":"Dream Catcher"},{"floor":26,"key":"Vajra"},{"floor":28,"key":"Darkstone Periapt"}],"event_choices":[{"damage_healed":0,"gold_gain":0,"player_choice":"Upgraded","damage_taken":0,"max_hp_gain":0,"max_hp_loss":0,"event_name":"Upgrade Shrine","floor":2,"gold_loss":0,"cards_upgraded":["Dualcast"]},{"damage_healed":0,"gold_gain":0,"player_choice":"Searched \u00271\u0027 times","damage_taken":0,"relics_obtained":["FossilizedHelix"],"max_hp_gain":0,"max_hp_loss":0,"event_name":"Dead Adventurer","floor":12,"gold_loss":0},{"damage_healed":0,"gold_gain":0,"player_choice":"Simplicity","damage_taken":0,"max_hp_gain":0,"max_hp_loss":0,"event_name":"Back to Basics","floor":19,"gold_loss":0,"cards_upgraded":["Strike_B","Strike_B","Strike_B","Strike_B","Defend_B","Defend_B","Defend_B","Defend_B"]},{"damage_healed":0,"gold_gain":0,"player_choice":"Fight","damage_taken":0,"max_hp_gain":0,"max_hp_loss":0,"event_name":"Colosseum","floor":20,"gold_loss":0},{"damage_healed":0,"gold_gain":0,"player_choice":"Fled From Nobs","damage_taken":0,"max_hp_gain":0,"max_hp_loss":0,"event_name":"Colosseum","floor":20,"gold_loss":0},{"damage_healed":25,"gold_gain":0,"player_choice":"Heal","damage_taken":0,"max_hp_gain":0,"max_hp_loss":0,"event_name":"The Library","floor":22,"gold_loss":0}],"is_beta":false,"boss_relics":[{"not_picked":["Eternal Feather","Ectoplasm"],"picked":"Velvet Choker"}],"items_purged_floors":[3],"is_endless":false,"potions_floor_spawned":[7,16,21,24,27],"killed_by":"Collector","ascension_level":11}