{"gold_per_floor":[110,127,145,164,180,180,213,213,213,16,45,45,45,45,45,45],"floor_reached":16,"playtime":949,"items_purged":["Strike_G"],"score":155,"play_id":"aeb44baa-b68e-4bef-bdec-5479ac487ab1","local_time":"20190319183102","is_ascension_mode":true,"campfire_choices":[{"data":"Dodge and Roll","floor":6,"key":"SMITH"},{"data":"Neutralize","floor":8,"key":"SMITH"},{"floor":13,"key":"REST"},{"data":"Noxious Fumes","floor":15,"key":"SMITH"}],"neow_cost":"NONE","seed_source_timestamp":6374328072821,"circlet_count":0,"master_deck":["AscendersBane","Defend_G","Defend_G","Defend_G","Defend_G","Defend_G","Strike_G","Strike_G","Strike_G","Strike_G","Survivor","Neutralize+1","Blur","Dodge and Roll+1","Acrobatics","Terror","Cloak And Dagger","Noxious Fumes+1","Crippling Poison","Backflip"],"relics":["Ring of the Snake","Blood Vial","Blue Candle","Singing Bowl","Odd Mushroom","Pen Nib"],"potions_floor_usage":[7,11,16],"damage_taken":[{"damage":1,"enemies":"Cultist","floor":1,"turns":5},{"damage":3,"enemies":"2 Louse","floor":2,"turns":5},{"damage":0,"enemies":"Small Slimes","floor":3,"turns":5},{"damage":11,"enemies":"3 Louse","floor":4,"turns":7},{"damage":4,"enemies":"2 Fungi Beasts","floor":5,"turns":7},{"damage":14,"enemies":"Lagavulin","floor":7,"turns":7},{"damage":29,"enemies":"The Mushroom Lair","floor":11,"turns":5},{"damage":62,"enemies":"Slime Boss","floor":16,"turns":10}],"seed_played":"5569951322267200346","potions_obtained":[{"floor":1,"key":"FearPotion"},{"floor":3,"key":"Strength Potion"},{"floor":7,"key":"SkillPotion"}],"is_trial":false,"path_per_floor":["M","M","M","M","M","R","E","R","T","$","?","?","R","?","R","B"],"character_chosen":"THE_SILENT","items_purchased":["Noxious Fumes","Crippling Poison"],"campfire_rested":1,"item_purchase_floors":[10,10],"current_hp_per_floor":[64,63,65,56,54,54,42,42,42,42,15,12,33,56,56,0],"gold":45,"neow_bonus":"RANDOM_COMMON_RELIC","is_prod":false,"is_daily":false,"chose_seed":false,"campfire_upgraded":3,"win_rate":0,"timestamp":1553016662,"path_taken":["M","M","M","M","M","R","E","R","T","$","?","?","R","?","R","BOSS"],"build_version":"2019-01-23","purchased_purges":1,"victory":false,"max_hp_per_floor":[70,70,70,70,70,70,70,70,70,70,70,70,70,70,70,70],"card_choices":[{"not_picked":["Quick Slash","Setup"],"picked":"Blur","floor":1},{"not_picked":["Poisoned Stab","Skewer"],"picked":"Dodge and Roll","floor":2},{"not_picked":["Riddle With Holes","Choke"],"picked":"Acrobatics","floor":3},{"not_picked":["Eviscerate","Reflex"],"picked":"Terror","floor":4},{"not_picked":["Dagger Throw","Deflect"],"picked":"Cloak And Dagger","floor":5},{"not_picked":["Envenom","Masterful Stab","Caltrops"],"picked":"SKIP","floor":7},{"not_picked":["Prepared","Finisher"],"picked":"Backflip","floor":11}],"player_experience":710193,"relics_obtained":[{"floor":7,"key":"Blue Candle"},{"floor":9,"key":"Singing Bowl"},{"floor":11,"key":"Odd Mushroom"}],"event_choices":[{"damage_healed":0,"gold_gain":0,"player_choice":"Fought Mushrooms","damage_taken":0,"max_hp_gain":0,"max_hp_loss":0,"event_name":"Mushrooms","floor":11,"gold_loss":0},{"damage_healed":0,"gold_gain":0,"player_choice":"Success","damage_taken":3,"relics_obtained":["Pen Nib"],"max_hp_gain":0,"max_hp_loss":0,"event_name":"Scrap Ooze","floor":12,"gold_loss":0},{"damage_healed":23,"gold_gain":0,"player_choice":"Banana","damage_taken":0,"max_hp_gain":0,"max_hp_loss":0,"event_name":"Big Fish","floor":14,"gold_loss":0}],"is_beta":false,"boss_relics":[],"items_purged_floors":[10],"is_endless":false,"potions_floor_spawned":[1,3,7],"killed_by":"Slime Boss","ascension_level":11}