{"gold_per_floor":[111,126,126,76,76,106,123,137,137,137,157,168,199,77,77,153,153,166,183,193,21,41,71,71,103,103,28,44,44,72,92,92,167,167,180,121,132,58,72,72,103,103,103,103,118,145,63,97,97,97,97,97,51,81,81],"floor_reached":56,"playtime":3462,"items_purged":["Perfected Strike","Strike_R"],"score":2242,"play_id":"4157a95a-c256-434a-9ce3-31ea0c5e4f18","local_time":"20190319220227","is_ascension_mode":true,"campfire_choices":[{"data":"Fiend Fire","floor":10,"key":"SMITH"},{"data":"Searing Blow","floor":15,"key":"SMITH"},{"data":"Corruption","floor":24,"key":"SMITH"},{"floor":32,"key":"REST"},{"floor":40,"key":"REST"},{"floor":42,"key":"RECALL"},{"floor":44,"key":"REST"},{"floor":49,"key":"REST"},{"data":"Juggernaut","floor":52,"key":"SMITH"}],"neow_cost":"NONE","seed_source_timestamp":511078336880854,"circlet_count":0,"master_deck":["AscendersBane","Strike_R","Defend_R","Defend_R","Defend_R","Defend_R","Bash","Searing Blow+1","Headbutt","Combust","Fiend Fire+1","Armaments","Shrug It Off","Dark Embrace","Feel No Pain","Pommel Strike+1","Burning Pact","Corruption+1","Battle Trance","Fiend Fire+1","Sentinel","Juggernaut+1","Feel No Pain","Shrug It Off+1","True Grit+1","Fiend Fire+1","Body Slam+1"],"relics":["Burning Blood","NeowsBlessing","Ornamental Fan","Dead Branch","Champion Belt","Molten Egg 2","Runic Pyramid","StoneCalendar","Happy Flower","Art of War","Ancient Tea Set","Mark of Pain","Potion Belt","Torii","Darkstone Periapt","PreservedInsect","Bottled Tornado"],"potions_floor_usage":[13,16,25,31,48,55,55,55],"damage_taken":[{"damage":0,"enemies":"Jaw Worm","floor":1,"turns":1},{"damage":0,"enemies":"Small Slimes","floor":2,"turns":1},{"damage":0,"enemies":"3 Sentries","floor":6,"turns":2},{"damage":1,"enemies":"Cultist","floor":7,"turns":3},{"damage":9,"enemies":"Looter","floor":8,"turns":3},{"damage":15,"enemies":"3 Louse","floor":11,"turns":3},{"damage":1,"enemies":"Exordium Thugs","floor":12,"turns":3},{"damage":10,"enemies":"Lagavulin","floor":13,"turns":6},{"damage":50,"enemies":"Slime Boss","floor":16,"turns":11},{"damage":5,"enemies":"Shell Parasite","floor":18,"turns":3},{"damage":15,"enemies":"3 Byrds","floor":19,"turns":3},{"damage":3,"enemies":"Centurion and Healer","floor":20,"turns":4},{"damage":0,"enemies":"Sentry and Sphere","floor":22,"turns":4},{"damage":22,"enemies":"Book of Stabbing","floor":23,"turns":6},{"damage":6,"enemies":"Gremlin Leader","floor":25,"turns":3},{"damage":0,"enemies":"Snake Plant","floor":28,"turns":2},{"damage":25,"enemies":"Slavers","floor":30,"turns":5},{"damage":3,"enemies":"Shelled Parasite and Fungi","floor":31,"turns":3},{"damage":1,"enemies":"Collector","floor":33,"turns":3},{"damage":2,"enemies":"3 Shapes","floor":35,"turns":3},{"damage":20,"enemies":"3 Darklings","floor":37,"turns":4},{"damage":22,"enemies":"Writhing Mass","floor":39,"turns":3},{"damage":27,"enemies":"Reptomancer","floor":41,"turns":5},{"damage":9,"enemies":"Transient","floor":45,"turns":2},{"damage":1,"enemies":"Giant Head","floor":46,"turns":6},{"damage":28,"enemies":"Reptomancer","floor":48,"turns":3},{"damage":16,"enemies":"Donu and Deca","floor":50,"turns":8},{"damage":0,"enemies":"Shield and Spear","floor":54,"turns":3},{"damage":34,"enemies":"The Heart","floor":55,"turns":5}],"seed_played":"-3075068862863934215","potions_obtained":[{"floor":2,"key":"Fire Potion"},{"floor":12,"key":"SteroidPotion"},{"floor":13,"key":"Poison Potion"},{"floor":16,"key":"Ancient Potion"},{"floor":19,"key":"Block Potion"},{"floor":25,"key":"Energy Potion"},{"floor":31,"key":"Regen Potion"},{"floor":37,"key":"Energy Potion"},{"floor":41,"key":"Dexterity Potion"},{"floor":54,"key":"SpeedPotion"}],"is_trial":false,"path_per_floor":["M","M","?","?","?","E","M","M","T","R","M","M","E","$","R","B",null,"M","M","M","$","M","E","R","E","T","?","M","$","E","M","R","B",null,"M","?","M","$","M","R","E","R","T","R","M","E","$","E","R","B",null,"R","$","E","B",null],"character_chosen":"IRONCLAD","items_purchased":["Shrug It Off","Corruption","Feel No Pain","Fiend Fire+1","Body Slam+1"],"campfire_rested":4,"item_purchase_floors":[14,21,38,47,53],"current_hp_per_floor":[74,75,72,72,72,75,75,72,72,72,63,68,64,64,64,20,61,62,53,56,56,62,46,46,46,46,46,52,52,33,36,58,63,72,75,75,61,61,45,67,46,46,46,68,65,70,70,48,70,60,71,71,71,75,56],"gold":81,"neow_bonus":"THREE_ENEMY_KILL","is_prod":false,"is_daily":false,"chose_seed":false,"campfire_upgraded":4,"win_rate":0,"timestamp":1553047347,"path_taken":["M","M","?","?","?","E","M","?","T","R","M","M","E","$","R","BOSS","M","M","?","$","M","E","R","E","T","?","M","$","E","M","R","BOSS","M","?","M","$","M","R","E","R","T","R","M","E","?","E","R","BOSS","R","$","E","BOSS"],"build_version":"2019-01-23","purchased_purges":2,"victory":true,"max_hp_per_floor":[75,75,75,75,75,75,75,75,75,75,75,75,75,75,75,75,75,75,75,75,75,75,75,75,75,75,75,75,75,75,75,75,75,75,75,75,75,75,75,75,75,75,75,75,75,75,75,75,75,75,75,75,75,75,75],"card_choices":[{"not_picked":["Thunderclap","Metallicize"],"picked":"Perfected Strike","floor":1},{"not_picked":["Havoc","Heavy Blade"],"picked":"Searing Blow","floor":2},{"not_picked":["Brutality","Twin Strike"],"picked":"Headbutt","floor":6},{"not_picked":["Heavy Blade","Body Slam"],"picked":"Combust","floor":7},{"not_picked":["Sentinel","Rupture"],"picked":"Fiend Fire","floor":8},{"not_picked":["Clash","Anger"],"picked":"Armaments","floor":11},{"not_picked":["Armaments","True Grit","Clash"],"picked":"SKIP","floor":12},{"not_picked":["Iron Wave","Perfected Strike","Evolve"],"picked":"SKIP","floor":13},{"not_picked":["Exhume","Berserk"],"picked":"Dark Embrace","floor":16},{"not_picked":["Clash+1","Iron Wave+1"],"picked":"Feel No Pain","floor":18},{"not_picked":["Shockwave","Cleave+1"],"picked":"Pommel Strike+1","floor":19},{"not_picked":["Searing Blow+1","Headbutt+1"],"picked":"Burning Pact","floor":20},{"not_picked":["Flex","Sever Soul+1"],"picked":"Battle Trance","floor":22},{"not_picked":["Fire Breathing","Armaments","Wild Strike+1"],"picked":"SKIP","floor":23},{"not_picked":["Dual Wield","Rage","Pummel+1"],"picked":"SKIP","floor":25},{"not_picked":["Rupture","Burning Pact+1","Shockwave"],"picked":"SKIP","floor":28},{"not_picked":["Twin Strike+1","Barricade"],"picked":"Fiend Fire+1","floor":30},{"not_picked":["Armaments","Searing Blow+1"],"picked":"Sentinel","floor":31},{"not_picked":["Demon Form","Brutality"],"picked":"Juggernaut","floor":33},{"not_picked":["Cleave+1","Evolve+1","Clothesline+1"],"picked":"SKIP","floor":35},{"not_picked":["Searing Blow+1","Warcry","Armaments"],"picked":"SKIP","floor":37},{"not_picked":["Armaments","Sword Boomerang+1","Spot Weakness+1"],"picked":"SKIP","floor":39},{"not_picked":["Carnage+1","Cleave+1","Demon Form"],"picked":"SKIP","floor":41},{"not_picked":["Anger+1","Havoc"],"picked":"Shrug It Off+1","floor":45},{"not_picked":["Cleave+1","Blood for Blood+1"],"picked":"True Grit+1","floor":46},{"not_picked":["True Grit","Metallicize","Thunderclap+1"],"picked":"SKIP","floor":48},{"not_picked":["Iron Wave+1","Whirlwind+1","Infernal Blade"],"picked":"SKIP","floor":54}],"player_experience":315424,"relics_obtained":[{"floor":6,"key":"Dead Branch"},{"floor":9,"key":"Champion Belt"},{"floor":13,"key":"Molten Egg 2"},{"floor":23,"key":"StoneCalendar"},{"floor":25,"key":"Happy Flower"},{"floor":26,"key":"Art of War"},{"floor":30,"key":"Ancient Tea Set"},{"floor":41,"key":"Torii"},{"floor":46,"key":"Darkstone Periapt"},{"floor":48,"key":"PreservedInsect"},{"floor":54,"key":"Bottled Tornado"}],"event_choices":[{"damage_healed":0,"gold_gain":0,"player_choice":"Success","damage_taken":3,"relics_obtained":["Ornamental Fan"],"max_hp_gain":0,"max_hp_loss":0,"event_name":"Scrap Ooze","floor":3,"gold_loss":0},{"cards_removed":["Strike_R"],"damage_healed":0,"gold_gain":0,"player_choice":"Card Removal","damage_taken":0,"max_hp_gain":0,"max_hp_loss":0,"event_name":"The Cleric","floor":4,"gold_loss":50},{"cards_removed":["Strike_R"],"damage_healed":0,"gold_gain":0,"player_choice":"Forget","damage_taken":0,"max_hp_gain":0,"max_hp_loss":0,"event_name":"Living Wall","floor":5,"gold_loss":0},{"cards_removed":["Strike_R"],"damage_healed":0,"gold_gain":0,"player_choice":"Gave Gold","damage_taken":0,"max_hp_gain":0,"max_hp_loss":0,"event_name":"Beggar","floor":27,"gold_loss":75},{"damage_healed":0,"gold_gain":0,"player_choice":"Paid Gold","damage_taken":0,"relics_obtained":["Potion Belt"],"max_hp_gain":0,"max_hp_loss":0,"event_name":"WeMeetAgain","floor":36,"gold_loss":59}],"is_beta":false,"boss_relics":[{"not_picked":["Sozu","Eternal Feather"],"picked":"Runic Pyramid"},{"not_picked":["Astrolabe","Tiny House"],"picked":"Mark of Pain"}],"items_purged_floors":[14,21],"is_endless":false,"potions_floor_spawned":[2,12,13,16,19,25,28,31,33,37,41,45,54],"ascension_level":14}