{"path_per_floor":["M","?","?","M","T","E","T","?","T","M","M","M","R","M","R","B",null,"M","?","$","?","M","R","E","R","T","R","M","M","T","M","R","B",null,"M","?","?","M","M","M","R"],"character_chosen":"THE_SILENT","items_purchased":["Peace Pipe","Leg Sweep"],"gold_per_floor":[112,112,112,123,146,178,201,376,376,388,399,412,412,427,427,531,531,543,543,98,98,117,117,151,151,151,151,161,171,195,211,211,310,310,327,327,327,338,352,369,369],"floor_reached":42,"campfire_rested":1,"playtime":4469,"current_hp_per_floor":[62,62,62,62,62,49,49,49,49,51,52,54,54,56,56,10,63,61,61,61,61,63,63,61,61,61,61,58,50,50,49,49,37,63,59,51,51,36,13,22,40],"items_purged":["Doubt"],"gold":369,"score":504,"play_id":"d115d16a-5f47-4006-8880-556adea04cfb","local_time":"20180314034215","is_prod":false,"is_daily":false,"is_ascension_mode":true,"campfire_upgraded":5,"timestamp":1520998935,"path_taken":["M","?","?","M","?","E","?","?","T","M","?","M","R","M","R","BOSS","M","?","$","?","M","R","E","R","T","R","M","M","?","M","R","BOSS","M","?","?","?","M","M","R","E"],"build_version":"2018-03-09","purchased_purges":1,"victory":false,"master_deck":["Defend_G","Defend_G","Defend_G","Defend_G","Defend_G","Strike_G","Strike_G","Strike_G","Strike_G","Survivor","Neutralize+1","Infinite Blades","Flechettes+1","Quick Slash","Prepared+1","Cloak And Dagger","Dodge and Roll+1","Flying Knee","After Image+1","PiercingWail+1","Leg Sweep","After Image","Outmaneuver+1","Malaise+1","Dagger Spray+1","Prepared","After Image","Flying Knee+1","Madness","Madness","Slice+1","Prepared+1"],"max_hp_per_floor":[63,63,63,63,63,63,63,63,63,63,63,63,63,63,63,63,63,63,63,63,63,63,63,63,63,63,63,63,63,63,63,63,63,63,63,63,63,63,63,63,63],"relics":["Ring of the Snake","Gambling Chip","Bag of Preparation","Tough Bandages","Blood Vial","Orichalcum","Runic Pyramid","Peace Pipe","Kunai","Shovel","Pen Nib","Sundial","Black Star"],"card_choices":[{"not_picked":["Choke","Blade Dance"],"picked":"Infinite Blades"},{"not_picked":["Heel Hook","Choke"],"picked":"Quick Slash"},{"not_picked":["Poisoned Stab","Deadly Poison"],"picked":"Prepared"},{"not_picked":["Deflect","Dagger Throw"],"picked":"Cloak And Dagger"},{"not_picked":["Deadly Poison","Die Die Die"],"picked":"Dodge and Roll"},{"not_picked":["Quick Slash","Cloak And Dagger"],"picked":"Flying Knee"},{"not_picked":["Night Terror","Grand Finale"],"picked":"After Image"},{"not_picked":["Poisoned Stab","Skewer"],"picked":"PiercingWail"},{"not_picked":["Poisoned Stab","Prepared"],"picked":"Outmaneuver"},{"not_picked":["Caltrops","Adrenaline"],"picked":"Malaise"},{"not_picked":["Slice","Well Laid Plans"],"picked":"Dagger Spray"},{"not_picked":["Quick Slash","Malaise"],"picked":"Prepared"},{"not_picked":["Venomology","Night Terror"],"picked":"After Image"},{"not_picked":["Malaise","Heel Hook"],"picked":"Flying Knee"},{"not_picked":["Dagger Throw","Noxious Fumes"],"picked":"Slice"},{"not_picked":["Deflect","Bouncing Flask"],"picked":"Prepared"}],"player_experience":184613,"potions_floor_usage":[16,40],"damage_taken":[{"damage":1,"enemies":"Small Slimes","floor":1,"turns":3},{"damage":0,"enemies":"Cultist","floor":4,"turns":3},{"damage":13,"enemies":"3 Sentries","floor":6,"turns":9},{"damage":0,"enemies":"2 Louse","floor":10,"turns":2},{"damage":1,"enemies":"Exordium Thugs","floor":11,"turns":6},{"damage":0,"enemies":"Blue Slaver","floor":12,"turns":3},{"damage":0,"enemies":"Looter","floor":14,"turns":2},{"damage":48,"enemies":"Hexaghost","floor":16,"turns":16},{"damage":2,"enemies":"Chosen","floor":18,"turns":4},{"damage":0,"enemies":"Shell Parasite","floor":22,"turns":7},{"damage":2,"enemies":"Book of Stabbing","floor":24,"turns":7},{"damage":5,"enemies":"Cultist and Chosen","floor":28,"turns":13},{"damage":10,"enemies":"Snecko","floor":29,"turns":7},{"damage":3,"enemies":"Centurion and Healer","floor":31,"turns":10},{"damage":14,"enemies":"Collector","floor":33,"turns":16},{"damage":4,"enemies":"Orb Walker","floor":35,"turns":5},{"damage":17,"enemies":"3 Darklings","floor":38,"turns":11},{"damage":25,"enemies":"4 Shapes","floor":39,"turns":9},{"damage":8,"enemies":"Maw","floor":40,"turns":13},{"damage":45,"enemies":"Giant Head","floor":42,"turns":11}],"event_choices":[{"event_name":"Upgrade Shrine","player_choice":"Upgraded","floor":2,"damage_taken":0},{"event_name":"Transmorgrifier","player_choice":"Transform","floor":3,"damage_taken":0},{"event_name":"Liars Game","player_choice":"agreed","floor":8,"damage_taken":0},{"event_name":"The Woman in Blue","player_choice":"Bought 0 Potions","floor":19,"damage_taken":0},{"event_name":"Duplicator","player_choice":"One dupe","floor":21,"damage_taken":0},{"event_name":"Winding Halls","player_choice":"Embrace Madness","floor":36,"damage_taken":0},{"event_name":"Tomb of Lord Red Mask","player_choice":"Ignored","floor":37,"damage_taken":0}],"boss_relics":[{"not_picked":["Velvet Choker","Question Card"],"picked":"Runic Pyramid"},{"not_picked":["Calling Bell","Runic Dome"],"picked":"Black Star"}],"potions_floor_spawned":[1,4,6,12,16,18,31,39],"seed_played":"138669435535798647","killed_by":"Giant Head","ascension_level":4,"is_trial":false}