{"path_per_floor":["M","?","M","?","M","R","E","M","T","M","R","?","M","?","R","B",null,"M","$","M"],"character_chosen":"IRONCLAD","items_purchased":["Seeing Red","Enlightenment"],"gold_per_floor":[110,110,127,127,145,145,176,186,232,246,246,246,259,259,259,380,380,366,131,144],"floor_reached":21,"campfire_rested":1,"playtime":2218,"current_hp_per_floor":[77,77,75,75,76,76,65,71,71,51,75,75,71,71,71,34,80,56,56,41],"items_purged":[],"gold":144,"play_id":"d2a648de-6b42-4ab3-82cc-d9d61dcf8afd","is_prod":false,"is_daily":false,"is_ascension_mode":false,"campfire_upgraded":2,"path_taken":["M","?","M","?","M","R","E","M","T","M","R","?","M","?","R","BOSS","M","$","M","M"],"build_version":"2018-02-01-PROD3","purchased_purges":0,"victory":false,"master_deck":["Strike_R","Strike_R","Strike_R","Strike_R","Defend_R","Defend_R","Defend_R","Bash+1","Second Wind","Perfected Strike","Fire Breathing","Feel No Pain","Thunderclap","Juggernaut+1","Flex+1","Shrug It Off","Injury","Rampage","Barricade+1","Inflame+1","Seeing Red","Enlightenment","Anger"],"max_hp_per_floor":[80,80,80,80,80,80,80,80,80,80,80,80,80,80,80,80,80,80,80,80],"relics":["Burning Blood","Frozen Egg 2","Pen Nib","Golden Idol","Bag of Preparation","Question Card"],"card_choices":[{"not_picked":["Warcry","True Grit"],"picked":"Second Wind"},{"not_picked":["Battle Trance","Warcry"],"picked":"Perfected Strike"},{"not_picked":["Rampage","Anger"],"picked":"Fire Breathing"},{"not_picked":["Cleave","Rampage"],"picked":"Thunderclap"},{"not_picked":["Berserk","Anger"],"picked":"Juggernaut"},{"not_picked":["Warcry","Perfected Strike"],"picked":"Flex"},{"not_picked":["Fire Breathing","Pommel Strike"],"picked":"Shrug It Off"},{"not_picked":["Searing Blow","Dark Embrace"],"picked":"Rampage"},{"not_picked":["Bludgeon","Reaper"],"picked":"Barricade"},{"not_picked":["Pummel","Burning Pact","Shrug It Off"],"picked":"Inflame"},{"not_picked":["Cleave","Flex","Armaments"],"picked":"Anger"}],"player_experience":14314,"potions_floor_usage":[16,16,20,21],"damage_taken":[{"damage":9,"enemies":"Cultist","floor":1,"turns":4},{"damage":8,"enemies":"Blue Slaver","floor":3,"turns":5},{"damage":5,"enemies":"2 Louse","floor":5,"turns":3},{"damage":17,"enemies":"3 Sentries","floor":7,"turns":9},{"damage":0,"enemies":"Large Slime","floor":8,"turns":5},{"damage":26,"enemies":"Lots of Slimes","floor":10,"turns":4},{"damage":10,"enemies":"3 Louse","floor":13,"turns":4},{"damage":52,"enemies":"The Guardian","floor":16,"turns":10},{"damage":30,"enemies":"2 Thieves","floor":18,"turns":4},{"damage":21,"enemies":"3 Byrds","floor":20,"turns":5},{"damage":42,"enemies":"Sentry and Sphere","floor":21,"turns":4}],"event_choices":[{"event_name":"Purifier","player_choice":"One Purge","floor":2,"damage_taken":0},{"event_name":"Transmorgrifier","player_choice":"Transform","floor":4,"damage_taken":0},{"event_name":"Golden Idol","player_choice":"Take Wound","floor":12,"damage_taken":0},{"event_name":"Dead Adventurer","player_choice":"Searched \u00272\u0027 times","floor":14,"damage_taken":0}],"boss_relics":[{"not_picked":["Runic Dome","White Beast Statue"],"picked":"Question Card"}],"potions_floor_spawned":[3,8,13,18],"seed_played":"4192851479327695917","killed_by":"Sentry and Sphere","ascension_level":0,"is_trial":false}