{"gold_per_floor":[114,189,241,191,208,208,218,218,218,231,243,14,46,46,46,170,170,193,193,243,243,243,268,268,85,111,111,32,50,50,90,90,216,216,232,232,232,252,352,352,352,370,370,703,720,738,738,738,738,738],"floor_reached":51,"playtime":1135,"items_purged":["Strike_R+1"],"score":735,"play_id":"e500dfbb-bb02-43af-a1f7-86b5a4da9f48","local_time":"20190327212958","is_ascension_mode":false,"campfire_choices":[{"data":"Armaments","floor":6.0,"key":"SMITH"},{"data":"Bash","floor":8.0,"key":"SMITH"},{"data":"Armaments","floor":15.0,"key":"SMITH"},{"data":"Shockwave","floor":24.0,"key":"SMITH"},{"data":"Corruption","floor":27.0,"key":"SMITH"},{"data":"Whirlwind","floor":32.0,"key":"SMITH"},{"data":"Dark Embrace","floor":40,"key":"SMITH"},{"data":"Spot Weakness","floor":47,"key":"SMITH"},{"floor":49,"key":"REST"}],"neow_cost":"TEN_PERCENT_HP_LOSS","seed_source_timestamp":15899592094979,"circlet_count":0,"master_deck":["Defend_R+1","Defend_R+1","Defend_R+1","Defend_R+1","Bash+1","Shockwave+1","Armaments+1","Armaments+1","Clothesline","Flex","Predator","Bludgeon","Steam+1","Corruption+1","Battle Trance","Whirlwind+1","Skewer+1","Dark Embrace+1","Master of Strategy","Searing Blow+1","Warcry+1","Transmutation","Shrug It Off+1","Double Energy+1","Spot Weakness+1","Writhe"],"special_seed":0,"relics":["Burning Blood","Ice Cream","Juzu Bracelet","Shuriken","PrismaticShard","Pear","Sozu","Ornamental Fan","Spirit Poop","Ancient Tea Set","Kunai","Astrolabe","Nunchaku"],"potions_floor_usage":[],"damage_taken":[{"damage":4.0,"enemies":"2 Louse","floor":1.0,"turns":3.0},{"damage":3.0,"enemies":"Jaw Worm","floor":5.0,"turns":4.0},{"damage":1.0,"enemies":"Cultist","floor":7.0,"turns":3.0},{"damage":14.0,"enemies":"Large Slime","floor":10.0,"turns":7.0},{"damage":4.0,"enemies":"Looter","floor":11.0,"turns":3.0},{"damage":0.0,"enemies":"Gremlin Nob","floor":13.0,"turns":3.0},{"damage":54.0,"enemies":"Slime Boss","floor":16.0,"turns":14.0},{"damage":20.0,"enemies":"2 Thieves","floor":18.0,"turns":4.0},{"damage":0.0,"enemies":"Spheric Guardian","floor":23.0,"turns":3.0},{"damage":0.0,"enemies":"Centurion and Healer","floor":29.0,"turns":4.0},{"damage":28.0,"enemies":"Slavers","floor":31.0,"turns":4.0},{"damage":16.0,"enemies":"Collector","floor":33.0,"turns":7.0},{"damage":11,"enemies":"Orb Walker","floor":35,"turns":4},{"damage":14,"enemies":"3 Darklings","floor":38,"turns":4},{"damage":8,"enemies":"Sphere and 2 Shapes","floor":42,"turns":3},{"damage":14,"enemies":"Spire Growth","floor":45,"turns":4},{"damage":12,"enemies":"Maw","floor":46,"turns":5},{"damage":23,"enemies":"Time Eater","floor":50,"turns":7}],"seed_played":"3875450384845490227","potions_obtained":[{"floor":7.0,"key":"Block Potion"},{"floor":11.0,"key":"AttackPotion"},{"floor":16.0,"key":"Poison Potion"}],"is_trial":false,"path_per_floor":["M","?","T","?","M","R","M","R","T","M","M","$","E","?","R","B",null,"M","?","?","?","?","M","R","$","T","R","$","M","$","E","R","B",null,"M","?","?","M","?","R","?","M","T","?","M","M","R","?","R","B",null],"character_chosen":"IRONCLAD","items_purchased":["PrismaticShard","Flex","Corruption","Battle Trance","Whirlwind"],"campfire_rested":1,"item_purchase_floors":[12,12,25,25,28],"current_hp_per_floor":[72,61,61,61,64,64,69,69,69,61,63,63,79,59,59,11,82,68,68,68,68,68,74,74,74,74,74,74,80,80,58,58,48,82,77,77,77,69,69,69,69,67,67,67,59,53,53,74,82,65],"gold":738,"neow_bonus":"ONE_RARE_RELIC","is_prod":false,"is_daily":false,"chose_seed":false,"campfire_upgraded":8,"win_rate":0,"timestamp":1553743798,"path_taken":["M","?","?","?","M","R","M","R","T","M","M","$","E","?","R","BOSS","M","?","?","?","?","M","R","?","T","R","$","M","$","E","R","BOSS","M","?","?","M","?","R","?","M","T","?","M","M","R","?","R","BOSS"],"build_version":"2019-01-23","purchased_purges":1,"victory":true,"max_hp_per_floor":[72,72,72,72,72,72,72,72,72,72,72,72,82,82,82,82,82,82,82,82,82,82,82,82,82,82,82,82,82,82,82,82,82,82,82,82,82,82,82,82,82,82,82,82,82,82,82,82,82,82],"card_choices":[{"not_picked":["Sword Boomerang","Burning Pact"],"picked":"Shockwave","floor":1.0},{"not_picked":["Perfected Strike","Headbutt"],"picked":"Armaments","floor":5.0},{"not_picked":["Shockwave","Havoc","Body Slam"],"picked":"SKIP","floor":7.0},{"not_picked":["Warcry","Armaments","Burning Pact"],"picked":"SKIP","floor":10.0},{"not_picked":["Warcry","Burning Pact"],"picked":"Armaments","floor":10.0},{"not_picked":["Iron Wave","Wild Strike"],"picked":"Clothesline","floor":11.0},{"not_picked":["Infernal Blade","Pommel Strike"],"picked":"Predator","floor":13.0},{"not_picked":["Mayhem","Amplify"],"picked":"Bludgeon","floor":16.0},{"not_picked":["Rebound","Warcry"],"picked":"Steam+1","floor":18.0},{"not_picked":["True Grit","Doom and Gloom","Stack"],"picked":"SKIP","floor":23.0},{"not_picked":["Armaments","A Thousand Cuts"],"picked":"Skewer+1","floor":29.0},{"not_picked":["Calculated Gamble","Skim"],"picked":"Dark Embrace","floor":31.0},{"not_picked":["Juggernaut","The Bomb"],"picked":"Master of Strategy","floor":33.0},{"not_picked":["Masterful Stab+1","Leap","Deadly Poison+1"],"picked":"SKIP","floor":35},{"not_picked":["Apotheosis","Dramatic Entrance"],"picked":"Transmutation","floor":37},{"not_picked":["Backflip","Acrobatics"],"picked":"Shrug It Off+1","floor":38},{"not_picked":["Whirlwind+1","All Out Attack"],"picked":"Double Energy+1","floor":42},{"not_picked":["Trip","Steam","Bandage Up"],"picked":"SKIP","floor":45},{"not_picked":["Rampage","Thunderclap+1"],"picked":"Spot Weakness","floor":46}],"player_experience":1132475,"relics_obtained":[{"floor":3.0,"key":"Juzu Bracelet"},{"floor":9.0,"key":"Shuriken"},{"floor":13.0,"key":"Pear"},{"floor":26.0,"key":"Ancient Tea Set"},{"floor":31.0,"key":"Kunai"},{"floor":43,"key":"Nunchaku"}],"event_choices":[{"damage_healed":0.0,"max_hp_gain":0.0,"max_hp_loss":0.0,"gold_gain":75.0,"event_name":"World of Goop","player_choice":"Gather Gold","floor":2.0,"gold_loss":0.0,"damage_taken":11.0},{"cards_removed":["Strike_R"],"damage_healed":0.0,"max_hp_gain":0.0,"max_hp_loss":0.0,"gold_gain":0.0,"event_name":"The Cleric","player_choice":"Card Removal","floor":4.0,"gold_loss":50.0,"damage_taken":0.0},{"damage_healed":0.0,"max_hp_gain":0.0,"max_hp_loss":0.0,"gold_gain":0.0,"event_name":"Golden Idol","player_choice":"Take Damage","floor":14.0,"gold_loss":0.0,"damage_taken":20.0,"relics_obtained":["Golden Idol"]},{"damage_healed":0.0,"max_hp_gain":0.0,"max_hp_loss":0.0,"gold_gain":0.0,"event_name":"Back to Basics","player_choice":"Simplicity","floor":19.0,"gold_loss":0.0,"damage_taken":0.0,"cards_upgraded":["Strike_R","Strike_R","Strike_R","Strike_R","Defend_R","Defend_R","Defend_R","Defend_R"]},{"damage_healed":0.0,"max_hp_gain":0.0,"max_hp_loss":0.0,"gold_gain":100.0,"event_name":"The Joust","player_choice":"Bet on Murderer","floor":20.0,"gold_loss":50.0,"damage_taken":0.0},{"damage_healed":0.0,"max_hp_gain":0.0,"max_hp_loss":0.0,"gold_gain":0.0,"event_name":"The Mausoleum","player_choice":"Opened","floor":21.0,"gold_loss":0.0,"damage_taken":0.0,"relics_obtained":["Ornamental Fan"],"cards_obtained":["Writhe"]},{"cards_removed":["Writhe"],"damage_healed":0.0,"max_hp_gain":0.0,"max_hp_loss":0.0,"gold_gain":0.0,"event_name":"Bonfire Elementals","player_choice":"Offered Curse","floor":22.0,"gold_loss":0.0,"damage_taken":0.0,"relics_obtained":["Spirit Poop"]},{"cards_removed":["Heavy Blade"],"damage_healed":0,"gold_gain":0,"player_choice":"Removed Attack","damage_taken":0,"max_hp_gain":0,"max_hp_loss":0,"event_name":"Falling","floor":36,"gold_loss":0},{"damage_healed":0,"gold_gain":0,"player_choice":"Memory 1","damage_taken":0,"max_hp_gain":0,"max_hp_loss":0,"event_name":"SensoryStone","floor":37,"gold_loss":0},{"damage_healed":0,"gold_gain":100,"player_choice":"Pray","damage_taken":0,"max_hp_gain":0,"max_hp_loss":0,"event_name":"Golden Shrine","floor":39,"gold_loss":0},{"damage_healed":0,"gold_gain":0,"player_choice":"Got Potions","damage_taken":0,"max_hp_gain":0,"max_hp_loss":0,"event_name":"Lab","floor":41,"gold_loss":0},{"damage_healed":0,"gold_gain":333,"player_choice":"Gave Idol","damage_taken":0,"max_hp_gain":0,"max_hp_loss":0,"event_name":"The Moai Head","floor":44,"relics_lost":["Golden Idol"],"gold_loss":0},{"damage_healed":21,"gold_gain":0,"player_choice":"Writhe","damage_taken":0,"max_hp_gain":0,"max_hp_loss":0,"event_name":"Winding Halls","floor":48,"gold_loss":0,"cards_obtained":["Writhe"]}],"is_beta":false,"boss_relics":[{"not_picked":["Runic Pyramid","Fusion Hammer"],"picked":"Sozu"},{"not_picked":["Black Blood","Orrery"],"picked":"Astrolabe"}],"items_purged_floors":[25],"is_endless":false,"potions_floor_spawned":[7,11,16,23,29,33,42,45,46],"ascension_level":0}