{"gold_per_floor":[111,111,127,24,99,133,133,164,164,180,193,228,228,248,248,323,323,335,354,354,217,132,146,177,177,202,237,263,313,327,337,337,410,410,425,480,330,330,356,383,383,410,435,470,498,513,532,561,561,561,561,561,561,57,87,87],"floor_reached":57,"playtime":4386,"items_purged":["Pain","Phantasmal Killer+1","Dagger Spray"],"score":3512,"play_id":"08dbe0d5-51ac-4df1-934c-fc6ba29da526","local_time":"20190330132644","is_ascension_mode":true,"campfire_choices":[{"data":"Poisoned Stab","floor":7.0,"key":"SMITH"},{"data":"Leg Sweep","floor":13.0,"key":"SMITH"},{"floor":15.0,"key":"REST"},{"floor":25.0,"key":"REST"},{"data":"Footwork","floor":32.0,"key":"SMITH"},{"floor":41.0,"key":"RECALL"},{"data":"After Image","floor":49.0,"key":"SMITH"},{"data":"Neutralize","floor":53.0,"key":"SMITH"}],"neow_cost":"NONE","seed_source_timestamp":1496616544717080,"circlet_count":0,"master_deck":["AscendersBane","Survivor","Neutralize+1","Leg Sweep+1","PiercingWail","Poisoned Stab+1","Envenom","Dash","Cloak And Dagger+1","Cloak And Dagger+1","Deflect+1","Cloak And Dagger+1","Adrenaline+1","Night Terror+1","Adrenaline+1","Noxious Fumes","Noxious Fumes","Backstab","Prepared+1","Envenom","Doppelganger+1","Cloak And Dagger+1","Adrenaline+1","Footwork+1","Crippling Poison+1","Backflip+1","After Image+1","Cloak And Dagger+1","Dodge and Roll+1","PiercingWail+1","Dodge and Roll+1","PiercingWail+1","Acrobatics+1","Backflip+1","Corpse Explosion+1","Malaise+1"],"special_seed":0,"relics":["Ring of the Snake","NeowsBlessing","WarpedTongs","Tingsha","Matryoshka","Toxic Egg 2","Pear","Bottled Flame","Pandora\u0027s Box","Tiny Chest","Singing Bowl","Pantograph","Bag of Marbles","Lantern","PreservedInsect","Oddly Smooth Stone","Runic Dome","WingedGreaves","Bottled Lightning","Bronze Scales","Unceasing Top","Pen Nib","Smiling Mask","Dead Branch","Paper Crane","OrangePellets","Vajra"],"potions_floor_usage":[56],"damage_taken":[{"damage":0.0,"enemies":"2 Louse","floor":1.0,"turns":1.0},{"damage":0.0,"enemies":"Cultist","floor":3.0,"turns":2.0},{"damage":0.0,"enemies":"Gremlin Nob","floor":6.0,"turns":1.0},{"damage":32.0,"enemies":"3 Sentries","floor":8.0,"turns":13.0},{"damage":0.0,"enemies":"Jaw Worm","floor":10.0,"turns":4.0},{"damage":0.0,"enemies":"Looter","floor":11.0,"turns":3.0},{"damage":5.0,"enemies":"Lagavulin","floor":12.0,"turns":8.0},{"damage":7.0,"enemies":"Exordium Thugs","floor":14.0,"turns":7.0},{"damage":41.0,"enemies":"Slime Boss","floor":16.0,"turns":14.0},{"damage":3.0,"enemies":"Shell Parasite","floor":18.0,"turns":4.0},{"damage":0.0,"enemies":"2 Thieves","floor":19.0,"turns":3.0},{"damage":24.0,"enemies":"Cultist and Chosen","floor":23.0,"turns":7.0},{"damage":0.0,"enemies":"Gremlin Leader","floor":24.0,"turns":4.0},{"damage":0.0,"enemies":"Book of Stabbing","floor":27.0,"turns":3.0},{"damage":0.0,"enemies":"Shelled Parasite and Fungi","floor":30.0,"turns":5.0},{"damage":0.0,"enemies":"Chosen and Byrds","floor":31.0,"turns":2.0},{"damage":2.0,"enemies":"Automaton","floor":33.0,"turns":8.0},{"damage":0.0,"enemies":"3 Shapes","floor":35.0,"turns":3.0},{"damage":0.0,"enemies":"2 Orb Walkers","floor":36.0,"turns":3.0},{"damage":0.0,"enemies":"Nemesis","floor":40.0,"turns":5.0},{"damage":0.0,"enemies":"Reptomancer","floor":42.0,"turns":4.0},{"damage":0.0,"enemies":"Giant Head","floor":44.0,"turns":6.0},{"damage":6.0,"enemies":"Nemesis","floor":45.0,"turns":4.0},{"damage":0.0,"enemies":"Orb Walker","floor":46.0,"turns":2.0},{"damage":0.0,"enemies":"4 Shapes","floor":47.0,"turns":2.0},{"damage":0.0,"enemies":"Reptomancer","floor":48.0,"turns":2.0},{"damage":0.0,"enemies":"Donu and Deca","floor":50.0,"turns":4.0},{"damage":8.0,"enemies":"Time Eater","floor":51.0,"turns":16.0},{"damage":1.0,"enemies":"Shield and Spear","floor":55.0,"turns":5.0},{"damage":7,"enemies":"The Heart","floor":56,"turns":9}],"seed_played":"1081607200985706643","potions_obtained":[{"floor":3.0,"key":"Ancient Potion"},{"floor":10.0,"key":"SpeedPotion"},{"floor":11.0,"key":"Fruit Juice"},{"floor":12.0,"key":"EssenceOfSteel"},{"floor":14.0,"key":"GhostInAJar"},{"floor":18.0,"key":"LiquidBronze"},{"floor":30.0,"key":"PowerPotion"},{"floor":40.0,"key":"Regen Potion"}],"is_trial":false,"path_per_floor":["M","?","M","$","?","E","R","E","T","M","M","E","R","M","R","B",null,"M","M","?","$","?","M","E","R","T","E","T","?","M","M","R","B",null,"M","?","$","T","T","E","R","E","T","E","E","M","M","E","R","B","B",null,"R","$","E","B",null],"character_chosen":"THE_SILENT","items_purchased":["Poisoned Stab","Tiny Chest","PiercingWail+1","OrangePellets","Malaise+1","Swift Potion"],"campfire_rested":2,"item_purchase_floors":[4,21,37,54,54,54],"current_hp_per_floor":[59,59,59,59,48,48,48,16,26,26,26,26,26,19,43,2,61,58,58,58,58,58,34,36,60,60,62,62,62,62,62,62,83,85,85,85,85,85,85,85,85,85,85,85,79,79,81,83,83,89,81,87,87,87,88,84],"gold":87,"neow_bonus":"THREE_ENEMY_KILL","is_prod":false,"is_daily":false,"chose_seed":false,"campfire_upgraded":5,"win_rate":0,"timestamp":1553966804,"path_taken":["M","?","M","?","?","E","R","E","T","M","M","E","R","M","R","BOSS","M","M","?","?","?","M","E","R","T","E","?","?","M","M","R","BOSS","M","?","$","?","?","E","R","E","T","E","E","?","M","E","R","BOSS","BOSS","R","$","E","BOSS"],"build_version":"2019-03-15","purchased_purges":3,"victory":true,"max_hp_per_floor":[66,66,66,66,66,66,66,66,76,76,76,81,81,81,81,81,81,81,81,81,81,81,81,83,83,83,85,85,85,85,85,85,85,85,85,85,85,85,85,85,85,85,85,85,85,85,87,89,89,89,89,89,89,89,91,91],"card_choices":[{"not_picked":["Backflip","Prepared"],"picked":"Leg Sweep","floor":1.0},{"not_picked":["Dagger Spray","Flechettes"],"picked":"PiercingWail","floor":3.0},{"not_picked":["Riddle With Holes","Cloak And Dagger"],"picked":"Envenom","floor":6.0},{"not_picked":["Masterful Stab","Finisher"],"picked":"Dash","floor":8.0},{"not_picked":["Deadly Poison+1","Quick Slash"],"picked":"Cloak And Dagger+1","floor":10.0},{"not_picked":["Backstab","Sucker Punch"],"picked":"Cloak And Dagger+1","floor":11.0},{"not_picked":["Dash","Dagger Spray"],"picked":"Deflect+1","floor":12.0},{"not_picked":["Acrobatics+1","Slice"],"picked":"Cloak And Dagger+1","floor":14.0},{"not_picked":["Glass Knife","Malaise+1"],"picked":"Adrenaline+1","floor":16.0},{"not_picked":["Masterful Stab+1","Underhanded Strike+1","Distraction+1"],"picked":"SKIP","floor":18.0},{"not_picked":["Sucker Punch","Dagger Throw"],"picked":"Cloak And Dagger+1","floor":19.0},{"not_picked":["Deflect+1","Outmaneuver+1"],"picked":"Footwork","floor":23.0},{"not_picked":["Escape Plan+1","Grand Finale","Flying Knee"],"picked":"Singing Bowl","floor":24.0},{"not_picked":["Flying Knee","Noxious Fumes+1","Deflect+1"],"picked":"Singing Bowl","floor":27.0},{"not_picked":["Dagger Spray","Flechettes"],"picked":"Crippling Poison+1","floor":30.0},{"not_picked":["Envenom","Setup+1"],"picked":"Backflip+1","floor":31.0},{"not_picked":["Doppelganger+1","Tools of the Trade"],"picked":"After Image","floor":33.0},{"not_picked":["Eviscerate+1","Flying Knee+1"],"picked":"Cloak And Dagger+1","floor":35.0},{"not_picked":["Deadly Poison+1","Finisher"],"picked":"Dodge and Roll+1","floor":36.0},{"not_picked":["Quick Slash+1","Deflect+1"],"picked":"Dodge and Roll+1","floor":40.0},{"not_picked":["Underhanded Strike+1","Bouncing Flask+1"],"picked":"PiercingWail+1","floor":42.0},{"not_picked":["Accuracy","Sucker Punch+1"],"picked":"Acrobatics+1","floor":44.0},{"not_picked":["Deflect+1","Calculated Gamble+1"],"picked":"Backflip+1","floor":45.0},{"not_picked":["Cloak And Dagger+1","Sucker Punch"],"picked":"Corpse Explosion+1","floor":46.0},{"not_picked":["Flechettes","Caltrops","Deadly Poison+1"],"picked":"Singing Bowl","floor":47.0},{"not_picked":["Bane","Poisoned Stab","Setup+1"],"picked":"Singing Bowl","floor":48.0},{"not_picked":["Underhanded Strike","Dagger Spray","Blade Dance+1"],"picked":"Singing Bowl","floor":55.0}],"player_experience":1379655,"relics_obtained":[{"floor":6.0,"key":"Tingsha"},{"floor":8.0,"key":"Matryoshka"},{"floor":9.0,"key":"Toxic Egg 2"},{"floor":9.0,"key":"Pear"},{"floor":12.0,"key":"Bottled Flame"},{"floor":24.0,"key":"Pantograph"},{"floor":26.0,"key":"Bag of Marbles"},{"floor":26.0,"key":"Lantern"},{"floor":27.0,"key":"PreservedInsect"},{"floor":28.0,"key":"Oddly Smooth Stone"},{"floor":36.0,"key":"WingedGreaves"},{"floor":38.0,"key":"Bottled Lightning"},{"floor":39.0,"key":"Bronze Scales"},{"floor":40.0,"key":"Unceasing Top"},{"floor":42.0,"key":"Pen Nib"},{"floor":44.0,"key":"Smiling Mask"},{"floor":45.0,"key":"Dead Branch"},{"floor":48.0,"key":"Paper Crane"},{"floor":55.0,"key":"Vajra"}],"event_choices":[{"damage_healed":0.0,"max_hp_gain":0.0,"max_hp_loss":0.0,"gold_gain":0.0,"event_name":"Accursed Blacksmith","player_choice":"Rummage","floor":2.0,"gold_loss":0.0,"damage_taken":0.0,"relics_obtained":["WarpedTongs"],"cards_obtained":["Pain"]},{"damage_healed":0.0,"max_hp_gain":0.0,"max_hp_loss":0.0,"gold_gain":75.0,"event_name":"World of Goop","player_choice":"Gather Gold","floor":5.0,"gold_loss":0.0,"damage_taken":11.0},{"damage_healed":0.0,"max_hp_gain":0.0,"max_hp_loss":0.0,"gold_gain":0.0,"event_name":"Duplicator","player_choice":"Copied","floor":20.0,"gold_loss":0.0,"damage_taken":0.0,"cards_obtained":["Adrenaline"]},{"damage_healed":0.0,"max_hp_gain":0.0,"max_hp_loss":0.0,"gold_gain":0.0,"event_name":"Addict","player_choice":"Obtained Relic","floor":22.0,"gold_loss":85.0,"damage_taken":0.0,"relics_obtained":["Singing Bowl"]},{"damage_healed":0.0,"max_hp_gain":0.0,"max_hp_loss":0.0,"gold_gain":50.0,"event_name":"Nest","player_choice":"Stole From Cult","floor":29.0,"gold_loss":0.0,"damage_taken":0.0},{"damage_healed":0.0,"max_hp_gain":0.0,"max_hp_loss":0.0,"gold_gain":0.0,"event_name":"Mysterious Sphere","player_choice":"Fight","floor":36.0,"gold_loss":0.0,"damage_taken":0.0}],"is_beta":true,"boss_relics":[{"not_picked":["Eternal Feather","Ectoplasm"],"picked":"Pandora\u0027s Box"},{"not_picked":["Philosopher\u0027s Stone","Empty Cage"],"picked":"Runic Dome"}],"items_purged_floors":[4,37,54],"is_endless":false,"potions_floor_spawned":[3,10,11,12,14,18,24,27,30,40,42,46,48,55],"ascension_level":20}