{"path_per_floor":["M","?","M","?","M","R","E","R","T","E","R","M","M","M","R","B",null,"M","M","?","?","M","R","M","R","T","M","M","$","R","M","R","B",null,"M","?","$","T","M","R","M","R","T","R","E","M","M","M","R"],"character_chosen":"IRONCLAD","items_purchased":["Pommel Strike","Meat on the Bone","Twin Strike"],"gold_per_floor":[111,111,122,122,132,132,164,164,164,191,191,204,220,235,235,331,331,345,363,363,363,380,380,400,400,446,463,473,181,181,191,191,295,295,306,306,181,181,192,192,206,206,230,230,259,272,288,306,306],"floor_reached":50,"campfire_rested":3,"playtime":8742,"current_hp_per_floor":[77,77,78,78,73,73,73,73,73,58,58,57,58,68,68,53,87,74,73,73,73,69,69,53,83,83,95,63,63,97,103,103,48,126,95,95,95,95,75,75,68,68,68,68,49,30,51,46,94],"items_purged":["Strike_R"],"gold":306,"play_id":"d3ca70ba-121e-4a2f-8c58-cbcdc612fb32","is_prod":false,"is_daily":false,"is_ascension_mode":false,"campfire_upgraded":9,"path_taken":["M","?","M","?","M","R","E","R","T","E","R","?","M","M","R","BOSS","M","M","?","?","M","R","M","R","T","M","M","?","R","?","R","BOSS","M","?","$","?","M","R","M","R","T","R","E","M","?","?","R","BOSS"],"build_version":"2018-01-25-PROD3","purchased_purges":3,"victory":false,"master_deck":["Strike_R+1","Strike_R+1","Strike_R+1","Strike_R+1","Defend_R+1","Defend_R+1","Defend_R+1","Bash","Shockwave+1","Headbutt","Perfected Strike+1","Cleave+1","Clash","Clash","Feed+1","Feed+1","Pommel Strike+1","Headbutt+1","Inflame","Perfected Strike+1","Seeing Red+1","Rage+1","Pommel Strike","Perfected Strike","Demon Form","Twin Strike+1","Warcry+1","Pommel Strike","Metallicize+1","Pommel Strike"],"max_hp_per_floor":[80,80,80,80,80,80,80,80,80,80,80,80,80,83,83,87,87,90,94,94,94,98,98,102,102,102,106,114,114,114,122,122,126,126,126,126,126,126,134,134,138,138,138,138,146,150,154,162,162],"relics":["Burning Blood","Champion Belt","Shuriken","Gambling Chip","Blood Vial","Velvet Choker","Toxic Egg","Meat on the Bone","Runic Pyramid","Vajra","Ancient Tea Set","War Paint"],"card_choices":[{"not_picked":["Disarm","Anger"],"picked":"Shockwave"},{"not_picked":["True Grit","Intimidate"],"picked":"Headbutt"},{"not_picked":["Iron Wave","Shockwave"],"picked":"Perfected Strike"},{"not_picked":["Flex","Feel No Pain"],"picked":"Cleave"},{"not_picked":["Sword Boomerang","Cleave"],"picked":"Clash"},{"not_picked":["Sword Boomerang","Headbutt"],"picked":"Clash"},{"not_picked":["Clash","Inflame"],"picked":"Feed"},{"not_picked":["Anger","Cleave"],"picked":"Burning Pact"},{"not_picked":["Bludgeon","Brutality"],"picked":"Feed"},{"not_picked":["Anger","Body Slam"],"picked":"Pommel Strike"},{"not_picked":["Body Slam","Rupture"],"picked":"Headbutt"},{"not_picked":["Warcry","Reckless Charge"],"picked":"Inflame"},{"not_picked":["Pommel Strike","Warcry"],"picked":"Perfected Strike"},{"not_picked":["Thunderclap","Burning Pact"],"picked":"Seeing Red"},{"not_picked":["Sever Soul","Juggernaut"],"picked":"Rage"},{"not_picked":["Armaments","Cleave"],"picked":"Perfected Strike"},{"not_picked":["Brutality","Fiend Fire"],"picked":"Demon Form"},{"not_picked":["Clash","Clothesline"],"picked":"Warcry"},{"not_picked":["Headbutt","Body Slam"],"picked":"Pommel Strike"},{"not_picked":["Fire Breathing","Second Wind"],"picked":"Metallicize"},{"not_picked":["Battle Trance","Second Wind"],"picked":"Pommel Strike"}],"player_experience":6993,"potions_floor_usage":[7,16,16,19,33,33,48,50,50],"damage_taken":[{"damage":9,"enemies":"2 Louse","floor":1,"turns":4},{"damage":5,"enemies":"Cultist","floor":3,"turns":5},{"damage":11,"enemies":"Jaw Worm","floor":5,"turns":4},{"damage":6,"enemies":"Gremlin Nob","floor":7,"turns":3},{"damage":21,"enemies":"Lagavulin","floor":10,"turns":5},{"damage":9,"enemies":"Exordium Thugs","floor":12,"turns":3},{"damage":7,"enemies":"Looter","floor":13,"turns":2},{"damage":1,"enemies":"Exordium Wildlife","floor":14,"turns":3},{"damage":27,"enemies":"Slime Boss","floor":16,"turns":6},{"damage":22,"enemies":"Shell Parasite","floor":18,"turns":5},{"damage":13,"enemies":"Chosen","floor":19,"turns":4},{"damage":16,"enemies":"3 Cultists","floor":22,"turns":4},{"damage":28,"enemies":"Centurion and Healer","floor":24,"turns":5},{"damage":0,"enemies":"Snake Plant","floor":27,"turns":2},{"damage":48,"enemies":"Slaver and Parasite","floor":28,"turns":7},{"damage":10,"enemies":"3 Cultists","floor":31,"turns":4},{"damage":79,"enemies":"Automaton","floor":33,"turns":8},{"damage":37,"enemies":"3 Darklings","floor":35,"turns":6},{"damage":36,"enemies":"3 Shapes","floor":39,"turns":4},{"damage":31,"enemies":"Sphere and 2 Shapes","floor":41,"turns":3},{"damage":47,"enemies":"2 Orb Walkers","floor":45,"turns":4},{"damage":43,"enemies":"4 Shapes","floor":46,"turns":4},{"damage":3,"enemies":"Maw","floor":47,"turns":6},{"damage":33,"enemies":"Sphere and 2 Shapes","floor":48,"turns":8},{"damage":114,"enemies":"Awakened One","floor":50,"turns":8}],"event_choices":[{"event_name":"Purifier","player_choice":"One Purge","floor":2,"damage_taken":0},{"event_name":"Wheel of Change","player_choice":"Card Removal","floor":4,"damage_taken":0},{"event_name":"Vampires","player_choice":"Ignored","floor":20,"damage_taken":0},{"event_name":"Back to Basics","player_choice":"Simplicity","floor":21,"damage_taken":0}],"boss_relics":[{"not_picked":["Orrery","Philosopher\u0027s Stone"],"picked":"Velvet Choker"},{"not_picked":["Snecko Eye","Calling Bell"],"picked":"Runic Pyramid"}],"potions_floor_spawned":[1,5,10,12,13,16,18,27,39,41,48],"seed_played":"6341494342073021995","killed_by":"Awakened One","ascension_level":0,"is_trial":false}