{"gold_per_floor":[110,128,128,128,6,24,38,38,64,97,113,113,133,133,133,259,259,283,382,382,742,657,675,585,585,585,103,147,160,160,35,35,155,155,169,502,502,517,528,528,538,149,149,149,167,187,242,262,262,262],"floor_reached":50,"playtime":2984,"items_purged":["Strike_B","Fission","Dualcast","Defend_B"],"score":560,"play_id":"e2a06426-e869-4bd3-b351-015f7c39d59c","local_time":"20181006175313","is_ascension_mode":true,"campfire_choices":[{"data":"Redo","floor":8,"key":"SMITH"},{"data":"Zap","floor":12,"key":"SMITH"},{"floor":15,"key":"REST"},{"floor":25,"key":"REST"},{"floor":32,"key":"REST"},{"data":"Creative AI","floor":40,"key":"SMITH"},{"data":"Leap","floor":44,"key":"SMITH"},{"floor":49,"key":"REST"}],"neow_cost":"CURSE","seed_source_timestamp":222642119457738,"circlet_count":0,"master_deck":["Defend_B","Defend_B","Zap+1","Doom and Gloom","Leap","Leap+1","Redo+1","Fission+1","Hologram+1","Creative AI+1","Self Repair","Redo","Redo+1","Reboot","Storm+1","Force Field","Loop","Leap+1","Flash of Steel+1","Darkness+1","FTL+1"],"relics":["FrozenCore","Du-Vu Doll","Regal Pillow","Pear","Strawberry","Astrolabe","Blood Vial","Mummified Hand","Cables","Molten Egg 2","Lantern","Nunchaku"],"potions_floor_usage":[16,33,33,50,50,50],"damage_taken":[{"damage":4,"enemies":"Small Slimes","floor":1,"turns":4},{"damage":1,"enemies":"Cultist","floor":2,"turns":5},{"damage":6,"enemies":"Jaw Worm","floor":6,"turns":3},{"damage":0,"enemies":"Exordium Wildlife","floor":7,"turns":4},{"damage":17,"enemies":"Lagavulin","floor":10,"turns":5},{"damage":0,"enemies":"2 Fungi Beasts","floor":11,"turns":2},{"damage":0,"enemies":"Large Slime","floor":13,"turns":6},{"damage":10,"enemies":"The Guardian","floor":16,"turns":9},{"damage":11,"enemies":"Spheric Guardian","floor":18,"turns":4},{"damage":23,"enemies":"Chosen","floor":23,"turns":7},{"damage":40,"enemies":"Book of Stabbing","floor":28,"turns":7},{"damage":6,"enemies":"Snake Plant","floor":29,"turns":3},{"damage":28,"enemies":"Colosseum Slavers","floor":30,"turns":4},{"damage":48,"enemies":"Collector","floor":33,"turns":8},{"damage":24,"enemies":"3 Darklings","floor":35,"turns":7},{"damage":25,"enemies":"3 Shapes","floor":38,"turns":4},{"damage":12,"enemies":"Reptomancer","floor":39,"turns":5},{"damage":18,"enemies":"Maw","floor":41,"turns":8},{"damage":1,"enemies":"Sphere and 2 Shapes","floor":45,"turns":6},{"damage":17,"enemies":"Spire Growth","floor":46,"turns":5},{"damage":37,"enemies":"Mysterious Sphere","floor":47,"turns":4},{"damage":0,"enemies":"3 Darklings","floor":48,"turns":5},{"damage":75,"enemies":"Donu and Deca","floor":50,"turns":6}],"seed_played":"-8798449832709338752","potions_obtained":[{"floor":6,"key":"Explosive Potion"},{"floor":10,"key":"PowerPotion"},{"floor":11,"key":"GamblersBrew"},{"floor":16,"key":"LiquidBronze"},{"floor":28,"key":"FocusPotion"},{"floor":29,"key":"EssenceOfSteel"},{"floor":39,"key":"EssenceOfSteel"},{"floor":41,"key":"Explosive Potion"}],"is_trial":false,"path_per_floor":["M","M","?","T","$","M","M","R","T","E","M","R","M","?","R","B",null,"M","?","?","?","?","M","?","R","T","$","E","M","?","$","R","B",null,"M","?","?","M","M","R","M","$","T","R","M","M","?","M","R"],"character_chosen":"DEFECT","items_purchased":["Redo","Cables","Self Repair","Redo","Loop","Block Potion","Leap","Flash of Steel+1"],"campfire_rested":4,"item_purchase_floors":[5,27,27,27,42,42,42,42],"current_hp_per_floor":[71,70,52,52,52,46,46,46,46,39,39,39,39,46,88,78,92,81,81,81,36,36,15,15,57,57,57,26,29,10,10,52,13,92,75,75,75,59,56,56,47,47,47,47,55,47,19,28,70,0],"gold":262,"neow_bonus":"TRANSFORM_TWO_CARDS","is_prod":false,"is_daily":false,"chose_seed":false,"campfire_upgraded":4,"win_rate":0,"timestamp":1538859193,"path_taken":["M","M","?","?","$","M","M","R","T","E","?","R","M","?","R","BOSS","M","?","?","?","?","?","?","R","T","$","E","?","?","$","R","BOSS","M","?","?","M","M","R","?","$","T","R","M","M","?","M","R","BOSS"],"build_version":"2018-09-27","purchased_purges":4,"victory":false,"max_hp_per_floor":[75,75,75,75,75,75,75,75,75,85,85,85,85,92,92,92,92,92,92,92,92,92,92,92,92,92,92,92,92,92,92,92,92,92,92,92,92,92,92,92,92,92,92,92,92,92,92,92,92,92],"card_choices":[{"not_picked":["Turbo","Cold Snap"],"picked":"Leap","floor":1},{"not_picked":["Streamline","Static Discharge"],"picked":"Leap","floor":2},{"not_picked":["Sweeping Beam","Go for the Eyes","Cold Snap"],"picked":"SKIP","floor":6},{"not_picked":["Coolheaded","Barrage","Rebound"],"picked":"SKIP","floor":7},{"not_picked":["Gash","Scrape","Sweeping Beam"],"picked":"SKIP","floor":10},{"not_picked":["Compile Driver","Steam","Ball Lightning"],"picked":"SKIP","floor":11},{"not_picked":["Rebound","Turbo","Meteor Strike"],"picked":"SKIP","floor":13},{"not_picked":["Thunder Strike","All For One"],"picked":"Fission","floor":16},{"not_picked":["Gash+1","Turbo","Go for the Eyes"],"picked":"SKIP","floor":18},{"not_picked":["Streamline","Undo"],"picked":"Creative AI","floor":23},{"not_picked":["Barrage","Melter","Gash"],"picked":"SKIP","floor":28},{"not_picked":["Beam Cell+1","BootSequence"],"picked":"Redo+1","floor":29},{"not_picked":["Meteor Strike+1","Biased Cognition"],"picked":"Reboot","floor":33},{"not_picked":["Auto Shields","Sweeping Beam+1"],"picked":"Storm+1","floor":35},{"not_picked":["Chaos","Go for the Eyes+1","Hologram"],"picked":"SKIP","floor":38},{"not_picked":["Scrape+1","Beam Cell+1","Undo"],"picked":"SKIP","floor":39},{"not_picked":["Hologram","Streamline+1"],"picked":"Force Field","floor":41},{"not_picked":["Leap","Chaos+1","Consume+1"],"picked":"SKIP","floor":45},{"not_picked":["Chill","Steam+1"],"picked":"Darkness+1","floor":46},{"not_picked":["Beam Cell+1","Barrage+1"],"picked":"FTL+1","floor":47},{"not_picked":["Storm","Turbo+1","Compile Driver+1"],"picked":"SKIP","floor":48}],"player_experience":208001,"relics_obtained":[{"floor":4,"key":"Du-Vu Doll"},{"floor":9,"key":"Regal Pillow"},{"floor":10,"key":"Pear"},{"floor":26,"key":"Mummified Hand"},{"floor":28,"key":"Molten Egg 2"},{"floor":43,"key":"Lantern"},{"floor":47,"key":"Nunchaku"}],"event_choices":[{"event_name":"Golden Idol","player_choice":"Take Damage","floor":3,"damage_taken":0},{"event_name":"Dead Adventurer","player_choice":"Searched \u00271\u0027 times","floor":14,"damage_taken":0},{"event_name":"Nest","player_choice":"Stole From Cult","floor":19,"damage_taken":0},{"event_name":"Vampires","player_choice":"Ignored","floor":20,"damage_taken":0},{"event_name":"Knowing Skull","player_choice":"GOLD GOLD GOLD GOLD ","floor":21,"damage_taken":0},{"event_name":"Addict","player_choice":"Obtained Relic","floor":22,"damage_taken":0},{"event_name":"Designer","player_choice":"Full Service","floor":24,"damage_taken":0},{"event_name":"Colosseum","player_choice":"Fight","floor":30,"damage_taken":0},{"event_name":"Colosseum","player_choice":"Fled From Nobs","floor":30,"damage_taken":0},{"event_name":"The Moai Head","player_choice":"Gave Idol","floor":36,"damage_taken":0},{"event_name":"Falling","player_choice":"Removed Skill","floor":37,"damage_taken":0},{"event_name":"Mysterious Sphere","player_choice":"Fight","floor":47,"damage_taken":0}],"is_beta":false,"boss_relics":[{"not_picked":["Calling Bell","Orrery"],"picked":"Astrolabe"},{"not_picked":["Pandora\u0027s Box","Philosopher\u0027s Stone"],"picked":"FrozenCore"}],"items_purged_floors":[5,27,31,42],"is_endless":false,"potions_floor_spawned":[6,10,11,16,28,29,30,39,41,45,47],"killed_by":"Donu and Deca","ascension_level":1}