{"gold_per_floor":[113,133,133,147,147,147,158,169,169,179,192,192,220,46,46,148,148,160,75,75,95,95,95,17,17,65,65,65,83,83,96,96,96],"floor_reached":33,"playtime":1358,"items_purged":["Strike_G"],"score":346,"play_id":"5bb42c36-4e2d-48e3-9bea-d10b7f798309","local_time":"20180919221858","is_ascension_mode":true,"campfire_choices":[{"data":"Escape Plan","floor":6,"key":"SMITH"},{"floor":12,"key":"REST"},{"floor":15,"key":"REST"},{"data":"Burst","floor":23,"key":"SMITH"},{"floor":25,"key":"REST"},{"data":"Well Laid Plans","floor":28,"key":"SMITH"},{"data":"Accuracy","floor":32,"key":"SMITH"}],"neow_cost":"TEN_PERCENT_HP_LOSS","seed_source_timestamp":445299341299470,"circlet_count":0,"master_deck":["Defend_G+1","Defend_G+1","Defend_G+1","Defend_G+1","Defend_G+1","Strike_G+1","Strike_G+1","Survivor","Neutralize+1","Dagger Throw","Escape Plan+1","Outmaneuver","Crippling Poison","Blade Dance","Infinite Blades","Dash","Burst+1","Backstab","Distraction","Well Laid Plans+1","Quick Slash","Accuracy+1","Endless Agony+1"],"relics":["Ring of the Snake","Shuriken","Smiling Mask","Tiny Chest","Sozu","Tough Bandages","Paper Crane","Bag of Preparation","Vajra"],"potions_floor_usage":[13,16],"damage_taken":[{"damage":5,"enemies":"Jaw Worm","floor":1,"turns":7},{"damage":2,"enemies":"2 Louse","floor":2,"turns":2},{"damage":0,"enemies":"Small Slimes","floor":4,"turns":3},{"damage":9,"enemies":"Exordium Thugs","floor":7,"turns":8},{"damage":3,"enemies":"Looter","floor":8,"turns":3},{"damage":13,"enemies":"Lots of Slimes","floor":10,"turns":4},{"damage":7,"enemies":"Red Slaver","floor":11,"turns":3},{"damage":16,"enemies":"3 Sentries","floor":13,"turns":8},{"damage":4,"enemies":"The Guardian","floor":16,"turns":12},{"damage":8,"enemies":"Shell Parasite","floor":18,"turns":5},{"damage":10,"enemies":"Spheric Guardian","floor":21,"turns":5},{"damage":0,"enemies":"Centurion and Healer","floor":29,"turns":6},{"damage":6,"enemies":"3 Cultists","floor":31,"turns":4},{"damage":48,"enemies":"Champ","floor":33,"turns":8}],"seed_played":"-2632107908270028954","potions_obtained":[{"floor":8,"key":"FearPotion"},{"floor":11,"key":"Poison Potion"},{"floor":13,"key":"Fire Potion"},{"floor":16,"key":"Block Potion"}],"is_trial":false,"path_per_floor":["M","M","?","M","?","R","M","M","T","M","M","R","E","$","R","B",null,"M","?","?","M","T","R","$","R","T","?","R","M","?","M","R"],"character_chosen":"THE_SILENT","items_purchased":["Tiny Chest","Well Laid Plans"],"campfire_rested":3,"item_purchase_floors":[14,24],"current_hp_per_floor":[58,56,43,43,43,43,34,31,31,18,11,29,13,13,31,27,54,46,46,46,36,36,36,36,54,54,54,54,54,54,48,48,0],"gold":96,"neow_bonus":"REMOVE_TWO","is_prod":false,"is_daily":false,"chose_seed":false,"campfire_upgraded":4,"win_rate":0,"timestamp":1537391938,"path_taken":["M","M","?","M","?","R","M","?","T","M","?","R","E","$","R","BOSS","M","?","?","?","?","R","?","R","T","?","R","M","?","?","R","BOSS"],"build_version":"2018-09-06","purchased_purges":1,"victory":false,"max_hp_per_floor":[63,63,63,63,63,63,63,63,63,63,63,63,63,63,63,63,63,63,63,63,63,63,63,63,63,63,63,63,63,63,63,63,63],"card_choices":[{"not_picked":["Deflect","Sucker Punch"],"picked":"Dagger Throw","floor":1},{"not_picked":["Poisoned Stab","Tactician","Blade Dance"],"picked":"SKIP","floor":2},{"not_picked":["Acrobatics","Slice"],"picked":"Escape Plan","floor":4},{"not_picked":["Masterful Stab","Blade Dance"],"picked":"Outmaneuver","floor":7},{"not_picked":["Cloak And Dagger","Outmaneuver"],"picked":"Crippling Poison","floor":8},{"not_picked":["Deadly Poison","Dagger Throw"],"picked":"Blade Dance","floor":10},{"not_picked":["Calculated Gamble","Phantasmal Killer"],"picked":"Infinite Blades","floor":11},{"not_picked":["Poisoned Stab","Heel Hook"],"picked":"Dash","floor":13},{"not_picked":["Doppelganger","Corpse Explosion"],"picked":"Burst","floor":16},{"not_picked":["Eviscerate","Masterful Stab+1"],"picked":"Backstab","floor":18},{"not_picked":["Outmaneuver","Tactician+1"],"picked":"Distraction","floor":21},{"not_picked":["Acrobatics","Bouncing Flask+1"],"picked":"Quick Slash","floor":29},{"not_picked":["Dodge and Roll","Calculated Gamble"],"picked":"Endless Agony+1","floor":31}],"player_experience":399559,"relics_obtained":[{"floor":9,"key":"Shuriken"},{"floor":13,"key":"Smiling Mask"},{"floor":22,"key":"Paper Crane"},{"floor":26,"key":"Bag of Preparation"}],"event_choices":[{"event_name":"Shining Light","player_choice":"Entered Light","floor":3,"damage_taken":0},{"event_name":"Upgrade Shrine","player_choice":"Upgraded","floor":5,"damage_taken":0},{"event_name":"Addict","player_choice":"Obtained Relic","floor":19,"damage_taken":0},{"event_name":"Back to Basics","player_choice":"Simplicity","floor":20,"damage_taken":0},{"event_name":"The Mausoleum","player_choice":"Yes","floor":27,"damage_taken":0},{"event_name":"The Library","player_choice":"Read","floor":30,"damage_taken":0}],"is_beta":false,"boss_relics":[{"not_picked":["Snecko Eye","Fusion Hammer"],"picked":"Sozu"}],"items_purged_floors":[14],"is_endless":false,"potions_floor_spawned":[8,11,13,16,29,31],"killed_by":"Champ","ascension_level":8}