{"path_per_floor":["M","?","M","M","$","R","E","?","T","R","$","M","M","$","R","B",null,"M","$","?","M","$","R","E","R","T"],"character_chosen":"IRONCLAD","items_purchased":["Whirlwind"],"gold_per_floor":[213,163,183,202,46,46,78,78,78,78,78,97,116,16,16,117,117,129,4,4,18,18,18,48,48,48,48],"floor_reached":27,"campfire_rested":4,"playtime":619,"current_hp_per_floor":[72,72,60,59,59,59,47,31,31,55,55,47,41,41,65,39,70,15,15,15,14,14,38,14,38,38,0],"items_purged":["Defend_R","Defend_R","Strike_R"],"gold":48,"score":309,"play_id":"b036ff26-ffea-4ac0-abf2-66721c9ccffc","local_time":"20180326072034","is_prod":false,"is_daily":false,"is_ascension_mode":true,"campfire_upgraded":1,"timestamp":1522063234,"path_taken":["M","?","M","M","$","R","E","?","T","R","$","M","?","$","R","BOSS","M","$","?","?","?","R","E","R","T","M"],"build_version":"2018-03-22v2","purchased_purges":3,"victory":false,"master_deck":["Strike_R+1","Strike_R+1","Strike_R+1","Strike_R+1","Defend_R+1","Bash","Cleave","Whirlwind+1","Seeing Red+1","Burning Pact+1"],"max_hp_per_floor":[80,80,80,80,80,80,80,80,80,80,80,80,80,80,80,80,80,80,80,80,80,80,80,80,80,80,80],"relics":["Black Blood","Centennial Puzzle","Charon\u0027s Ashes","Bird Faced Urn","Sundial"],"card_choices":[{"not_picked":["Armaments","Pummel"],"picked":"Cleave","floor":3},{"not_picked":["Armaments","True Grit"],"picked":"Seeing Red","floor":18},{"not_picked":["Armaments","Rupture"],"picked":"Burning Pact","floor":21}],"player_experience":198621,"potions_floor_usage":[16,18,27],"damage_taken":[{"damage":6,"enemies":"Cultist","floor":1,"turns":4},{"damage":18,"enemies":"Small Slimes","floor":3,"turns":4},{"damage":7,"enemies":"Jaw Worm","floor":4,"turns":3},{"damage":18,"enemies":"3 Sentries","floor":7,"turns":3},{"damage":14,"enemies":"Looter","floor":12,"turns":3},{"damage":12,"enemies":"2 Fungi Beasts","floor":13,"turns":2},{"damage":32,"enemies":"Slime Boss","floor":16,"turns":8},{"damage":65,"enemies":"Shell Parasite","floor":18,"turns":7},{"damage":11,"enemies":"Spheric Guardian","floor":21,"turns":3},{"damage":34,"enemies":"Slavers","floor":24,"turns":2},{"damage":38,"enemies":"Slaver and Parasite","floor":27,"turns":2}],"event_choices":[{"event_name":"The Cleric","player_choice":"Card Removal","floor":2,"damage_taken":0},{"event_name":"Shining Light","player_choice":"Entered Light","floor":8,"damage_taken":0},{"event_name":"Back to Basics","player_choice":"Simplicity","floor":20,"damage_taken":0}],"boss_relics":[{"not_picked":["Pandora\u0027s Box","Calling Bell"],"picked":"Black Blood"}],"potions_floor_spawned":[12,16,21],"seed_played":"8565664497217189832","killed_by":"Slaver and Parasite","ascension_level":7,"is_trial":false}