{"gold_per_floor":[116,128,203,219,233,233,252,427,427,427,427,256,256,97,97,192,192,205,205,205,205,231,231],"floor_reached":23,"playtime":914,"items_purged":["Doubt"],"score":220,"play_id":"e5faf88d-010b-4091-9859-ba50e68cb37c","local_time":"20180725233826","is_ascension_mode":true,"campfire_choices":[{"data":"Redo","floor":6,"key":"SMITH"},{"data":"Defragment","floor":15,"key":"SMITH"}],"neow_cost":"NONE","seed_source_timestamp":13240144656176,"circlet_count":0,"master_deck":["Defend_B","Defend_B","Defend_B","Defend_B","Zap","Dualcast","Fission+1","Redo+1","Consume+1","Sweeping Beam","Capacitor","Injury","White Noise","Leap","Genetic Algorithm","Defragment+1","Meteor Strike","Bite","Bite","Bite","Bite","Bite"],"relics":["Cracked Core","Kunai","Incense Burner","Busted Crown","Oddly Smooth Stone"],"potions_floor_usage":[18],"damage_taken":[{"damage":3,"enemies":"2 Louse","floor":1,"turns":3},{"damage":5,"enemies":"Small Slimes","floor":2,"turns":4},{"damage":6,"enemies":"Cultist","floor":4,"turns":4},{"damage":6,"enemies":"2 Fungi Beasts","floor":5,"turns":4},{"damage":11,"enemies":"Blue Slaver","floor":7,"turns":3},{"damage":21,"enemies":"The Guardian","floor":16,"turns":10},{"damage":43,"enemies":"2 Thieves","floor":18,"turns":4},{"damage":33,"enemies":"Gremlin Leader","floor":23,"turns":2}],"seed_played":"-5617796173712868096","potions_obtained":[{"floor":2,"key":"Explosive Potion"},{"floor":18,"key":"Energy Potion"}],"is_trial":false,"path_per_floor":["M","M","?","M","M","R","M","?","T","?","?","$","T","$","R","B",null,"M","?","?","?","T"],"character_chosen":"DEFECT","items_purchased":["White Noise","Leap","Genetic Algorithm","Defragment"],"campfire_rested":0,"item_purchase_floors":[12,12,14,14],"current_hp_per_floor":[72,67,56,50,44,44,33,33,33,33,33,33,33,33,33,12,75,32,32,24,24,24,0],"gold":231,"neow_bonus":"ONE_RANDOM_RARE_CARD","is_prod":false,"is_daily":false,"chose_seed":false,"campfire_upgraded":2,"win_rate":0,"timestamp":1532558306,"path_taken":["M","M","?","M","M","R","M","?","T","?","?","$","?","?","R","BOSS","M","?","?","?","?","E"],"build_version":"2018-07-19v2","purchased_purges":1,"victory":false,"max_hp_per_floor":[75,75,75,75,75,75,75,75,75,75,75,75,75,75,75,75,75,75,52,57,57,57,57],"card_choices":[{"not_picked":["Leap","Streamline"],"picked":"Redo","floor":1},{"not_picked":["Reinforced Body","Steam"],"picked":"Consume","floor":2},{"not_picked":["Cold Snap","Lockon"],"picked":"Sweeping Beam","floor":4},{"not_picked":["Cold Snap","Streamline","Redo"],"picked":"SKIP","floor":5},{"not_picked":["Skim","Rip and Tear"],"picked":"Capacitor","floor":7},{"not_picked":["Echo Form","Thunder Strike"],"picked":"Meteor Strike","floor":16},{"not_picked":["Compile Driver"],"picked":"SKIP","floor":18}],"player_experience":217834,"relics_obtained":[{"floor":9,"key":"Kunai"},{"floor":13,"key":"Incense Burner"},{"floor":22,"key":"Oddly Smooth Stone"}],"event_choices":[{"event_name":"World of Goop","player_choice":"Gather Gold","floor":3,"damage_taken":0},{"event_name":"Liars Game","player_choice":"agreed","floor":8,"damage_taken":0},{"event_name":"Accursed Blacksmith","player_choice":"Forge","floor":10,"damage_taken":0},{"event_name":"Upgrade Shrine","player_choice":"Upgraded","floor":11,"damage_taken":0},{"event_name":"Vampires","player_choice":"Became a vampire","floor":19,"damage_taken":0},{"event_name":"Forgotten Altar","player_choice":"Shed Blood","floor":20,"damage_taken":0},{"event_name":"Ghosts","player_choice":"Ignored","floor":21,"damage_taken":0}],"is_beta":false,"boss_relics":[{"not_picked":["Pandora\u0027s Box","Runic Pyramid"],"picked":"Busted Crown"}],"items_purged_floors":[12],"is_endless":false,"potions_floor_spawned":[2,18],"killed_by":"Gremlin Leader","ascension_level":2}