{"gold_per_floor":[114,114,126,145,25,57,57,68,94,109,128,157,157,157,157,236,236,248,173,189,189,207,207,51,81,81,81,96,96,110,10,10,89,139,156,81,0,14,31,31],"floor_reached":40,"playtime":3129,"items_purged":["Strike_R","Flex+1"],"score":756,"play_id":"0e0f04de-5751-4d52-960c-4c452bbfee38","local_time":"20190131223741","is_ascension_mode":true,"campfire_choices":[{"data":"Armaments","floor":7,"key":"SMITH"},{"data":"Intimidate","floor":13,"key":"SMITH"},{"data":"Demon Form","floor":15,"key":"SMITH"},{"floor":23,"key":"RECALL"},{"data":"Flex","floor":29,"key":"SMITH"},{"data":"Feed","floor":32,"key":"SMITH"}],"neow_cost":"NONE","seed_source_timestamp":0,"circlet_count":0,"master_deck":["AscendersBane","Strike_R+1","Strike_R","Defend_R","Defend_R","Defend_R","Defend_R+1","Bash+1","Intimidate+1","Twin Strike","Shrug It Off+1","Armaments+1","Iron Wave","Iron Wave+1","Demon Form+1","Pommel Strike","Iron Wave","Feed+1","Twin Strike+1","Heavy Blade+1","Evolve","Bludgeon"],"special_seed":0,"relics":["Burning Blood","NeowsBlessing","Bronze Scales","War Paint","Red Skull","Snecko Eye","Oddly Smooth Stone","Orichalcum","Bottled Flame","Tiny House","Red Mask"],"potions_floor_usage":[6,12,25],"damage_taken":[{"damage":0,"enemies":"2 Louse","floor":1,"turns":1},{"damage":0,"enemies":"Cultist","floor":3,"turns":1},{"damage":0,"enemies":"Jaw Worm","floor":4,"turns":1},{"damage":36,"enemies":"Lagavulin","floor":6,"turns":7},{"damage":0,"enemies":"Large Slime","floor":8,"turns":7},{"damage":0,"enemies":"Exordium Wildlife","floor":10,"turns":3},{"damage":6,"enemies":"Blue Slaver","floor":11,"turns":4},{"damage":22,"enemies":"3 Sentries","floor":12,"turns":9},{"damage":28,"enemies":"The Guardian","floor":16,"turns":11},{"damage":6,"enemies":"Spheric Guardian","floor":18,"turns":4},{"damage":11,"enemies":"Shell Parasite","floor":20,"turns":5},{"damage":0,"enemies":"Centurion and Healer","floor":22,"turns":4},{"damage":9,"enemies":"Gremlin Leader","floor":25,"turns":5},{"damage":8,"enemies":"Snake Plant","floor":28,"turns":4},{"damage":21,"enemies":"Sentry and Sphere","floor":30,"turns":4},{"damage":10,"enemies":"Automaton","floor":33,"turns":6},{"damage":14,"enemies":"Orb Walker","floor":35,"turns":4},{"damage":20,"enemies":"3 Darklings","floor":38,"turns":8},{"damage":25,"enemies":"Spire Growth","floor":39,"turns":5},{"damage":58,"enemies":"Giant Head","floor":40,"turns":6}],"seed_played":"-2263523356025869734","potions_obtained":[{"floor":1,"key":"LiquidBronze"},{"floor":4,"key":"PowerPotion"},{"floor":6,"key":"GamblersBrew"},{"floor":8,"key":"Weak Potion"},{"floor":12,"key":"SpeedPotion"},{"floor":22,"key":"Fire Potion"},{"floor":25,"key":"FearPotion"}],"is_trial":false,"path_per_floor":["M","?","M","M","$","E","R","M","T","M","M","E","R","?","R","B",null,"M","?","M","?","M","R","$","E","T","T","M","R","M","$","R","B",null,"M","$","?","M","M","E"],"character_chosen":"IRONCLAD","items_purchased":["Iron Wave","Oddly Smooth Stone","Evolve"],"campfire_rested":0,"item_purchase_floors":[5,24,36],"current_hp_per_floor":[78,78,80,80,80,50,50,56,56,62,62,46,46,30,30,8,62,65,65,60,44,53,53,53,53,53,53,51,51,39,39,39,35,87,79,79,79,65,46,0],"gold":31,"neow_bonus":"THREE_ENEMY_KILL","is_prod":false,"is_daily":false,"chose_seed":false,"campfire_upgraded":5,"win_rate":0,"timestamp":1548974261,"path_taken":["M","?","M","?","?","E","R","?","T","M","?","E","R","?","R","BOSS","M","?","M","?","M","R","?","E","T","?","M","R","?","?","R","BOSS","M","$","?","M","M","E"],"build_version":"2019-01-23","purchased_purges":2,"victory":false,"max_hp_per_floor":[80,80,80,80,80,80,80,80,80,80,80,80,80,80,80,80,80,83,83,83,88,91,91,91,94,94,94,94,94,97,97,97,97,102,102,102,102,102,102,102],"card_choices":[{"not_picked":["Clash","Dropkick"],"picked":"Intimidate","floor":1},{"not_picked":["Shrug It Off","Clothesline","Wild Strike"],"picked":"SKIP","floor":3},{"not_picked":["Clothesline","Wild Strike"],"picked":"Shrug It Off","floor":3},{"not_picked":["Shrug It Off","Intimidate"],"picked":"Armaments","floor":4},{"not_picked":["Evolve","Perfected Strike"],"picked":"Iron Wave","floor":6},{"not_picked":["Perfected Strike","Cleave"],"picked":"Demon Form","floor":8},{"not_picked":["Entrench","Thunderclap","Searing Blow"],"picked":"SKIP","floor":10},{"not_picked":["Hemokinesis","Heavy Blade"],"picked":"Pommel Strike","floor":11},{"not_picked":["Disarm","Heavy Blade"],"picked":"Iron Wave","floor":12},{"not_picked":["Immolate","Brutality"],"picked":"Feed","floor":16},{"not_picked":["Armaments","Pommel Strike"],"picked":"Twin Strike+1","floor":18},{"not_picked":["Shrug It Off","Bloodletting","Burning Pact"],"picked":"SKIP","floor":20},{"not_picked":["Pommel Strike","Thunderclap","Havoc"],"picked":"SKIP","floor":22},{"not_picked":["Armaments","Whirlwind"],"picked":"Flex","floor":25},{"not_picked":["Anger","Body Slam+1","Rampage"],"picked":"SKIP","floor":28},{"not_picked":["Reckless Charge","Anger+1"],"picked":"Heavy Blade+1","floor":30},{"not_picked":["Cleave","Armaments","Rampage"],"picked":"SKIP","floor":35},{"not_picked":["Heavy Blade","Warcry"],"picked":"Bludgeon","floor":38},{"not_picked":["Blood for Blood","Dual Wield+1","Clash+1"],"picked":"SKIP","floor":39}],"player_experience":567861,"relics_obtained":[{"floor":6,"key":"Bronze Scales"},{"floor":9,"key":"War Paint"},{"floor":12,"key":"Red Skull"},{"floor":25,"key":"Orichalcum"},{"floor":27,"key":"Bottled Flame"}],"event_choices":[{"damage_healed":0,"gold_gain":0,"cards_transformed":["Strike_R"],"player_choice":"Transformed","damage_taken":0,"max_hp_gain":0,"max_hp_loss":0,"event_name":"Transmorgrifier","floor":2,"gold_loss":0,"cards_obtained":["Twin Strike"]},{"damage_healed":0,"gold_gain":0,"player_choice":"Entered Light","damage_taken":16,"max_hp_gain":0,"max_hp_loss":0,"event_name":"Shining Light","floor":14,"gold_loss":0,"cards_upgraded":["Bash","Iron Wave"]},{"cards_removed":["Strike_R"],"damage_healed":0,"gold_gain":0,"player_choice":"Gave Gold","damage_taken":0,"max_hp_gain":0,"max_hp_loss":0,"event_name":"Beggar","floor":19,"gold_loss":75},{"damage_healed":0,"gold_gain":0,"player_choice":"Shed Blood","damage_taken":21,"max_hp_gain":5,"max_hp_loss":0,"event_name":"Forgotten Altar","floor":21,"gold_loss":0},{"damage_healed":0,"gold_gain":0,"player_choice":"Paid","damage_taken":0,"relics_obtained":["Red Mask"],"max_hp_gain":0,"max_hp_loss":0,"event_name":"Tomb of Lord Red Mask","floor":37,"gold_loss":81}],"is_beta":false,"boss_relics":[{"not_picked":["White Beast Statue","Astrolabe"],"picked":"Snecko Eye"},{"not_picked":["Runic Dome","Runic Pyramid"],"picked":"Tiny House"}],"items_purged_floors":[5,31],"is_endless":false,"potions_floor_spawned":[1,4,6,8,12,22,25,28,33,38,39],"killed_by":"Giant Head","ascension_level":13}