{"gold_per_floor":[118,133,308,308,13,13,31,45,45,57,57,75,93,104,104,209,209,224,224,224,134,134,134,145,70,120,132,144,171,201,312,324,440,452,483,435,266,342,342,342,359,359,359,376,386,401,183,199,199,199],"floor_reached":51,"playtime":5352,"items_purged":["Strike_B","Strike_B","Dualcast"],"score":665,"play_id":"832d587e-2460-4c31-a29b-eedd45aca5a2","local_time":"20181222072404","is_ascension_mode":false,"campfire_choices":[{"data":"White Noise","floor":6,"key":"SMITH"},{"data":"Defragment","floor":11,"key":"SMITH"},{"data":"Defragment","floor":15,"key":"SMITH"},{"data":"Zap","floor":23,"key":"SMITH"},{"data":"Redo","floor":28,"key":"SMITH"},{"floor":32,"key":"REST"},{"data":"Defragment","floor":40,"key":"SMITH"},{"floor":49,"key":"REST"}],"neow_cost":"NONE","seed_source_timestamp":49459724307274,"circlet_count":0,"master_deck":["Strike_B+1","Defend_B","Defend_B","Defend_B+1","Defend_B","Zap+1","White Noise+1","BootSequence","Coolheaded","Auto Shields","Double Energy","Defragment+1","Reboot","Defragment+1","Conserve Battery","Machine Learning","Skim","Redo+1","Consume+1","Steam Power","Amplify","FTL+1","Defragment+1","FTL+1","Chill+1","Parasite","Steam+1","Loop","Defragment","Ball Lightning+1","Lockon+1"],"relics":["Cracked Core","Molten Egg 2","Question Card","Inserter","Spirit Poop","Mango","MawBank","Sozu","Matryoshka","Pantograph","Gambling Chip"],"potions_floor_usage":[16,33,33],"damage_taken":[{"damage":4,"enemies":"Small Slimes","floor":1,"turns":3},{"damage":1,"enemies":"Jaw Worm","floor":2,"turns":3},{"damage":0,"enemies":"2 Louse","floor":7,"turns":2},{"damage":5,"enemies":"Red Slaver","floor":8,"turns":4},{"damage":0,"enemies":"3 Louse","floor":10,"turns":6},{"damage":2,"enemies":"2 Fungi Beasts","floor":12,"turns":4},{"damage":9,"enemies":"Exordium Thugs","floor":13,"turns":6},{"damage":0,"enemies":"3 Louse","floor":14,"turns":3},{"damage":20,"enemies":"Hexaghost","floor":16,"turns":15},{"damage":4,"enemies":"Shell Parasite","floor":18,"turns":8},{"damage":3,"enemies":"2 Thieves","floor":21,"turns":5},{"damage":6,"enemies":"Shelled Parasite and Fungi","floor":24,"turns":7},{"damage":40,"enemies":"3 Cultists","floor":29,"turns":7},{"damage":4,"enemies":"Centurion and Healer","floor":30,"turns":7},{"damage":29,"enemies":"Collector","floor":33,"turns":9},{"damage":13,"enemies":"3 Shapes","floor":35,"turns":4},{"damage":1,"enemies":"Orb Walker","floor":41,"turns":4},{"damage":8,"enemies":"Sphere and 2 Shapes","floor":44,"turns":5},{"damage":0,"enemies":"Writhing Mass","floor":45,"turns":6},{"damage":29,"enemies":"Spire Growth","floor":46,"turns":6},{"damage":7,"enemies":"4 Shapes","floor":48,"turns":6},{"damage":24,"enemies":"Donu and Deca","floor":50,"turns":10}],"seed_played":"-1829027129497324051","potions_obtained":[{"floor":2,"key":"Explosive Potion"},{"floor":8,"key":"FocusPotion"},{"floor":10,"key":"SkillPotion"},{"floor":16,"key":"PowerPotion"}],"is_trial":false,"path_per_floor":["M","M","?","?","$","R","M","M","T","M","R","M","M","M","R","B",null,"M","?","?","M","?","R","M","$","T","$","R","M","M","?","R","B",null,"M","?","$","T","?","R","M","?","T","M","M","M","$","M","R","B",null],"character_chosen":"DEFECT","items_purchased":["Molten Egg 2","Coolheaded","Defragment","Defragment","Ball Lightning+1"],"campfire_rested":2,"item_purchase_floors":[5,5,37,47,47],"current_hp_per_floor":[78,77,77,61,61,61,61,56,56,56,56,54,45,45,45,25,82,78,62,62,59,73,73,67,67,67,67,67,27,23,23,51,22,96,83,83,83,83,83,83,82,82,82,74,74,45,45,38,66,67],"gold":199,"neow_bonus":"TEN_PERCENT_HP_BONUS","is_prod":false,"is_daily":false,"chose_seed":false,"campfire_upgraded":6,"win_rate":0.0,"timestamp":1545459844,"path_taken":["M","M","?","?","$","R","M","M","T","M","R","M","M","M","R","BOSS","M","?","?","?","?","R","M","$","T","$","R","M","M","?","R","BOSS","M","?","$","?","?","R","M","?","T","M","M","?","$","M","R","BOSS"],"build_version":"2018-12-20","purchased_purges":3,"victory":true,"max_hp_per_floor":[82,82,82,82,82,82,82,82,82,82,82,82,82,82,82,82,82,82,82,82,82,96,96,96,96,96,96,96,96,96,96,96,96,96,96,96,96,96,96,96,96,96,96,96,96,96,96,96,96,96],"card_choices":[{"not_picked":["Cold Snap","Glacier"],"picked":"White Noise","floor":1},{"not_picked":["Stack","Barrage"],"picked":"BootSequence","floor":2},{"not_picked":["Go for the Eyes+1","Genetic Algorithm"],"picked":"Auto Shields","floor":7},{"not_picked":["Go for the Eyes+1","Leap"],"picked":"Double Energy","floor":8},{"not_picked":["Ball Lightning+1","Streamline+1","Storm"],"picked":"Defragment","floor":10},{"not_picked":["Reinforced Body","Fusion","Hello World"],"picked":"Reboot","floor":12},{"not_picked":["Streamline+1","Cold Snap+1","Glacier"],"picked":"Defragment","floor":13},{"not_picked":["Force Field","Go for the Eyes+1","Auto Shields"],"picked":"Conserve Battery","floor":14},{"not_picked":["Fission","Thunder Strike+1","Creative AI"],"picked":"Machine Learning","floor":16},{"not_picked":["BootSequence","Genetic Algorithm","Gash+1"],"picked":"Skim","floor":18},{"not_picked":["Conserve Battery","Leap","BootSequence"],"picked":"Redo","floor":21},{"not_picked":["Redo","Compile Driver+1","Streamline+1"],"picked":"Consume+1","floor":24},{"not_picked":["Conserve Battery","Leap","Double Energy"],"picked":"Steam Power","floor":29},{"not_picked":["Ball Lightning+1","Steam","Rainbow"],"picked":"Lockon+1","floor":30},{"not_picked":["Machine Learning","Multi-Cast","Rainbow"],"picked":"Amplify","floor":33},{"not_picked":["Stack","Genetic Algorithm+1","Doom and Gloom+1"],"picked":"FTL+1","floor":35},{"not_picked":["Genetic Algorithm+1","Stack","Hologram"],"picked":"FTL+1","floor":41},{"not_picked":["Go for the Eyes+1","Steam","Reprogram"],"picked":"Chill+1","floor":44},{"not_picked":["Chill+1","Conserve Battery","Tempest"],"picked":"Steam+1","floor":45},{"not_picked":["Streamline+1","Glacier+1","Redo"],"picked":"Loop","floor":46},{"not_picked":["Buffer","Compile Driver+1","Sweeping Beam+1"],"picked":"Lockon+1","floor":48}],"player_experience":10165,"relics_obtained":[{"floor":9,"key":"Question Card"},{"floor":26,"key":"MawBank"},{"floor":38,"key":"Matryoshka"},{"floor":43,"key":"Pantograph"},{"floor":43,"key":"Gambling Chip"}],"event_choices":[{"damage_healed":0,"gold_gain":175,"player_choice":"AGREE","damage_taken":0,"max_hp_gain":0,"max_hp_loss":0,"event_name":"Liars Game","floor":3,"gold_loss":0,"cards_obtained":["Doubt"]},{"damage_healed":0,"gold_gain":0,"player_choice":"Entered Light","damage_taken":16,"max_hp_gain":0,"max_hp_loss":0,"event_name":"Shining Light","floor":4,"gold_loss":0,"cards_upgraded":["Defend_B","Strike_B"]},{"damage_healed":0,"gold_gain":0,"player_choice":"Obtained Book","damage_taken":16,"max_hp_gain":0,"max_hp_loss":0,"event_name":"Cursed Tome","floor":19,"gold_loss":0},{"cards_removed":["Doubt"],"damage_healed":0,"gold_gain":0,"player_choice":"Offered Curse","damage_taken":0,"relics_obtained":["Spirit Poop"],"max_hp_gain":0,"max_hp_loss":0,"event_name":"Bonfire Elementals","floor":20,"gold_loss":0},{"damage_healed":0,"gold_gain":0,"player_choice":"Opened","damage_taken":0,"relics_obtained":["Mango"],"max_hp_gain":0,"max_hp_loss":0,"event_name":"The Mausoleum","floor":22,"gold_loss":0},{"damage_healed":0,"gold_gain":99,"player_choice":"Stole From Cult","damage_taken":0,"max_hp_gain":0,"max_hp_loss":0,"event_name":"Nest","floor":31,"gold_loss":0},{"cards_removed":["Strike_B"],"damage_healed":0,"gold_gain":0,"player_choice":"Single Remove","damage_taken":0,"max_hp_gain":0,"max_hp_loss":0,"event_name":"Designer","floor":36,"gold_loss":60},{"cards_removed":["Lockon"],"damage_healed":0,"gold_gain":0,"player_choice":"Removed Attack","damage_taken":0,"max_hp_gain":0,"max_hp_loss":0,"event_name":"Falling","floor":39,"gold_loss":0},{"damage_healed":0,"gold_gain":0,"player_choice":"Ignored","damage_taken":0,"max_hp_gain":0,"max_hp_loss":0,"event_name":"Tomb of Lord Red Mask","floor":42,"gold_loss":0}],"is_beta":false,"boss_relics":[{"not_picked":["Runic Dome","Orrery"],"picked":"Inserter"},{"not_picked":["Cursed Key","Fusion Hammer"],"picked":"Sozu"}],"items_purged_floors":[25,37,47],"is_endless":false,"potions_floor_spawned":[2,8,10,13,16,29,30,35,44,48],"ascension_level":0}