{"gold_per_floor":[119,133,133,147,24,24,24,24,36,48,70,102,131,178,190,202],"floor_reached":16,"playtime":738,"items_purged":["Strike_R"],"score":112,"play_id":"9cb29aaa-5ee5-486c-8aa2-d1fd20c259e4","local_time":"20190329201647","is_ascension_mode":true,"campfire_choices":[{"floor":6,"key":"DIG"},{"floor":8,"key":"DIG"},{"floor":10,"key":"DIG"},{"floor":15,"key":"REST"}],"neow_cost":"TEN_PERCENT_HP_LOSS","seed_source_timestamp":1124362695974400,"circlet_count":0,"master_deck":["Strike_R","Strike_R","Strike_R","Defend_R","Defend_R","Defend_R","Defend_R","Bash","Iron Wave","Pommel Strike","Wild Strike","Shrug It Off","Rage","Feed","Heavy Blade","Flame Barrier"],"relics":["Burning Blood","Shovel","Oddly Smooth Stone","MawBank","Bottled Flame","Prayer Wheel","Blood Vial"],"potions_floor_usage":[11,12,14,16],"damage_taken":[{"damage":0,"enemies":"2 Louse","floor":1,"turns":3},{"damage":8,"enemies":"Jaw Worm","floor":2,"turns":4},{"damage":4,"enemies":"Small Slimes","floor":4,"turns":4},{"damage":29,"enemies":"Exordium Wildlife","floor":11,"turns":8},{"damage":2,"enemies":"Blue Slaver","floor":12,"turns":3},{"damage":10,"enemies":"3 Louse","floor":13,"turns":4},{"damage":21,"enemies":"Lagavulin","floor":14,"turns":4},{"damage":61,"enemies":"Hexaghost","floor":16,"turns":12}],"seed_played":"2164648714501880704","potions_obtained":[{"floor":2,"key":"PowerPotion"},{"floor":4,"key":"SpeedPotion"},{"floor":13,"key":"AttackPotion"},{"floor":14,"key":"SteroidPotion"}],"is_trial":false,"path_per_floor":["M","M","?","M","$","R","?","R","T","R","M","M","M","E","R","B"],"character_chosen":"IRONCLAD","items_purchased":["Shrug It Off"],"campfire_rested":1,"item_purchase_floors":[5],"current_hp_per_floor":[72,70,75,77,77,77,70,70,70,70,47,51,47,35,59,0],"gold":202,"neow_bonus":"ONE_RARE_RELIC","is_prod":false,"is_daily":false,"chose_seed":false,"campfire_upgraded":0,"win_rate":0,"timestamp":1553905007,"path_taken":["M","M","?","M","$","R","?","R","T","R","M","M","M","E","R","BOSS"],"build_version":"2019-01-23","purchased_purges":1,"victory":false,"max_hp_per_floor":[72,72,77,77,77,77,77,77,77,77,77,77,77,80,80,80],"card_choices":[{"not_picked":["Flex","Sword Boomerang"],"picked":"Iron Wave","floor":1},{"not_picked":["Pummel","Intimidate"],"picked":"Pommel Strike","floor":2},{"not_picked":["Havoc","True Grit"],"picked":"Wild Strike","floor":4},{"not_picked":["Body Slam","Headbutt"],"picked":"Rage","floor":11},{"not_picked":["True Grit","Seeing Red","Intimidate"],"picked":"SKIP","floor":11},{"not_picked":["Sentinel","Fire Breathing","Feel No Pain"],"picked":"SKIP","floor":12},{"not_picked":["True Grit","Battle Trance","Second Wind"],"picked":"SKIP","floor":12},{"not_picked":["Pommel Strike","Clothesline"],"picked":"Feed","floor":13},{"not_picked":["Bloodletting","Headbutt"],"picked":"Heavy Blade","floor":13},{"not_picked":["Body Slam","Carnage"],"picked":"Flame Barrier","floor":14}],"player_experience":75538,"relics_obtained":[{"floor":6,"key":"Oddly Smooth Stone"},{"floor":8,"key":"MawBank"},{"floor":9,"key":"Bottled Flame"},{"floor":10,"key":"Prayer Wheel"},{"floor":14,"key":"Blood Vial"}],"event_choices":[{"damage_healed":0,"gold_gain":0,"player_choice":"Donut","damage_taken":0,"max_hp_gain":5,"max_hp_loss":0,"event_name":"Big Fish","floor":3,"gold_loss":0},{"cards_removed":["Strike_R"],"damage_healed":0,"gold_gain":0,"player_choice":"Card Removal","damage_taken":7,"max_hp_gain":0,"max_hp_loss":0,"event_name":"Golden Wing","floor":7,"gold_loss":0}],"is_beta":false,"boss_relics":[],"items_purged_floors":[5],"is_endless":false,"potions_floor_spawned":[2,4,13,14],"killed_by":"Hexaghost","ascension_level":2}