{"gold_per_floor":[111,111,123,223,243,243,257,268,339,115,115,131,131,60,60,158,158,177,177,177,5,22,22,34,34,107,107,7,23,23,23],"floor_reached":31,"playtime":1166,"items_purged":["Strike_B","Parasite"],"score":259,"play_id":"5882cb7f-10a0-4c0e-9ffc-e2f6d445bfb9","local_time":"20180810183937","is_ascension_mode":true,"campfire_choices":[{"data":"Static Discharge","floor":6,"key":"SMITH"},{"data":"Zap","floor":11,"key":"SMITH"},{"floor":15,"key":"REST"},{"data":"Creative AI","floor":23,"key":"SMITH"},{"data":"Go for the Eyes","floor":25,"key":"SMITH"},{"data":"Capacitor","floor":27,"key":"SMITH"}],"neow_cost":"TEN_PERCENT_HP_LOSS","seed_source_timestamp":62030159544131,"circlet_count":0,"master_deck":["Strike_B","Strike_B","Strike_B","Defend_B","Defend_B","Defend_B","Defend_B","Zap+1","Dualcast+1","Static Discharge+1","Conserve Battery","Conserve Battery+1","Conserve Battery","Capacitor+1","Creative AI+1","Necronomicurse","Go for the Eyes+1","Go for the Eyes+1"],"relics":["Cracked Core","Turnip","Mercury Hourglass","Lantern","Cursed Key","Unceasing Top","Necronomicon","Art of War","Ornamental Fan"],"potions_floor_usage":[31],"damage_taken":[{"damage":3,"enemies":"Jaw Worm","floor":1,"turns":4},{"damage":14,"enemies":"Small Slimes","floor":3,"turns":4},{"damage":3,"enemies":"2 Louse","floor":5,"turns":2},{"damage":12,"enemies":"Exordium Thugs","floor":7,"turns":4},{"damage":0,"enemies":"2 Fungi Beasts","floor":8,"turns":4},{"damage":2,"enemies":"Lots of Slimes","floor":12,"turns":3},{"damage":21,"enemies":"The Guardian","floor":16,"turns":11},{"damage":1,"enemies":"Spheric Guardian","floor":18,"turns":5},{"damage":7,"enemies":"Shell Parasite","floor":22,"turns":8},{"damage":23,"enemies":"Cultist and Chosen","floor":24,"turns":5},{"damage":24,"enemies":"3 Cultists","floor":29,"turns":6},{"damage":3,"enemies":"Snake Plant","floor":31,"turns":2}],"seed_played":"7092663417807346225","potions_obtained":[{"floor":1,"key":"FearPotion"},{"floor":7,"key":"Ancient Potion"},{"floor":12,"key":"SpeedPotion"},{"floor":18,"key":"Energy Potion"}],"is_trial":false,"path_per_floor":["M","?","M","?","M","R","M","M","T","$","R","M","?","$","R","B",null,"M","?","?","$","M","R","M","R","T","R","$","M","$"],"character_chosen":"DEFECT","items_purchased":["Lantern","Capacitor","Art of War","Go for the Eyes"],"campfire_rested":1,"item_purchase_floors":[10,14,21,21],"current_hp_per_floor":[65,70,56,56,53,53,41,41,41,41,41,39,24,24,45,24,73,72,72,56,56,49,49,26,26,26,26,26,2,2,0],"gold":23,"neow_bonus":"ONE_RARE_RELIC","is_prod":false,"is_daily":false,"chose_seed":false,"campfire_upgraded":5,"win_rate":0,"timestamp":1533922777,"path_taken":["M","?","M","?","?","R","M","M","T","?","R","M","?","?","R","BOSS","M","?","?","?","M","R","M","R","T","R","$","M","$","?"],"build_version":"2018-08-09","purchased_purges":2,"victory":false,"max_hp_per_floor":[68,73,73,73,73,73,73,73,73,73,73,73,73,73,73,73,73,73,73,73,73,73,73,73,73,73,73,70,70,70,70],"card_choices":[{"not_picked":["Beam Cell","Rebound"],"picked":"Static Discharge","floor":1},{"not_picked":["Redo","Tempest"],"picked":"Conserve Battery","floor":3},{"not_picked":["Rebound","Beam Cell"],"picked":"Conserve Battery","floor":5},{"not_picked":["Steam","Cold Snap","Stack"],"picked":"SKIP","floor":7},{"not_picked":["Storm","Aggregate"],"picked":"Conserve Battery","floor":8},{"not_picked":["Doom and Gloom","Rebound","Hologram"],"picked":"SKIP","floor":12},{"not_picked":["Biased Cognition","Thunder Strike"],"picked":"Creative AI","floor":16},{"not_picked":["Turbo","Rebound+1","Scrape"],"picked":"SKIP","floor":18},{"not_picked":["Tempest","Compile Driver","Loop"],"picked":"SKIP","floor":22},{"not_picked":["Sweeping Beam","Beam Cell","Leap"],"picked":"SKIP","floor":24},{"not_picked":["Compile Driver+1","Blizzard"],"picked":"Go for the Eyes+1","floor":29}],"player_experience":249806,"relics_obtained":[{"floor":9,"key":"Mercury Hourglass"},{"floor":20,"key":"Necronomicon"},{"floor":26,"key":"Ornamental Fan"}],"event_choices":[{"event_name":"Big Fish","player_choice":"Donut","floor":2,"damage_taken":0},{"event_name":"Golden Shrine","player_choice":"Pray","floor":4,"damage_taken":0},{"event_name":"Shining Light","player_choice":"Entered Light","floor":13,"damage_taken":0},{"event_name":"WeMeetAgain","player_choice":"Potion","floor":19,"damage_taken":0},{"event_name":"Cursed Tome","player_choice":"Obtained Book","floor":20,"damage_taken":0}],"is_beta":false,"boss_relics":[{"not_picked":["Calling Bell","Nuclear Battery"],"picked":"Cursed Key"}],"items_purged_floors":[10,28],"is_endless":false,"potions_floor_spawned":[1,7,12,18,29],"killed_by":"Snake Plant","ascension_level":3}