{"gold_per_floor":[109,184,184,2,18,49,49,49,349,363,363,363,363,195,195,297,297,317,29,29],"floor_reached":20,"playtime":1127,"items_purged":[],"score":218,"play_id":"13bccdb0-e336-4178-bad9-963ca304698d","local_time":"20180829004634","is_ascension_mode":true,"campfire_choices":[{"data":"Footwork","floor":7,"key":"SMITH"},{"floor":13,"key":"REST"},{"data":"Footwork","floor":15,"key":"SMITH"}],"neow_cost":"NONE","seed_source_timestamp":620091434846072,"circlet_count":0,"master_deck":["Defend_G","Defend_G","Defend_G","Defend_G","Defend_G+1","Strike_G","Strike_G","Strike_G","Strike_G","Survivor","Neutralize+1","Dodge and Roll+1","Noxious Fumes+1","Quick Slash","Footwork+1","Footwork+1","Finesse","Envenom"],"relics":["Ring of the Snake","Happy Flower","Juzu Bracelet","Old Coin","Busted Crown","Calipers"],"potions_floor_usage":[20],"damage_taken":[{"damage":0,"enemies":"2 Louse","floor":1,"turns":2},{"damage":0,"enemies":"Small Slimes","floor":5,"turns":5},{"damage":21,"enemies":"3 Sentries","floor":6,"turns":9},{"damage":0,"enemies":"Cultist","floor":10,"turns":4},{"damage":5,"enemies":"Hexaghost","floor":16,"turns":13},{"damage":0,"enemies":"3 Byrds","floor":18,"turns":9},{"damage":8,"enemies":"Colosseum Slavers","floor":20,"turns":7},{"damage":76,"enemies":"Colosseum Nobs","floor":20,"turns":4}],"seed_played":"-5351852640121132264","potions_obtained":[{"floor":5,"key":"SteroidPotion"},{"floor":10,"key":"Fire Potion"}],"is_trial":false,"path_per_floor":["M","?","?","$","M","E","R","?","T","M","?","?","R","$","R","B",null,"M","$"],"character_chosen":"THE_SILENT","items_purchased":["Happy Flower","Noxious Fumes","Footwork","Finesse","Calipers"],"campfire_rested":1,"item_purchase_floors":[4,4,14,14,19],"current_hp_per_floor":[63,52,45,45,45,24,24,10,10,10,10,33,54,54,54,49,65,65,65,0],"gold":29,"neow_bonus":"UPGRADE_CARD","is_prod":false,"is_daily":false,"chose_seed":false,"campfire_upgraded":2,"win_rate":0,"timestamp":1535499994,"path_taken":["M","?","?","?","?","E","R","?","T","M","?","?","R","?","R","BOSS","M","$","?"],"build_version":"2018-08-23v2","purchased_purges":0,"victory":false,"max_hp_per_floor":[70,70,70,70,70,70,70,70,70,70,70,70,70,70,70,70,70,70,70,70],"card_choices":[{"not_picked":["Underhanded Strike","Dagger Spray"],"picked":"Dodge and Roll","floor":1},{"not_picked":["Dodge and Roll","Masterful Stab"],"picked":"Quick Slash","floor":5},{"not_picked":["Masterful Stab","Outmaneuver"],"picked":"Footwork","floor":6},{"not_picked":["Slice","Deadly Poison","Dagger Spray"],"picked":"SKIP","floor":10},{"not_picked":["Doppelganger","Die Die Die"],"picked":"Envenom","floor":16},{"not_picked":["All Out Attack"],"picked":"SKIP","floor":18}],"player_experience":275793,"relics_obtained":[{"floor":6,"key":"Juzu Bracelet"},{"floor":9,"key":"Old Coin"}],"event_choices":[{"event_name":"World of Goop","player_choice":"Gather Gold","floor":2,"damage_taken":0},{"event_name":"Golden Wing","player_choice":"Card Removal","floor":3,"damage_taken":0},{"event_name":"Shining Light","player_choice":"Entered Light","floor":8,"damage_taken":0},{"event_name":"Upgrade Shrine","player_choice":"Upgraded","floor":11,"damage_taken":0},{"event_name":"Big Fish","player_choice":"Banana","floor":12,"damage_taken":0},{"event_name":"Colosseum","player_choice":"Fight","floor":20,"damage_taken":0},{"event_name":"Colosseum","player_choice":"Fought Nobs","floor":20,"damage_taken":0}],"is_beta":false,"boss_relics":[{"not_picked":["Tiny House","Black Star"],"picked":"Busted Crown"}],"items_purged_floors":[],"is_endless":false,"potions_floor_spawned":[5,10,20],"killed_by":"Colosseum Nobs","ascension_level":6}