{"gold_per_floor":[116,67,83,97,97,132,132,145,145,164,164,164,17,34,34,131,131,150,150,164,184,109,109,64,64,64,64,82,82],"floor_reached":29,"playtime":1863,"items_purged":["Strike_B"],"score":259,"play_id":"8e9cce53-2edf-430b-b457-dc809462d013","local_time":"20180727010013","is_ascension_mode":true,"campfire_choices":[{"data":"Zap","floor":7,"key":"SMITH"},{"data":"Loop","floor":12,"key":"SMITH"},{"floor":15,"key":"REST"},{"floor":23,"key":"REST"},{"data":"Electrodynamics","floor":25,"key":"SMITH"}],"neow_cost":"NONE","seed_source_timestamp":103603396264851,"circlet_count":0,"master_deck":["Strike_B","Strike_B","Defend_B","Defend_B","Defend_B","Zap+1","Dualcast","Sweeping Beam","Conserve Battery","Chaos+1","Conserve Battery","Loop+1","Capacitor","Core Surge","Electrodynamics+1","Go for the Eyes","Genetic Algorithm","Redo"],"relics":["Cracked Core","Gambling Chip","Shuriken","Bottled Flame","Eternal Feather","Girya","Smiling Mask"],"potions_floor_usage":[16,20],"damage_taken":[{"damage":1,"enemies":"Cultist","floor":1,"turns":3},{"damage":3,"enemies":"2 Louse","floor":3,"turns":2},{"damage":4,"enemies":"Jaw Worm","floor":4,"turns":5},{"damage":31,"enemies":"Lagavulin","floor":6,"turns":7},{"damage":2,"enemies":"Red Slaver","floor":8,"turns":2},{"damage":3,"enemies":"Blue Slaver","floor":10,"turns":3},{"damage":12,"enemies":"Gremlin Gang","floor":14,"turns":4},{"damage":30,"enemies":"Hexaghost","floor":16,"turns":12},{"damage":21,"enemies":"2 Thieves","floor":18,"turns":3},{"damage":29,"enemies":"Spheric Guardian","floor":20,"turns":6},{"damage":22,"enemies":"Centurion and Healer","floor":21,"turns":6},{"damage":6,"enemies":"3 Cultists","floor":28,"turns":3},{"damage":40,"enemies":"Slaver and Parasite","floor":29,"turns":3}],"seed_played":"9077727182033501690","potions_obtained":[{"floor":8,"key":"EssenceOfSteel"},{"floor":14,"key":"Strength Potion"},{"floor":16,"key":"Fruit Juice"},{"floor":18,"key":"LiquidBronze"},{"floor":20,"key":"Weak Potion"}],"is_trial":false,"path_per_floor":["M","$","M","M","?","E","R","M","T","M","T","R","$","M","R","B",null,"M","T","M","M","?","R","$","R","T","?","M"],"character_chosen":"DEFECT","items_purchased":["Conserve Battery","Capacitor","Redo"],"campfire_rested":2,"item_purchase_floors":[2,13,24],"current_hp_per_floor":[74,74,71,67,67,36,36,34,34,31,31,31,31,19,41,11,75,54,54,30,8,8,41,41,50,50,35,29,0],"gold":82,"neow_bonus":"REMOVE_CARD","is_prod":false,"is_daily":false,"chose_seed":false,"campfire_upgraded":3,"win_rate":0,"timestamp":1532649613,"path_taken":["M","?","M","?","?","E","R","M","T","M","?","R","$","M","R","BOSS","M","?","?","M","?","R","?","R","T","?","?","M"],"build_version":"2018-07-19v2","purchased_purges":1,"victory":false,"max_hp_per_floor":[75,75,75,75,75,75,75,75,75,75,75,75,75,75,75,75,75,75,75,80,80,80,80,80,80,80,85,85,85],"card_choices":[{"not_picked":["Gash","Reinforced Body"],"picked":"Sweeping Beam","floor":1},{"not_picked":["FTL","Rebound"],"picked":"Chaos","floor":3},{"not_picked":["Cold Snap","Hello World","Streamline"],"picked":"SKIP","floor":4},{"not_picked":["Hologram","Barrage"],"picked":"Conserve Battery","floor":6},{"not_picked":["Reinforced Body","Rebound","Steam"],"picked":"SKIP","floor":8},{"not_picked":["Barrage","Ball Lightning"],"picked":"Loop","floor":10},{"not_picked":["Skim","Reinforced Body"],"picked":"Core Surge","floor":14},{"not_picked":["Echo Form","Reboot"],"picked":"Electrodynamics","floor":16},{"not_picked":["Streamline","Steam"],"picked":"Go for the Eyes","floor":18},{"not_picked":["Heatsinks","Rebound","Streamline"],"picked":"SKIP","floor":20},{"not_picked":["Ball Lightning","Force Field"],"picked":"Genetic Algorithm","floor":21},{"not_picked":["Turbo","Barrage+1","Multi-Cast"],"picked":"SKIP","floor":28}],"player_experience":235498,"relics_obtained":[{"floor":6,"key":"Gambling Chip"},{"floor":9,"key":"Shuriken"},{"floor":11,"key":"Bottled Flame"},{"floor":19,"key":"Girya"},{"floor":26,"key":"Smiling Mask"}],"event_choices":[{"event_name":"Living Wall","player_choice":"Grow","floor":5,"damage_taken":0},{"event_name":"Beggar","player_choice":"Gave Gold","floor":22,"damage_taken":0},{"event_name":"Forgotten Altar","player_choice":"Shed Blood","floor":27,"damage_taken":0}],"is_beta":false,"boss_relics":[{"not_picked":["Astrolabe","Pandora\u0027s Box"],"picked":"Eternal Feather"}],"items_purged_floors":[13],"is_endless":false,"potions_floor_spawned":[8,14,16,18,20],"killed_by":"Slaver and Parasite","ascension_level":3}