{"gold_per_floor":[362,362,362,18,42,76,76,76,101,115,115,131,131,164,164,164],"floor_reached":16,"playtime":548,"items_purged":["Writhe"],"score":194,"play_id":"26c808f4-5cc4-401d-9d68-6176bd53d5a0","local_time":"20190320220812","is_ascension_mode":true,"campfire_choices":[{"floor":11,"key":"REST"},{"data":"Well Laid Plans","floor":13,"key":"SMITH"},{"data":"Neutralize","floor":15,"key":"SMITH"}],"neow_cost":"CURSE","seed_source_timestamp":7801067777800,"circlet_count":0,"master_deck":["AscendersBane","Defend_G","Defend_G","Defend_G","Defend_G","Defend_G","Strike_G","Strike_G","Strike_G","Strike_G","Strike_G","Survivor","Neutralize+1","Leg Sweep","Well Laid Plans+1","Deadly Poison","Backstab","Parasite","Bane","Flying Knee"],"relics":["Ring of the Snake","Golden Idol","Anchor","Membership Card","Art of War","Peace Pipe","Vajra","Potion Belt"],"potions_floor_usage":[14,16,16],"damage_taken":[{"damage":3,"enemies":"Jaw Worm","floor":1,"turns":6},{"damage":0,"enemies":"2 Louse","floor":5,"turns":3},{"damage":54,"enemies":"Gremlin Nob","floor":6,"turns":7},{"damage":0,"enemies":"Cultist","floor":10,"turns":5},{"damage":3,"enemies":"Blue Slaver","floor":12,"turns":4},{"damage":20,"enemies":"Lagavulin","floor":14,"turns":7},{"damage":15,"enemies":"Slime Boss","floor":16,"turns":8}],"seed_played":"-6062561585316755631","potions_obtained":[{"floor":5,"key":"SpeedPotion"},{"floor":6,"key":"Block Potion"},{"floor":14,"key":"Fire Potion"}],"is_trial":false,"path_per_floor":["M","?","?","$","M","E","?","T","T","M","R","M","R","E","R","B"],"character_chosen":"THE_SILENT","items_purchased":["Membership Card","Leg Sweep","Well Laid Plans"],"campfire_rested":1,"item_purchase_floors":[4,4,4],"current_hp_per_floor":[56,56,56,56,56,2,17,17,17,17,35,32,32,12,12,0],"gold":164,"neow_bonus":"TWO_FIFTY_GOLD","is_prod":false,"is_daily":false,"chose_seed":false,"campfire_upgraded":2,"win_rate":0,"timestamp":1553119692,"path_taken":["M","?","?","$","?","E","?","?","T","M","R","M","R","E","R","BOSS"],"build_version":"2019-01-23","purchased_purges":1,"victory":false,"max_hp_per_floor":[66,60,60,60,60,60,60,60,60,60,60,60,60,60,60,60],"card_choices":[{"not_picked":["Deflect","Calculated Gamble"],"picked":"Acrobatics","floor":1},{"not_picked":["Concentrate","Distraction"],"picked":"Deadly Poison","floor":5},{"not_picked":["Finisher","Deadly Poison"],"picked":"Backstab","floor":6},{"not_picked":["Sucker Punch","Catalyst","Dagger Throw"],"picked":"SKIP","floor":10},{"not_picked":["Well Laid Plans","Outmaneuver"],"picked":"Bane","floor":12},{"not_picked":["Dodge and Roll","Heel Hook"],"picked":"Flying Knee","floor":14}],"player_experience":619712,"relics_obtained":[{"floor":6,"key":"Art of War"},{"floor":8,"key":"Peace Pipe"},{"floor":9,"key":"Vajra"},{"floor":14,"key":"Potion Belt"}],"event_choices":[{"damage_healed":0,"gold_gain":0,"player_choice":"Lose Max HP","damage_taken":0,"relics_obtained":["Golden Idol"],"max_hp_gain":0,"max_hp_loss":6,"event_name":"Golden Idol","floor":2,"gold_loss":0},{"cards_removed":["Acrobatics"],"damage_healed":0,"gold_gain":0,"player_choice":"Gave Card","damage_taken":0,"relics_obtained":["Anchor"],"max_hp_gain":0,"max_hp_loss":0,"event_name":"WeMeetAgain","floor":3,"gold_loss":0},{"damage_healed":15,"gold_gain":0,"player_choice":"Healed and dodged fight","damage_taken":0,"max_hp_gain":0,"max_hp_loss":0,"event_name":"Mushrooms","floor":7,"gold_loss":0,"cards_obtained":["Parasite"]}],"is_beta":false,"boss_relics":[],"items_purged_floors":[4],"is_endless":false,"potions_floor_spawned":[5,6,10,14],"killed_by":"Slime Boss","ascension_level":16}