{"gold_per_floor":[112,124,141,33,46,46,56,89,115,127,127,127,159,11,11,85,85,98,197,197,217,22,22,49,49,106,135,135,135,149,56,56,131,131,150,166,66,166,184,184,214,214,239,256,256,279,279,279,279,279],"floor_reached":51,"playtime":3742,"items_purged":["Strike_B","Strike_B"],"score":1148,"play_id":"7c3c8ee0-c475-4192-afb6-c0970c76f158","local_time":"20190329000353","is_ascension_mode":true,"campfire_choices":[{"data":"Consume","floor":6,"key":"SMITH"},{"data":"Zap","floor":12,"key":"SMITH"},{"floor":15,"key":"REST"},{"floor":23,"key":"REST"},{"floor":25,"key":"REST"},{"floor":32,"key":"REST"},{"floor":40,"key":"REST"},{"floor":42,"key":"DIG"},{"floor":45,"key":"REST"},{"floor":49,"key":"REST"}],"neow_cost":"NONE","seed_source_timestamp":32462367993099,"circlet_count":0,"master_deck":["AscendersBane","Strike_B+1","Strike_B","Defend_B","Defend_B","Defend_B","Defend_B","Zap+1","Dualcast","Sweeping Beam+1","Consume+1","Auto Shields","FTL","Glacier","Loop","Echo Form","Coolheaded","Blizzard","Loop","Loop","Conserve Battery","Electrodynamics","Leap+1","Steam","Hologram+1"],"relics":["Cracked Core","NeowsBlessing","Whetstone","Boot","Blood Vial","Bag of Preparation","Fusion Hammer","OrangePellets","PreservedInsect","Tiny Chest","Pen Nib","Singing Bowl","Enchiridion","Snecko Eye","Shovel","Strawberry","Happy Flower","Anchor","Ancient Tea Set","Pocketwatch"],"potions_floor_usage":[8,16,33,33,39,50],"damage_taken":[{"damage":0,"enemies":"Cultist","floor":1,"turns":1},{"damage":0,"enemies":"2 Louse","floor":2,"turns":1},{"damage":0,"enemies":"Jaw Worm","floor":3,"turns":1},{"damage":1,"enemies":"3 Louse","floor":5,"turns":3},{"damage":6,"enemies":"Looter","floor":7,"turns":3},{"damage":20,"enemies":"Lagavulin","floor":8,"turns":7},{"damage":0,"enemies":"Exordium Wildlife","floor":10,"turns":3},{"damage":21,"enemies":"Gremlin Nob","floor":13,"turns":4},{"damage":15,"enemies":"Slime Boss","floor":16,"turns":16},{"damage":0,"enemies":"Shell Parasite","floor":18,"turns":8},{"damage":11,"enemies":"2 Thieves","floor":21,"turns":4},{"damage":41,"enemies":"Gremlin Leader","floor":24,"turns":9},{"damage":11,"enemies":"Book of Stabbing","floor":27,"turns":8},{"damage":8,"enemies":"Snecko","floor":30,"turns":6},{"damage":43,"enemies":"Collector","floor":33,"turns":15},{"damage":16,"enemies":"Orb Walker","floor":35,"turns":4},{"damage":32,"enemies":"3 Darklings","floor":36,"turns":5},{"damage":2,"enemies":"Mind Bloom Boss Battle","floor":38,"turns":7},{"damage":18,"enemies":"Jaw Worm Horde","floor":39,"turns":4},{"damage":11,"enemies":"Nemesis","floor":41,"turns":15},{"damage":0,"enemies":"Maw","floor":44,"turns":7},{"damage":72,"enemies":"Awakened One","floor":50,"turns":23}],"seed_played":"-8845046695721839246","potions_obtained":[{"floor":2,"key":"PowerPotion"},{"floor":7,"key":"Fire Potion"},{"floor":10,"key":"Strength Potion"},{"floor":13,"key":"PowerPotion"},{"floor":16,"key":"EssenceOfSteel"},{"floor":24,"key":"EssenceOfSteel"},{"floor":38,"key":"Weak Potion"},{"floor":44,"key":"Ancient Potion"}],"is_trial":false,"path_per_floor":["M","M","M","$","M","R","M","E","T","M","?","R","E","$","R","B",null,"M","?","?","M","$","R","E","R","T","E","T","?","M","$","R","B",null,"M","M","$","?","M","R","E","R","T","M","R","T","?","T","R","B",null],"character_chosen":"DEFECT","items_purchased":["FTL","Bag of Preparation","OrangePellets","Loop","Conserve Battery"],"campfire_rested":7,"item_purchase_floors":[4,14,22,31,31],"current_hp_per_floor":[68,68,68,68,67,67,61,41,41,41,41,41,20,20,42,29,64,66,66,66,57,57,75,34,56,56,47,47,31,25,25,47,6,58,46,18,18,20,4,28,26,26,26,28,54,54,54,54,79,9],"gold":279,"neow_bonus":"THREE_ENEMY_KILL","is_prod":false,"is_daily":false,"chose_seed":false,"campfire_upgraded":2,"win_rate":0,"timestamp":1553814233,"path_taken":["M","M","?","$","M","R","M","E","T","M","?","R","E","$","R","BOSS","M","?","?","M","$","R","E","R","T","E","?","?","M","$","R","BOSS","M","M","$","?","M","R","E","R","T","M","R","?","?","?","R","BOSS"],"build_version":"2019-01-23","purchased_purges":2,"victory":true,"max_hp_per_floor":[75,75,75,75,75,75,75,75,75,75,75,75,75,75,75,75,75,75,75,75,75,75,75,75,75,75,75,75,75,75,75,75,75,75,77,79,79,81,81,81,88,88,88,88,88,88,84,84,84,84],"card_choices":[{"not_picked":["Leap","Steam"],"picked":"Sweeping Beam","floor":1},{"not_picked":["Tempest","Steam"],"picked":"Consume","floor":2},{"not_picked":["Leap","Melter"],"picked":"Auto Shields","floor":3},{"not_picked":["Doom and Gloom","Sweeping Beam","Beam Cell"],"picked":"SKIP","floor":5},{"not_picked":["Scrape","Storm"],"picked":"Glacier","floor":7},{"not_picked":["Recycle","Streamline"],"picked":"Loop","floor":8},{"not_picked":["Streamline","Go for the Eyes","Fusion"],"picked":"SKIP","floor":10},{"not_picked":["Stack","Turbo","Meteor Strike"],"picked":"SKIP","floor":13},{"not_picked":["Multi-Cast","All For One"],"picked":"Echo Form","floor":16},{"not_picked":["Cold Snap","Beam Cell","Recycle"],"picked":"SKIP","floor":18},{"not_picked":["Beam Cell","Streamline"],"picked":"Coolheaded","floor":21},{"not_picked":["Glacier","Hologram"],"picked":"Blizzard","floor":24},{"not_picked":["Scrape+1","Stack","Beam Cell"],"picked":"SKIP","floor":27},{"not_picked":["Gash","Tempest"],"picked":"Loop","floor":30},{"not_picked":["Echo Form","Multi-Cast"],"picked":"Electrodynamics","floor":33},{"not_picked":["Conserve Battery","Barrage+1","Cold Snap"],"picked":"Singing Bowl","floor":35},{"not_picked":["Ball Lightning","Darkness","Redo"],"picked":"Singing Bowl","floor":36},{"not_picked":["Steam","Streamline+1","Redo"],"picked":"Singing Bowl","floor":38},{"not_picked":["Stack+1","Steam+1"],"picked":"Leap+1","floor":39},{"not_picked":["Beam Cell+1","Machine Learning"],"picked":"Steam","floor":41},{"not_picked":["Reprogram","Melter"],"picked":"Hologram+1","floor":44}],"player_experience":822222,"relics_obtained":[{"floor":8,"key":"Whetstone"},{"floor":9,"key":"Boot"},{"floor":13,"key":"Blood Vial"},{"floor":24,"key":"PreservedInsect"},{"floor":26,"key":"Tiny Chest"},{"floor":27,"key":"Pen Nib"},{"floor":28,"key":"Singing Bowl"},{"floor":29,"key":"Enchiridion"},{"floor":38,"key":"Shovel"},{"floor":41,"key":"Strawberry"},{"floor":42,"key":"Happy Flower"},{"floor":43,"key":"Anchor"},{"floor":46,"key":"Ancient Tea Set"},{"floor":48,"key":"Pocketwatch"}],"event_choices":[{"damage_healed":0,"gold_gain":0,"player_choice":"Ignored","damage_taken":0,"max_hp_gain":0,"max_hp_loss":0,"event_name":"Golden Idol","floor":11,"gold_loss":0},{"damage_healed":0,"gold_gain":99,"player_choice":"Stole From Cult","damage_taken":0,"max_hp_gain":0,"max_hp_loss":0,"event_name":"Nest","floor":19,"gold_loss":0},{"damage_healed":0,"gold_gain":0,"player_choice":"Ignored","damage_taken":0,"max_hp_gain":0,"max_hp_loss":0,"event_name":"Vampires","floor":20,"gold_loss":0},{"damage_healed":0,"gold_gain":0,"player_choice":"Obtained Book","damage_taken":16,"max_hp_gain":0,"max_hp_loss":0,"event_name":"Cursed Tome","floor":29,"gold_loss":0},{"damage_healed":0,"gold_gain":0,"player_choice":"Fight","damage_taken":0,"max_hp_gain":0,"max_hp_loss":0,"event_name":"MindBloom","floor":38,"gold_loss":0},{"damage_healed":0,"gold_gain":0,"player_choice":"Max HP","damage_taken":0,"max_hp_gain":0,"max_hp_loss":4,"event_name":"Winding Halls","floor":47,"gold_loss":0}],"is_beta":false,"boss_relics":[{"not_picked":["Pandora\u0027s Box","Lizard Tail"],"picked":"Fusion Hammer"},{"not_picked":["Eternal Feather","Philosopher\u0027s Stone"],"picked":"Snecko Eye"}],"items_purged_floors":[4,37],"is_endless":false,"potions_floor_spawned":[2,7,10,13,16,18,24,27,38,44],"ascension_level":13}