{"gold_per_floor":[119,119,21,21,34,60,73,92,168,168,168,168,197,212,212,316,316,333,350,350],"floor_reached":20,"playtime":1283,"items_purged":["Strike_R"],"score":294,"play_id":"b815dcf2-3c6d-4472-9942-9864f43b0d2d","local_time":"20181115225054","is_ascension_mode":true,"campfire_choices":[{"data":"Armaments","floor":10.0,"key":"SMITH"},{"floor":12.0,"key":"REST"},{"floor":15.0,"key":"REST"}],"neow_cost":"NONE","seed_source_timestamp":0,"circlet_count":0,"master_deck":["AscendersBane","Strike_R","Strike_R","Strike_R","Defend_R","Defend_R","Defend_R","Defend_R","Bash+1","Flex","Armaments+1","Rampage","Shrug It Off","Searing Blow","Sword Boomerang","Shrug It Off","Cleave","Demon Form","Iron Wave","Iron Wave+1"],"special_seed":0,"relics":["Burning Blood","Bag of Preparation","Shovel","Pantograph","Bottled Flame","Regal Pillow","Mark of Pain"],"potions_floor_usage":[],"damage_taken":[{"damage":8.0,"enemies":"Jaw Worm","floor":1.0,"turns":4.0},{"damage":2.0,"enemies":"2 Louse","floor":5.0,"turns":4.0},{"damage":55.0,"enemies":"3 Sentries","floor":6.0,"turns":14.0},{"damage":1.0,"enemies":"Cultist","floor":7.0,"turns":4.0},{"damage":5.0,"enemies":"Exordium Thugs","floor":8.0,"turns":5.0},{"damage":39.0,"enemies":"Gremlin Nob","floor":13.0,"turns":5.0},{"damage":3.0,"enemies":"Looter","floor":14.0,"turns":2.0},{"damage":42.0,"enemies":"Slime Boss","floor":16.0,"turns":11.0},{"damage":18,"enemies":"Chosen","floor":18,"turns":5},{"damage":32,"enemies":"Spheric Guardian","floor":19,"turns":6},{"damage":36,"enemies":"Shelled Parasite and Fungi","floor":20,"turns":3}],"seed_played":"3563834223104125662","potions_obtained":[{"floor":7.0,"key":"Dexterity Potion"},{"floor":8.0,"key":"Weak Potion"},{"floor":13.0,"key":"AttackPotion"}],"is_trial":false,"path_per_floor":["M","?","$","?","M","E","M","M","T","R","T","R","E","M","R","B",null,"M","M","M"],"character_chosen":"IRONCLAD","items_purchased":["Armaments"],"campfire_rested":2,"item_purchase_floors":[3],"current_hp_per_floor":[70,70,70,70,74,25,30,31,31,31,31,55,22,25,64,44,71,59,33,0],"gold":350,"neow_bonus":"RANDOM_COMMON_RELIC","is_prod":false,"is_daily":false,"chose_seed":false,"campfire_upgraded":1,"win_rate":0,"timestamp":1542322254,"path_taken":["M","?","$","?","M","E","?","M","T","R","?","R","E","M","R","BOSS","M","M","M"],"build_version":"2018-11-08","purchased_purges":1,"victory":false,"max_hp_per_floor":[80,80,80,80,80,80,80,80,80,80,80,80,80,80,80,80,80,80,80,80],"card_choices":[{"not_picked":["Wild Strike","Corruption"],"picked":"Flex","floor":1.0},{"not_picked":["Evolve","Havoc"],"picked":"Rampage","floor":5.0},{"not_picked":["Corruption","Fiend Fire"],"picked":"Shrug It Off","floor":6.0},{"not_picked":["Thunderclap","True Grit"],"picked":"Searing Blow","floor":7.0},{"not_picked":["Second Wind","Body Slam"],"picked":"Sword Boomerang","floor":8.0},{"not_picked":["Carnage","Reckless Charge"],"picked":"Shrug It Off","floor":13.0},{"not_picked":["Havoc","Corruption"],"picked":"Cleave","floor":14.0},{"not_picked":["Dark Embrace","Brutality"],"picked":"Demon Form","floor":16.0},{"not_picked":["Clash","Entrench"],"picked":"Iron Wave","floor":18},{"not_picked":["Perfected Strike","Wild Strike"],"picked":"Iron Wave+1","floor":19}],"player_experience":499860,"relics_obtained":[{"floor":6.0,"key":"Shovel"},{"floor":9.0,"key":"Pantograph"},{"floor":11.0,"key":"Bottled Flame"},{"floor":13.0,"key":"Regal Pillow"}],"event_choices":[{"damage_healed":0.0,"max_hp_gain":0.0,"max_hp_loss":0.0,"gold_gain":0.0,"event_name":"Living Wall","player_choice":"Grow","floor":2.0,"gold_loss":0.0,"damage_taken":0.0,"cards_upgraded":["Bash"]},{"cards_removed":["Strike_R"],"damage_healed":0.0,"max_hp_gain":0.0,"max_hp_loss":0.0,"gold_gain":0.0,"event_name":"Purifier","player_choice":"Purged","floor":4.0,"gold_loss":0.0,"damage_taken":0.0}],"is_beta":false,"boss_relics":[{"not_picked":["White Beast Statue","Eternal Feather"],"picked":"Mark of Pain"}],"items_purged_floors":[3],"is_endless":false,"potions_floor_spawned":[7,8,13],"killed_by":"Shelled Parasite and Fungi","ascension_level":12}