{"gold_per_floor":[114,129,144,144,163,182,182,201,251,56,75,75,94,113,113,238,238,257,57,76,96,115,115,115,134,134,134,153,191,191,191,191,316,316,335,354,354,373,595,595,149,149,149,168,187,187,187,206,206,206],"floor_reached":51,"playtime":2420,"items_purged":["Strike_B","Doubt"],"score":790,"play_id":"8e881a1f-310b-4687-a7df-8e7fb425d203","local_time":"20180630123527","daily_mods":["Heirloom","Cursed Run","Terminal"],"is_ascension_mode":false,"campfire_choices":[{"data":"Darkness","floor":7,"key":"SMITH"},{"data":"Redo","floor":12,"key":"SMITH"},{"data":"Zap","floor":15,"key":"SMITH"},{"floor":24,"key":"REST"},{"data":"Creative AI","floor":27,"key":"SMITH"},{"floor":32,"key":"REST"},{"data":"Apotheosis","floor":40,"key":"SMITH"},{"floor":42,"key":"REST"},{"floor":49,"key":"REST"}],"neow_cost":"","seed_source_timestamp":233641052130295,"circlet_count":0,"master_deck":["Strike_B","Strike_B","Strike_B","Defend_B","Defend_B","Defend_B","Defend_B","Zap+1","Dualcast","Darkness+1","Conserve Battery","Biased Cognition","FTL","Steam","Redo+1","Parasite","Redo","Auto Shields","Creative AI+1","Chill","Capacitor+1","Leap+1","Sweeping Beam+1","Doubt","Self Repair","Capacitor","Doubt","Electrodynamics","Leap","Redo+1","Apotheosis+1","Secret Technique","Skim","Go for the Eyes+1","Glacier+1","Clumsy","Defragment+1","Tempest+1","Doubt"],"special_seed":17712,"relics":["Cursed Key","Darkstone Periapt","Du-Vu Doll","Torii","Golden Idol","Dream Catcher","Tiny Chest","Sozu","Lee\u0027s Waffle","Red Mask","Emotion Chip","Ice Cream","Nuclear Battery","Orichalcum","Toolbox"],"potions_floor_usage":[16,29,29,50],"damage_taken":[{"damage":0,"enemies":"Cultist","floor":1,"turns":3},{"damage":1,"enemies":"2 Louse","floor":2,"turns":3},{"damage":1,"enemies":"Jaw Worm","floor":3,"turns":4},{"damage":2,"enemies":"Lots of Slimes","floor":5,"turns":4},{"damage":0,"enemies":"Red Slaver","floor":6,"turns":4},{"damage":0,"enemies":"Gremlin Gang","floor":8,"turns":4},{"damage":1,"enemies":"3 Louse","floor":11,"turns":3},{"damage":1,"enemies":"2 Fungi Beasts","floor":13,"turns":4},{"damage":0,"enemies":"Exordium Thugs","floor":14,"turns":5},{"damage":18,"enemies":"The Guardian","floor":16,"turns":8},{"damage":29,"enemies":"3 Byrds","floor":18,"turns":5},{"damage":4,"enemies":"Shell Parasite","floor":20,"turns":4},{"damage":30,"floor":21,"turns":6},{"damage":3,"enemies":"Centurion and Healer","floor":22,"turns":6},{"damage":21,"enemies":"Slaver and Parasite","floor":25,"turns":8},{"damage":7,"enemies":"Snake Plant","floor":28,"turns":6},{"damage":8,"enemies":"Book of Stabbing","floor":29,"turns":6},{"damage":10,"enemies":"Collector","floor":33,"turns":8},{"damage":23,"enemies":"Orb Walker","floor":35,"turns":5},{"damage":14,"enemies":"3 Shapes","floor":36,"turns":4},{"damage":7,"enemies":"3 Darklings","floor":38,"turns":3},{"damage":34,"enemies":"Maw","floor":44,"turns":8},{"damage":16,"enemies":"4 Shapes","floor":45,"turns":5},{"damage":6,"enemies":"3 Darklings","floor":48,"turns":6},{"damage":13,"enemies":"Donu and Deca","floor":50,"turns":8}],"seed_played":"-1755974802296634168","potions_obtained":[{"floor":2,"key":"GamblersBrew"},{"floor":3,"key":"Weak Potion"},{"floor":11,"key":"SkillPotion"},{"floor":14,"key":"Regen Potion"},{"floor":16,"key":"Explosive Potion"}],"is_trial":false,"path_per_floor":["M","M","M","?","M","M","R","M","T","$","M","R","M","M","R","B",null,"M","$","M","?","M","?","R","M","T","R","M","E","?","?","R","B",null,"M","M","?","M","?","R","$","R","T","M","M","T","T","M","R","B"],"character_chosen":"DEFECT","items_purchased":["Tiny Chest","Lee\u0027s Waffle","Orichalcum","Secret Technique"],"campfire_rested":4,"item_purchase_floors":[10,19,41,41],"current_hp_per_floor":[73,72,71,54,52,52,52,52,58,58,57,57,56,56,56,44,69,40,74,70,40,37,37,58,37,43,43,36,43,43,49,71,74,77,61,54,54,47,47,47,47,68,68,41,35,35,41,42,62,65],"gold":206,"neow_bonus":"","is_prod":false,"is_daily":true,"chose_seed":false,"campfire_upgraded":5,"win_rate":0,"timestamp":1530372927,"path_taken":["M","M","M","?","M","M","R","?","T","?","?","R","M","M","R","BOSS","M","$","M","?","M","?","R","M","T","R","M","E","?","?","R","BOSS","M","M","?","?","?","R","$","R","T","M","M","?","?","M","R","BOSS"],"build_version":"2018-06-28","purchased_purges":2,"victory":true,"max_hp_per_floor":[73,72,71,70,69,68,67,66,71,70,69,68,67,66,65,70,69,68,74,73,72,71,70,69,68,73,72,71,70,69,74,73,78,77,76,75,74,73,72,71,70,69,68,67,66,65,70,69,68,73],"card_choices":[{"not_picked":["Turbo","Coolheaded"],"picked":"Darkness","floor":1},{"not_picked":["Go for the Eyes","Streamline"],"picked":"Conserve Battery","floor":2},{"not_picked":["Go for the Eyes","Beam Cell"],"picked":"Biased Cognition","floor":3},{"not_picked":["Self Repair","Reinforced Body"],"picked":"FTL","floor":5},{"not_picked":["Ball Lightning","Auto Shields"],"picked":"Steam","floor":6},{"not_picked":["Coolheaded","Sunder"],"picked":"Redo","floor":8},{"not_picked":["Recycle","Rebound"],"picked":"Redo","floor":11},{"not_picked":["Turbo","Coolheaded","Stack"],"picked":"SKIP","floor":13},{"not_picked":["Streamline","Stack"],"picked":"Auto Shields","floor":14},{"not_picked":["Hyperbeam","Machine Learning"],"picked":"Creative AI","floor":16},{"not_picked":["Static Discharge","Cold Snap","Hello World"],"picked":"SKIP","floor":18},{"not_picked":["Skim+1","Ball Lightning"],"picked":"Chill","floor":20},{"not_picked":["Barrage","Coolheaded"],"picked":"Capacitor+1","floor":22},{"not_picked":["Stack+1","Machine Learning"],"picked":"Leap+1","floor":24},{"not_picked":["Stack","Streamline"],"picked":"Sweeping Beam+1","floor":25},{"not_picked":["Static Discharge","Scrape","Consume"],"picked":"SKIP","floor":28},{"not_picked":["Stack","Hologram+1"],"picked":"Self Repair","floor":29},{"not_picked":["Ball Lightning","Machine Learning"],"picked":"Capacitor","floor":32},{"not_picked":["Fission","Buffer"],"picked":"Electrodynamics","floor":33},{"not_picked":["Aggregate","Lockon"],"picked":"Leap","floor":35},{"not_picked":["Cold Snap+1","Streamline"],"picked":"Redo+1","floor":36},{"not_picked":["Sadistic Nature","Trip"],"picked":"Apotheosis","floor":37},{"not_picked":["Go for the Eyes","Melter","Cold Snap"],"picked":"SKIP","floor":38},{"not_picked":["Stack","Force Field+1"],"picked":"Skim","floor":42},{"not_picked":["Cold Snap+1","Rebound+1"],"picked":"Go for the Eyes+1","floor":44},{"not_picked":["Hologram+1","Leap"],"picked":"Glacier+1","floor":45},{"not_picked":["Hologram","Reinforced Body+1"],"picked":"Defragment+1","floor":48},{"not_picked":["Reprogram","Gash"],"picked":"Tempest+1","floor":49}],"player_experience":169410,"relics_obtained":[{"floor":9,"key":"Dream Catcher"},{"floor":21,"key":"Red Mask"},{"floor":26,"key":"Emotion Chip"},{"floor":29,"key":"Ice Cream"},{"floor":47,"key":"Toolbox"}],"event_choices":[{"event_name":"Golden Idol","player_choice":"Take Damage","floor":4,"damage_taken":0},{"event_name":"Masked Bandits","player_choice":"Fought over 76 gold","floor":21,"damage_taken":0},{"event_name":"Drug Dealer","player_choice":"Ignored","floor":23,"damage_taken":0},{"event_name":"Match and Keep!","player_choice":"0 cards matched","floor":30,"damage_taken":0},{"event_name":"Transmorgrifier","player_choice":"Transform","floor":31,"damage_taken":0},{"event_name":"SensoryStone","player_choice":"Memory 1","floor":37,"damage_taken":0},{"event_name":"Tomb of Lord Red Mask","player_choice":"Wore Mask","floor":39,"damage_taken":0}],"boss_relics":[{"not_picked":["Astrolabe","Orrery"],"picked":"Sozu"},{"not_picked":["White Beast Statue","Black Star"],"picked":"Nuclear Battery"}],"items_purged_floors":[10,41],"is_endless":false,"potions_floor_spawned":[2,3,11,14,16,18,21,22,29,33,38,48],"ascension_level":0}