{"gold_per_floor":[113,128,52,127,127,127,127,127,127,141,141,157,157,177,177,272,272,290,290,304,78,89,116,116,116,142,142,155,174,209,221,221,221],"floor_reached":33,"playtime":1557,"items_purged":["Strike_R"],"score":443,"play_id":"6390396b-ffb0-4322-a197-462f3672ec99","local_time":"20181111160033","is_ascension_mode":true,"campfire_choices":[{"data":"Bash","floor":6,"key":"SMITH"},{"data":"Havoc","floor":8,"key":"SMITH"},{"data":"Heavy Blade","floor":11,"key":"SMITH"},{"data":"Armaments","floor":13,"key":"SMITH"},{"data":"Shrug It Off","floor":15,"key":"SMITH"},{"floor":25,"key":"REST"},{"data":"Offering","floor":27,"key":"SMITH"},{"data":"Fire Breathing","floor":32,"key":"SMITH"}],"neow_cost":"NONE","seed_source_timestamp":1301522060507968,"circlet_count":0,"master_deck":["AscendersBane","Strike_R","Strike_R+1","Strike_R+1","Defend_R","Defend_R","Defend_R","Defend_R","Bash+1","Heavy Blade+1","Shockwave+1","Shrug It Off+1","Flex+1","Anger+1","Armaments+1","Whirlwind+1","Reaper+1","Dropkick+1","Offering+1","Pommel Strike+1","Fire Breathing+1","Iron Wave+1"],"relics":["Burning Blood","Molten Egg 2","Sozu","Singing Bowl","Mercury Hourglass","Whetstone","Lantern"],"potions_floor_usage":[16,16],"damage_taken":[{"damage":6,"enemies":"Cultist","floor":1,"turns":4},{"damage":8,"enemies":"Jaw Worm","floor":2,"turns":4},{"damage":0,"enemies":"2 Louse","floor":10,"turns":3},{"damage":2,"enemies":"Large Slime","floor":12,"turns":4},{"damage":5,"enemies":"Exordium Thugs","floor":14,"turns":4},{"damage":55,"enemies":"Hexaghost","floor":16,"turns":12},{"damage":11,"enemies":"2 Thieves","floor":18,"turns":2},{"damage":20,"enemies":"Shell Parasite","floor":20,"turns":4},{"damage":46,"enemies":"Shelled Parasite and Fungi","floor":22,"turns":5},{"damage":31,"enemies":"Book of Stabbing","floor":23,"turns":6},{"damage":23,"enemies":"Centurion and Healer","floor":28,"turns":3},{"damage":14,"enemies":"Cultist and Chosen","floor":29,"turns":3},{"damage":27,"enemies":"Slavers","floor":30,"turns":4},{"damage":21,"enemies":"Snecko","floor":31,"turns":4},{"damage":87,"enemies":"Automaton","floor":33,"turns":8}],"seed_played":"-1531118968779116169","potions_obtained":[{"floor":2,"key":"BloodPotion"},{"floor":12,"key":"Weak Potion"}],"is_trial":false,"path_per_floor":["M","M","$","?","?","R","$","R","T","M","R","M","R","M","R","B",null,"M","?","M","$","M","E","?","R","T","R","M","M","E","M","R","B"],"character_chosen":"IRONCLAD","items_purchased":["Shrug It Off","Flex","Offering"],"campfire_rested":1,"item_purchase_floors":[3,3,21],"current_hp_per_floor":[72,70,70,59,43,43,43,43,43,49,49,53,53,54,54,13,63,58,58,44,44,21,11,16,40,40,40,47,65,70,64,64,0],"gold":221,"neow_bonus":"TRANSFORM_CARD","is_prod":false,"is_daily":false,"chose_seed":false,"campfire_upgraded":7,"win_rate":0,"timestamp":1541952033,"path_taken":["M","?","$","?","?","R","$","R","T","M","R","M","R","M","R","BOSS","M","?","M","?","?","E","?","R","T","R","M","M","E","?","R","BOSS"],"build_version":"2018-11-08","purchased_purges":1,"victory":false,"max_hp_per_floor":[80,80,80,80,80,80,80,80,80,80,80,80,80,80,80,80,80,80,80,80,80,80,82,82,82,82,82,84,84,84,86,86,86],"card_choices":[{"not_picked":["Hemokinesis","Headbutt"],"picked":"Heavy Blade","floor":1},{"not_picked":["Uppercut","Flex"],"picked":"Shockwave","floor":2},{"not_picked":["Reckless Charge+1","Infernal Blade"],"picked":"Anger+1","floor":10},{"not_picked":["Sentinel","Clash+1"],"picked":"Armaments","floor":12},{"not_picked":["Corruption","Heavy Blade+1"],"picked":"Whirlwind+1","floor":14},{"not_picked":["Immolate+1","Impervious"],"picked":"Reaper+1","floor":16},{"not_picked":["Shrug It Off","Havoc+1"],"picked":"Thunderclap+1","floor":18},{"not_picked":["Rupture","Bloodletting"],"picked":"Dropkick+1","floor":20},{"not_picked":["Anger+1","Warcry"],"picked":"Pommel Strike+1","floor":22},{"not_picked":["Blood for Blood+1","True Grit","Warcry"],"picked":"Singing Bowl","floor":23},{"not_picked":["Sword Boomerang+1","Heavy Blade+1","Headbutt+1"],"picked":"Singing Bowl","floor":28},{"not_picked":["Cleave+1","True Grit"],"picked":"Fire Breathing","floor":29},{"not_picked":["Carnage+1","Shrug It Off"],"picked":"Iron Wave+1","floor":30},{"not_picked":["Armaments","Juggernaut","Wild Strike+1"],"picked":"Singing Bowl","floor":31}],"player_experience":498303,"relics_obtained":[{"floor":9,"key":"Molten Egg 2"},{"floor":23,"key":"Mercury Hourglass"},{"floor":26,"key":"Whetstone"},{"floor":30,"key":"Lantern"}],"event_choices":[{"damage_healed":0,"gold_gain":75,"player_choice":"Gather Gold","damage_taken":11,"max_hp_gain":0,"max_hp_loss":0,"event_name":"World of Goop","floor":4,"gold_loss":0},{"damage_healed":0,"gold_gain":0,"player_choice":"Entered Light","damage_taken":16,"max_hp_gain":0,"max_hp_loss":0,"event_name":"Shining Light","floor":5,"gold_loss":0,"cards_upgraded":["Flex","Shockwave"]},{"cards_removed":["Havoc"],"damage_healed":0,"gold_gain":0,"player_choice":"Gave Card","damage_taken":0,"relics_obtained":["Singing Bowl"],"max_hp_gain":0,"max_hp_loss":0,"event_name":"WeMeetAgain","floor":19,"gold_loss":0},{"cards_removed":["Thunderclap"],"damage_healed":5,"gold_gain":0,"player_choice":"Offered Common","damage_taken":0,"max_hp_gain":0,"max_hp_loss":0,"event_name":"Bonfire Elementals","floor":24,"gold_loss":0},{"cards_removed":["Thunderclap"],"damage_healed":5,"gold_gain":0,"player_choice":"Offered Special","damage_taken":0,"max_hp_gain":0,"max_hp_loss":0,"event_name":"Bonfire Elementals","floor":24,"gold_loss":0}],"is_beta":false,"boss_relics":[{"not_picked":["Orrery","Astrolabe"],"picked":"Sozu"}],"items_purged_floors":[21],"is_endless":false,"potions_floor_spawned":[2,12,14,18,22,23,30],"killed_by":"Automaton","ascension_level":12}