{"gold_per_floor":[114,134,149,74,92,92,113,113,113,124,124,124,136,86,86,184,184,202,252,272,272,272,272,292,325,325,325,339,339,339,354,354,354],"floor_reached":33,"playtime":1718,"items_purged":["Strike_B"],"score":270,"play_id":"dd93bdf9-7fdf-409f-b120-38b9f31fce0f","local_time":"20180801184657","is_ascension_mode":true,"campfire_choices":[{"floor":6,"key":"REST"},{"data":"Zap","floor":8,"key":"SMITH"},{"data":"Sweeping Beam","floor":11,"key":"SMITH"},{"data":"Leap","floor":15,"key":"SMITH"},{"data":"Fission","floor":23,"key":"SMITH"},{"data":"Reboot","floor":27,"key":"SMITH"},{"data":"Glacier","floor":29,"key":"SMITH"},{"data":"Hologram","floor":32,"key":"SMITH"}],"neow_cost":"","seed_source_timestamp":27422586397254,"circlet_count":0,"master_deck":["Strike_B+1","Strike_B+1","Defend_B+1","Defend_B+1","Defend_B+1","Defend_B+1","Zap+1","Cold Snap","Leap+1","Sweeping Beam+1","Hologram+1","Meteor Strike","Meteor Strike","Fission+1","Cold Snap","Reprogram+1","Conserve Battery+1","Reboot+1","Glacier+1","Blind","Reinforced Body","Auto Shields+1"],"relics":["Cracked Core","Odd Mushroom","Bottled Flame","Coffee Dripper","The Courier","Pantograph"],"potions_floor_usage":[16,18,25,25,33],"damage_taken":[{"damage":6,"enemies":"Cultist","floor":1,"turns":3},{"damage":0,"enemies":"Jaw Worm","floor":2,"turns":3},{"damage":3,"enemies":"Small Slimes","floor":3,"turns":3},{"damage":14,"enemies":"Exordium Thugs","floor":5,"turns":4},{"damage":13,"floor":7,"turns":4},{"damage":1,"enemies":"2 Fungi Beasts","floor":10,"turns":2},{"damage":10,"enemies":"3 Louse","floor":13,"turns":2},{"damage":25,"enemies":"The Guardian","floor":16,"turns":11},{"damage":24,"enemies":"Chosen","floor":18,"turns":7},{"damage":6,"enemies":"Spheric Guardian","floor":20,"turns":8},{"damage":0,"enemies":"3 Cultists","floor":24,"turns":5},{"damage":36,"enemies":"Slavers","floor":25,"turns":5},{"damage":0,"enemies":"Centurion and Healer","floor":28,"turns":9},{"damage":0,"enemies":"Snecko","floor":31,"turns":3},{"damage":37,"enemies":"Champ","floor":33,"turns":16}],"seed_played":"-558849157035276919","potions_obtained":[{"floor":2,"key":"LiquidBronze"},{"floor":10,"key":"Energy Potion"},{"floor":16,"key":"GamblersBrew"},{"floor":18,"key":"Poison Potion"},{"floor":25,"key":"FearPotion"}],"is_trial":false,"path_per_floor":["M","M","M","$","M","R","?","R","T","M","R","?","M","?","R","B",null,"M","?","M","?","?","R","M","E","T","R","M","R","?","M","R"],"character_chosen":"DEFECT","items_purchased":[],"campfire_rested":1,"item_purchase_floors":[],"current_hp_per_floor":[69,69,66,66,52,74,61,61,61,60,60,60,50,50,50,25,75,51,51,45,45,45,45,45,9,9,9,9,9,9,9,9,0],"gold":354,"neow_bonus":"","is_prod":false,"is_daily":false,"chose_seed":false,"campfire_upgraded":7,"win_rate":0,"timestamp":1533160017,"path_taken":["M","M","?","$","M","R","?","R","T","?","R","?","M","?","R","BOSS","M","?","M","?","?","R","?","E","T","R","M","R","?","M","R","BOSS"],"build_version":"2018-07-26","purchased_purges":1,"victory":false,"max_hp_per_floor":[75,75,75,75,75,75,75,75,75,75,75,75,75,75,75,75,75,75,75,75,75,75,75,75,75,75,75,75,75,75,75,75,75],"card_choices":[{"not_picked":["Coolheaded","Turbo"],"picked":"Cold Snap","floor":1},{"not_picked":["Go for the Eyes","Barrage"],"picked":"Leap","floor":2},{"not_picked":["Cold Snap","Heatsinks"],"picked":"Sweeping Beam","floor":3},{"not_picked":["Defragment","Rebound"],"picked":"Hologram","floor":5},{"not_picked":["Turbo","Compile Driver"],"picked":"Meteor Strike","floor":7},{"not_picked":["Darkness","Reprogram","Ball Lightning"],"picked":"SKIP","floor":10},{"not_picked":["Stack","Leap"],"picked":"Meteor Strike","floor":13},{"not_picked":["Rainbow","All For One"],"picked":"Fission","floor":16},{"not_picked":["Stack","Rebound"],"picked":"Cold Snap","floor":18},{"not_picked":["Steam Power","Streamline"],"picked":"Reprogram+1","floor":20},{"not_picked":["Loop","Steam"],"picked":"Conserve Battery+1","floor":24},{"not_picked":["Doom and Gloom","Sunder+1"],"picked":"Reboot","floor":25},{"not_picked":["Aggregate","Chaos"],"picked":"Glacier","floor":28},{"not_picked":["Sweeping Beam","Gash+1"],"picked":"Auto Shields+1","floor":31}],"player_experience":174542,"relics_obtained":[{"floor":7,"key":"Odd Mushroom"},{"floor":9,"key":"Bottled Flame"},{"floor":25,"key":"The Courier"},{"floor":26,"key":"Pantograph"}],"event_choices":[{"event_name":"Mushrooms","player_choice":"Fought Mushrooms","floor":7,"damage_taken":0},{"event_name":"Living Wall","player_choice":"Forget","floor":12,"damage_taken":0},{"event_name":"The Cleric","player_choice":"Card Removal","floor":14,"damage_taken":0},{"event_name":"The Joust","player_choice":"Bet on Murderer","floor":19,"damage_taken":0},{"event_name":"Drug Dealer","player_choice":"Ignored","floor":21,"damage_taken":0},{"event_name":"Back to Basics","player_choice":"Simplicity","floor":22,"damage_taken":0},{"event_name":"Match and Keep!","player_choice":"2 cards matched","floor":30,"damage_taken":0}],"is_beta":false,"boss_relics":[{"not_picked":["Black Star","Ectoplasm"],"picked":"Coffee Dripper"}],"items_purged_floors":[4],"is_endless":false,"potions_floor_spawned":[2,10,16,18,25],"killed_by":"Champ","ascension_level":1}