{"path_per_floor":["M","M","M","?","$","M","M","M","T","M","R","$","M","M","R","B",null,"M","M","?"],"character_chosen":"IRONCLAD","items_purchased":[],"gold_per_floor":[109,126,146,146,71,92,117,140,140,153,153,53,69,87,87,208,208,228,241,241,241],"floor_reached":21,"campfire_rested":2,"playtime":558,"current_hp_per_floor":[80,74,62,42,42,19,15,12,12,13,37,37,33,34,58,14,80,49,25,25,0],"items_purged":["Defend_R","Defend_R"],"gold":241,"score":177,"play_id":"21103419-e971-4cab-98ba-faca9dc67f59","local_time":"20180414184607","is_prod":false,"is_daily":false,"chose_seed":false,"is_ascension_mode":false,"campfire_upgraded":0,"timestamp":1523742367,"path_taken":["M","M","?","?","?","M","M","M","T","?","R","$","M","M","R","BOSS","M","M","?","M"],"build_version":"2018-04-12","seed_source_timestamp":79552314056796,"purchased_purges":2,"victory":false,"master_deck":["Strike_R","Strike_R","Strike_R","Strike_R","Strike_R","Defend_R","Bash","Cleave","Flex","Limit Break"],"max_hp_per_floor":[80,80,80,80,80,80,80,80,80,80,80,80,80,80,80,80,80,80,80,80,80],"relics":["Burning Blood","Golden Idol","Kunai","White Beast Statue"],"card_choices":[{"not_picked":["Flex","Perfected Strike"],"picked":"Cleave","floor":2},{"not_picked":["Intimidate","Perfected Strike"],"picked":"Flex","floor":3},{"not_picked":["Double Tap","Reaper"],"picked":"Limit Break","floor":16}],"player_experience":216420,"potions_floor_usage":[7,16,16,16],"damage_taken":[{"damage":6,"enemies":"Cultist","floor":1,"turns":3},{"damage":12,"enemies":"Small Slimes","floor":2,"turns":4},{"damage":18,"enemies":"Jaw Worm","floor":3,"turns":3},{"damage":29,"enemies":"Exordium Wildlife","floor":6,"turns":4},{"damage":10,"enemies":"Exordium Thugs","floor":7,"turns":2},{"damage":9,"enemies":"Blue Slaver","floor":8,"turns":3},{"damage":5,"enemies":"Lots of Slimes","floor":10,"turns":2},{"damage":10,"enemies":"Looter","floor":13,"turns":3},{"damage":5,"enemies":"3 Louse","floor":14,"turns":2},{"damage":50,"enemies":"Hexaghost","floor":16,"turns":9},{"damage":37,"enemies":"3 Byrds","floor":18,"turns":6},{"damage":30,"enemies":"Spheric Guardian","floor":19,"turns":4},{"damage":31,"enemies":"Centurion and Healer","floor":21,"turns":2}],"event_choices":[{"event_name":"Golden Idol","player_choice":"Take Damage","floor":4,"damage_taken":0},{"event_name":"Match and Keep!","player_choice":"0 cards matched","floor":20,"damage_taken":0}],"boss_relics":[{"not_picked":["Runic Dome","Calling Bell"],"picked":"White Beast Statue"}],"potions_floor_spawned":[2,3,6,10,13,14,18,19],"seed_played":"-923753784886465593","killed_by":"Centurion and Healer","ascension_level":0,"is_trial":false}