{"gold_per_floor":[116,391,410,20,32,61,75,38,38,107,0,29,104,69,69,165,165,182,195,195,205,223,255,255,255,255,283,297,297,297,314,314,416,416,428,428,428],"floor_reached":37,"playtime":2755,"items_purged":["Regret"],"score":459,"play_id":"6ff9ed01-dddc-46ff-8830-40b533b9a169","local_time":"20181217120109","is_ascension_mode":true,"campfire_choices":[{"floor":15,"key":"REST"},{"floor":25,"key":"REST"},{"floor":30,"key":"REST"},{"floor":32,"key":"RECALL"}],"neow_cost":"NONE","seed_source_timestamp":51657041014900,"circlet_count":0,"master_deck":["Defend_G","Defend_G","Defend_G","Defend_G","Defend_G","Strike_G","Strike_G","Strike_G","Strike_G","Strike_G","Survivor","Neutralize","Sucker Punch","Well Laid Plans","Backstab","Noxious Fumes","Noxious Fumes","Cloak And Dagger","All Out Attack","Mind Blast","Acrobatics","Poisoned Stab","Tools of the Trade","Deadly Poison","Quick Slash","Adrenaline","Crippling Poison","Cloak And Dagger+1","Noxious Fumes+1","Catalyst+1","Backstab","After Image+1","Catalyst"],"relics":["Philosopher\u0027s Stone","Matryoshka","Ginger","Mercury Hourglass","Meat on the Bone","Oddly Smooth Stone","Lizard Tail","Unceasing Top","Nilry\u0027s Codex","Frozen Egg 2","Snake Skull","Bottled Lightning","Eternal Feather"],"potions_floor_usage":[6,7,21,31,33,37,37],"damage_taken":[{"damage":2,"enemies":"Jaw Worm","floor":1,"turns":7},{"damage":0,"enemies":"Cultist","floor":3,"turns":5},{"damage":0,"enemies":"Small Slimes","floor":5,"turns":3},{"damage":23,"enemies":"Lagavulin","floor":6,"turns":10},{"damage":20,"enemies":"Exordium Thugs","floor":7,"turns":6},{"damage":7,"enemies":"Gremlin Nob","floor":12,"turns":4},{"damage":29,"enemies":"Hexaghost","floor":16,"turns":9},{"damage":7,"enemies":"Chosen","floor":18,"turns":4},{"damage":20,"enemies":"Shell Parasite","floor":19,"turns":6},{"damage":20,"enemies":"Shelled Parasite and Fungi","floor":21,"turns":3},{"damage":23,"enemies":"Sentry and Sphere","floor":22,"turns":6},{"damage":34,"enemies":"Book of Stabbing","floor":23,"turns":7},{"damage":23,"enemies":"Gremlin Leader","floor":27,"turns":6},{"damage":7,"enemies":"Snake Plant","floor":28,"turns":3},{"damage":17,"enemies":"Centurion and Healer","floor":31,"turns":5},{"damage":20,"enemies":"Collector","floor":33,"turns":6},{"damage":48,"enemies":"3 Darklings","floor":35,"turns":4},{"damage":34,"enemies":"2 Orb Walkers","floor":37,"turns":4}],"seed_played":"7858530640228190754","potions_obtained":[{"floor":5,"key":"Dexterity Potion"},{"floor":6,"key":"Ancient Potion"},{"floor":16,"key":"FearPotion"},{"floor":22,"key":"Ancient Potion"},{"floor":27,"key":"Energy Potion"},{"floor":28,"key":"AttackPotion"},{"floor":33,"key":"Swift Potion"}],"is_trial":false,"path_per_floor":["M","?","M","$","M","E","M","$","T","?","$","E","?","?","R","B",null,"M","M","?","M","M","E","?","R","T","E","M","?","R","M","R","B",null,"M","?","?"],"character_chosen":"THE_SILENT","items_purchased":["Matryoshka","Backstab","All Out Attack","Mind Blast","Acrobatics"],"campfire_rested":3,"item_purchase_floors":[4,4,8,11,11],"current_hp_per_floor":[68,68,68,68,68,45,25,25,25,25,25,30,19,36,57,40,70,63,43,43,35,24,41,25,46,46,35,40,40,61,44,44,36,70,34,34,0],"gold":428,"neow_bonus":"BOSS_RELIC","is_prod":false,"is_daily":false,"chose_seed":false,"campfire_upgraded":0,"win_rate":0,"timestamp":1545055269,"path_taken":["M","?","?","$","M","E","M","$","T","?","?","E","?","?","R","BOSS","M","M","?","M","?","E","?","R","T","E","M","?","R","M","R","BOSS","M","?","?"],"build_version":"2018-12-13","purchased_purges":1,"victory":false,"max_hp_per_floor":[70,70,70,70,70,70,70,70,70,70,70,70,70,70,70,70,70,70,70,70,70,70,70,70,70,70,70,70,70,70,70,70,70,70,70,70,70],"card_choices":[{"not_picked":["PiercingWail","Dodge and Roll"],"picked":"Sucker Punch","floor":1},{"not_picked":["Blade Dance","Cloak And Dagger"],"picked":"Well Laid Plans","floor":3},{"not_picked":["Bane","Blur"],"picked":"Noxious Fumes","floor":5},{"not_picked":["Night Terror","Underhanded Strike"],"picked":"Noxious Fumes","floor":6},{"not_picked":["Outmaneuver","Calculated Gamble"],"picked":"Cloak And Dagger","floor":7},{"not_picked":["Endless Agony","Underhanded Strike"],"picked":"Poisoned Stab","floor":12},{"not_picked":["Doppelganger","Venomology"],"picked":"Tools of the Trade","floor":16},{"not_picked":["Prepared","Dodge and Roll+1"],"picked":"Deadly Poison","floor":18},{"not_picked":["Prepared","Accuracy"],"picked":"Quick Slash","floor":19},{"not_picked":["Dagger Throw","Well Laid Plans"],"picked":"Adrenaline","floor":21},{"not_picked":["Dodge and Roll","Deflect"],"picked":"Crippling Poison","floor":22},{"not_picked":["Backflip","Eviscerate"],"picked":"Cloak And Dagger+1","floor":23},{"not_picked":["Dagger Throw","Flying Knee+1"],"picked":"Noxious Fumes+1","floor":27},{"not_picked":["Crippling Poison","Predator"],"picked":"Catalyst+1","floor":28},{"not_picked":["Crippling Poison","Caltrops+1"],"picked":"Backstab","floor":31},{"not_picked":["Storm of Steel","Venomology"],"picked":"After Image+1","floor":33},{"not_picked":["Outmaneuver+1","Dagger Throw+1"],"picked":"Catalyst","floor":35}],"player_experience":262480,"relics_obtained":[{"floor":6,"key":"Ginger"},{"floor":9,"key":"Mercury Hourglass"},{"floor":9,"key":"Meat on the Bone"},{"floor":12,"key":"Oddly Smooth Stone"},{"floor":23,"key":"Unceasing Top"},{"floor":24,"key":"Nilry\u0027s Codex"},{"floor":26,"key":"Frozen Egg 2"},{"floor":26,"key":"Snake Skull"},{"floor":27,"key":"Bottled Lightning"}],"event_choices":[{"damage_healed":0,"gold_gain":275,"player_choice":"Desecrate","damage_taken":0,"max_hp_gain":0,"max_hp_loss":0,"event_name":"Golden Shrine","floor":2,"gold_loss":0,"cards_obtained":["Regret"]},{"damage_healed":0,"gold_gain":69,"player_choice":"Gained Gold","damage_taken":0,"max_hp_gain":0,"max_hp_loss":0,"event_name":"Golden Wing","floor":10,"gold_loss":0},{"damage_healed":0,"gold_gain":75,"player_choice":"Gather Gold","damage_taken":11,"max_hp_gain":0,"max_hp_loss":0,"event_name":"World of Goop","floor":13,"gold_loss":0},{"damage_healed":17,"gold_gain":0,"player_choice":"Healed","damage_taken":0,"max_hp_gain":0,"max_hp_loss":0,"event_name":"The Cleric","floor":14,"gold_loss":35},{"damage_healed":0,"gold_gain":0,"player_choice":"Ignored","damage_taken":0,"max_hp_gain":0,"max_hp_loss":0,"event_name":"Purifier","floor":20,"gold_loss":0},{"damage_healed":0,"gold_gain":0,"player_choice":"Obtained Book","damage_taken":16,"max_hp_gain":0,"max_hp_loss":0,"event_name":"Cursed Tome","floor":24,"gold_loss":0},{"damage_healed":0,"gold_gain":0,"player_choice":"Ignored","damage_taken":0,"max_hp_gain":0,"max_hp_loss":0,"event_name":"Vampires","floor":29,"gold_loss":0},{"damage_healed":0,"gold_gain":0,"player_choice":"Ignored","damage_taken":0,"max_hp_gain":0,"max_hp_loss":0,"event_name":"Tomb of Lord Red Mask","floor":36,"gold_loss":0},{"damage_healed":0,"gold_gain":0,"player_choice":"Fight","damage_taken":0,"max_hp_gain":0,"max_hp_loss":0,"event_name":"Mysterious Sphere","floor":37,"gold_loss":0}],"is_beta":false,"boss_relics":[{"not_picked":["White Beast Statue","Empty Cage"],"picked":"Lizard Tail"},{"not_picked":["Runic Pyramid","HoveringKite"],"picked":"Eternal Feather"}],"items_purged_floors":[4],"is_endless":false,"potions_floor_spawned":[5,6,16,22,27,28,33],"killed_by":"2 Orb Walkers","ascension_level":2}