{"path_per_floor":["M","$","M","M","M","R","E","M","T","?","R","M","R","M","R","B",null,"M","M","?","M"],"character_chosen":"IRONCLAD","items_purchased":["Shrug It Off"],"gold_per_floor":[109,62,80,94,104,104,135,148,148,223,223,241,241,256,256,352,352,372,382,382,393],"floor_reached":22,"campfire_rested":0,"playtime":1617,"current_hp_per_floor":[77,77,77,75,73,73,60,53,53,42,42,48,48,51,51,43,80,68,39,39,22],"items_purged":[],"gold":393,"play_id":"e50d6e21-4688-44dc-926e-d781a8f568a8","is_prod":false,"is_daily":false,"is_ascension_mode":false,"campfire_upgraded":1,"path_taken":["M","$","M","M","M","R","E","M","T","?","R","M","R","M","R","BOSS","M","M","?","?","M"],"build_version":"2018-02-01-PROD3","purchased_purges":0,"victory":false,"master_deck":["Strike_R+1","Strike_R+1","Strike_R+1","Strike_R+1","Defend_R+1","Defend_R+1","Bash+1","Hemokinesis","Shrug It Off","Shrug It Off","Pommel Strike","Inflame","Combust","Brutality","Shrug It Off","Rupture","Sword Boomerang+1"],"max_hp_per_floor":[80,80,80,80,80,80,80,80,80,80,80,80,80,80,80,80,80,80,80,80,80],"relics":["Burning Blood","Anchor","Peace Pipe","Question Card"],"card_choices":[{"not_picked":["Sword Boomerang","Intimidate"],"picked":"Hemokinesis"},{"not_picked":["Perfected Strike","Wild Strike"],"picked":"Shrug It Off"},{"not_picked":["Armaments","Cleave"],"picked":"Pommel Strike"},{"not_picked":["Second Wind","Blood for Blood"],"picked":"Inflame"},{"not_picked":["Dual Wield","Pommel Strike"],"picked":"Combust"},{"not_picked":["Fiend Fire","Impervious"],"picked":"Brutality"},{"not_picked":["Second Wind","Clash","Dual Wield"],"picked":"Shrug It Off"},{"not_picked":["Heavy Blade","Warcry","Armaments"],"picked":"Rupture"},{"not_picked":["Twin Strike","True Grit","Perfected Strike"],"picked":"Sword Boomerang"}],"player_experience":56480,"potions_floor_usage":[],"damage_taken":[{"damage":9.0,"enemies":"Cultist","floor":1.0,"turns":4.0},{"damage":6.0,"enemies":"Small Slimes","floor":3.0,"turns":3.0},{"damage":8.0,"enemies":"Blue Slaver","floor":4.0,"turns":4.0},{"damage":8.0,"enemies":"Large Slime","floor":5.0,"turns":4.0},{"damage":19.0,"enemies":"Lagavulin","floor":7.0,"turns":7.0},{"damage":13.0,"enemies":"Lots of Slimes","floor":8.0,"turns":6.0},{"damage":0.0,"enemies":"2 Fungi Beasts","floor":12.0,"turns":3.0},{"damage":3.0,"enemies":"3 Louse","floor":14.0,"turns":3.0},{"damage":14.0,"enemies":"Slime Boss","floor":16.0,"turns":6.0},{"damage":18.0,"enemies":"2 Thieves","floor":18.0,"turns":5.0},{"damage":35.0,"enemies":"Spheric Guardian","floor":19.0,"turns":6.0},{"damage":23,"enemies":"Cultist and Chosen","floor":21,"turns":6},{"damage":22,"enemies":"Centurion and Healer","floor":22,"turns":3}],"event_choices":[{"event_name":"World of Goop","player_choice":"Gather Gold","floor":10.0,"damage_taken":0.0},{"event_name":"Back to Basics","player_choice":"Simplicity","floor":20.0,"damage_taken":0.0}],"boss_relics":[],"potions_floor_spawned":[3,4,5,8,16,18,21],"seed_played":"5650392853415755076","killed_by":"Centurion and Healer","ascension_level":0,"is_trial":false}