{"gold_per_floor":[109,120,120,136,11,43,43,43,67,81,156,182,182,209,209,310,310,322,412,425,67,82,82,82],"floor_reached":24,"playtime":1572,"items_purged":[],"score":225,"play_id":"5930d4e4-0b32-4e62-ad95-7cb317fe536d","local_time":"20181128210239","is_ascension_mode":true,"campfire_choices":[{"data":"Infinite Blades","floor":8,"key":"SMITH"},{"data":"Accuracy","floor":13,"key":"SMITH"},{"floor":15,"key":"REST"},{"data":"Envenom","floor":23,"key":"SMITH"}],"neow_cost":"NONE","seed_source_timestamp":104377068716600,"circlet_count":0,"master_deck":["Defend_G","Defend_G","Defend_G","Defend_G","Defend_G","Strike_G+1","Strike_G","Strike_G","Strike_G","Strike_G+1","Survivor","Neutralize","Footwork","Infinite Blades+1","Accuracy+1","Slice","Poisoned Stab","Footwork","Quick Slash","Well Laid Plans","Envenom+1","Leg Sweep","Backstab+1","Poisoned Stab+1","Quick Slash+1","Riddle With Holes+1","Quick Slash+1","Forethought","Bouncing Flask","Envenom"],"relics":["Sozu","Potion Belt","Regal Pillow","Boot","Molten Egg 2","Orrery","Lee\u0027s Waffle","Whetstone"],"potions_floor_usage":[],"damage_taken":[{"damage":0,"enemies":"Small Slimes","floor":1,"turns":4},{"damage":0,"enemies":"Jaw Worm","floor":2,"turns":5},{"damage":0,"enemies":"Cultist","floor":4,"turns":4},{"damage":27,"enemies":"Gremlin Nob","floor":6,"turns":5},{"damage":12,"enemies":"Large Slime","floor":10,"turns":5},{"damage":17,"enemies":"Lagavulin","floor":12,"turns":7},{"damage":20,"enemies":"Gremlin Nob","floor":14,"turns":4},{"damage":39,"enemies":"The Guardian","floor":16,"turns":14},{"damage":10,"enemies":"Chosen","floor":18,"turns":3},{"damage":23,"enemies":"3 Byrds","floor":20,"turns":4},{"damage":13,"enemies":"Snecko","floor":22,"turns":4},{"damage":57,"enemies":"Slavers","floor":24,"turns":5}],"seed_played":"7441131745409521515","potions_obtained":[],"is_trial":false,"path_per_floor":["M","M","?","M","$","E","?","R","T","M","?","E","R","E","R","B",null,"M","?","M","$","M","R","E"],"character_chosen":"THE_SILENT","items_purchased":["Accuracy","Slice","Lee\u0027s Waffle","Whetstone"],"campfire_rested":1,"item_purchase_floors":[5,5,21,21],"current_hp_per_floor":[70,70,70,70,70,43,70,70,70,58,47,30,30,10,46,7,70,60,39,16,77,64,64,7],"gold":82,"neow_bonus":"BOSS_RELIC","is_prod":false,"is_daily":false,"chose_seed":false,"campfire_upgraded":3,"win_rate":0,"timestamp":1543446159,"path_taken":["M","M","?","M","?","E","?","R","T","?","?","E","R","E","R","BOSS","M","?","M","?","M","R","E"],"build_version":"2018-11-15","purchased_purges":0,"victory":false,"max_hp_per_floor":[70,70,70,70,70,70,70,70,70,70,70,70,70,70,70,70,70,70,70,70,77,77,77,77],"card_choices":[{"not_picked":["Calculated Gamble","Heel Hook"],"picked":"Footwork","floor":1},{"not_picked":["Sucker Punch","Choke"],"picked":"Flechettes","floor":2},{"not_picked":["Outmaneuver","Acrobatics"],"picked":"Infinite Blades","floor":4},{"not_picked":["Sucker Punch","Flying Knee"],"picked":"Poisoned Stab","floor":6},{"not_picked":["Cloak And Dagger","Flying Knee"],"picked":"Footwork","floor":10},{"not_picked":["Slice","Calculated Gamble"],"picked":"Quick Slash","floor":12},{"not_picked":["Footwork","Tactician"],"picked":"Well Laid Plans","floor":14},{"not_picked":["After Image","Night Terror"],"picked":"Envenom","floor":16},{"not_picked":["Masterful Stab+1","Dagger Spray+1"],"picked":"Leg Sweep","floor":17},{"not_picked":["Slice+1","PiercingWail"],"picked":"Backstab+1","floor":17},{"not_picked":["Prepared","Distraction"],"picked":"Poisoned Stab+1","floor":17},{"not_picked":["Dagger Throw+1","Poisoned Stab+1"],"picked":"Quick Slash+1","floor":17},{"not_picked":["Acrobatics","Deflect"],"picked":"Riddle With Holes+1","floor":17},{"not_picked":["Concentrate","PiercingWail"],"picked":"Quick Slash+1","floor":18},{"not_picked":["Deflect","Acrobatics"],"picked":"Bouncing Flask","floor":20},{"not_picked":["Prepared","Acrobatics"],"picked":"Envenom","floor":22}],"player_experience":223866,"relics_obtained":[{"floor":6,"key":"Potion Belt"},{"floor":9,"key":"Regal Pillow"},{"floor":12,"key":"Boot"},{"floor":14,"key":"Molten Egg 2"}],"event_choices":[{"damage_healed":0,"gold_gain":0,"player_choice":"Ignored","damage_taken":0,"max_hp_gain":0,"max_hp_loss":0,"event_name":"Golden Wing","floor":3,"gold_loss":0},{"cards_removed":["Flechettes"],"damage_healed":27,"gold_gain":0,"player_choice":"Offered Uncommon","damage_taken":0,"max_hp_gain":0,"max_hp_loss":0,"event_name":"Bonfire Elementals","floor":7,"gold_loss":0},{"damage_healed":0,"gold_gain":75,"player_choice":"Gather Gold","damage_taken":11,"max_hp_gain":0,"max_hp_loss":0,"event_name":"World of Goop","floor":11,"gold_loss":0},{"damage_healed":0,"gold_gain":90,"player_choice":"CARD GOLD ","damage_taken":21,"max_hp_gain":0,"max_hp_loss":0,"event_name":"Knowing Skull","floor":19,"potions_obtained":[],"gold_loss":0,"cards_obtained":["Forethought"]}],"is_beta":false,"boss_relics":[{"not_picked":["Runic Dome","Velvet Choker"],"picked":"Orrery"}],"items_purged_floors":[],"is_endless":false,"potions_floor_spawned":[1,4,6,22],"killed_by":"Slavers","ascension_level":1}