{"gold_per_floor":[113,113,113,113,76,89,89,99,99,99,99,69,101,101,101,101],"floor_reached":16,"playtime":668,"items_purged":[],"score":158,"play_id":"0422d8a7-bfa3-4f4e-b7f9-d4314585daba","local_time":"20181212213715","is_ascension_mode":true,"campfire_choices":[{"data":"Footwork","floor":7,"key":"SMITH"},{"data":"Neutralize","floor":10,"key":"SMITH"},{"floor":15,"key":"REST"}],"neow_cost":"PERCENT_DAMAGE","seed_source_timestamp":95629570301627,"circlet_count":0,"master_deck":["AscendersBane","Defend_G","Defend_G","Defend_G","Defend_G","Strike_G","Strike_G","Strike_G","Survivor","Neutralize+1","Footwork+1","Accuracy","Dodge and Roll","PiercingWail","Riddle With Holes+1","Crippling Poison","Blur"],"relics":["Ring of the Snake","Shuriken","Molten Egg 2","Omamori"],"potions_floor_usage":[12],"damage_taken":[{"damage":2,"enemies":"Jaw Worm","floor":1,"turns":6},{"damage":0,"enemies":"Small Slimes","floor":6,"turns":4},{"damage":0,"enemies":"2 Louse","floor":8,"turns":6},{"damage":2,"enemies":"Looter","floor":12,"turns":4},{"damage":22,"enemies":"Lagavulin","floor":13,"turns":10},{"damage":30,"enemies":"Slime Boss","floor":16,"turns":11}],"seed_played":"7057944103601480616","potions_obtained":[{"floor":6,"key":"Swift Potion"}],"is_trial":false,"path_per_floor":["M","?","?","?","$","M","R","M","T","R","?","M","E","$","R","B"],"character_chosen":"THE_SILENT","items_purchased":["Accuracy"],"campfire_rested":1,"item_purchase_floors":[5],"current_hp_per_floor":[43,40,40,33,33,33,33,33,33,33,33,31,9,9,30,0],"gold":101,"neow_bonus":"REMOVE_TWO","is_prod":false,"is_daily":false,"chose_seed":false,"campfire_upgraded":2,"win_rate":0,"timestamp":1544650635,"path_taken":["M","?","?","?","$","M","R","M","T","R","?","M","E","?","R","BOSS"],"build_version":"2018-12-06","purchased_purges":0,"victory":false,"max_hp_per_floor":[70,70,70,70,70,70,70,70,70,70,70,70,70,70,70,70],"card_choices":[{"not_picked":["Outmaneuver","Flying Knee"],"picked":"Footwork","floor":1},{"not_picked":["Deadly Poison","Masterful Stab+1"],"picked":"Dodge and Roll","floor":6},{"not_picked":["Flechettes+1","Setup"],"picked":"PiercingWail","floor":8},{"not_picked":["Caltrops","Calculated Gamble"],"picked":"Crippling Poison","floor":12},{"not_picked":["Corpse Explosion","Underhanded Strike+1"],"picked":"Blur","floor":13}],"player_experience":532497,"relics_obtained":[{"floor":13,"key":"Omamori"}],"event_choices":[{"damage_healed":0,"gold_gain":0,"player_choice":"Success","damage_taken":3,"relics_obtained":["Shuriken"],"max_hp_gain":0,"max_hp_loss":0,"event_name":"Scrap Ooze","floor":2,"gold_loss":0},{"damage_healed":0,"gold_gain":0,"player_choice":"Box","damage_taken":0,"relics_obtained":["Molten Egg 2"],"max_hp_gain":0,"max_hp_loss":0,"event_name":"Big Fish","floor":3,"gold_loss":0,"cards_obtained":["Regret"]},{"cards_removed":["Regret"],"damage_healed":0,"gold_gain":0,"player_choice":"Card Removal","damage_taken":7,"max_hp_gain":0,"max_hp_loss":0,"event_name":"Golden Wing","floor":4,"gold_loss":0},{"damage_healed":0,"gold_gain":0,"cards_transformed":["Defend_G"],"player_choice":"Change","damage_taken":0,"max_hp_gain":0,"max_hp_loss":0,"event_name":"Living Wall","floor":11,"gold_loss":0,"cards_obtained":["Riddle With Holes"]}],"is_beta":false,"boss_relics":[],"items_purged_floors":[],"is_endless":false,"potions_floor_spawned":[6],"killed_by":"Slime Boss","ascension_level":13}