{"gold_per_floor":[112,187,202,220,44,44,144,144,144,155,155,174,189,202,202,299,299,310,278,24,24,24],"floor_reached":22,"playtime":1409,"items_purged":["Strike_G"],"score":231,"play_id":"b24100de-6424-4f6f-9de5-7ab2290017dc","local_time":"20180902025832","is_ascension_mode":true,"campfire_choices":[{"data":"Neutralize","floor":6,"key":"SMITH"},{"data":"Transmutation","floor":11,"key":"SMITH"},{"floor":15,"key":"REST"}],"neow_cost":"TEN_PERCENT_HP_LOSS","seed_source_timestamp":973338877558587,"circlet_count":0,"master_deck":["Defend_G","Defend_G","Defend_G","Defend_G","Defend_G","Strike_G","Strike_G","Strike_G","Strike_G","Survivor","Neutralize+1","Backflip","Outmaneuver","Distraction","Bullet Time","Terror","Transmutation+1","Dagger Throw","Bullet Time","Footwork+1","Infinite Blades+1","Leg Sweep","PiercingWail","Bullet Time","Blur","Dash","Deflect+1","Acrobatics+1","Dodge and Roll","Madness","Backflip"],"relics":["Ring of the Snake","Prayer Wheel","Peace Pipe","Frozen Egg 2","Runic Pyramid","MutagenicStrength"],"potions_floor_usage":[16,18,19,22],"damage_taken":[{"damage":0,"enemies":"Cultist","floor":1,"turns":4},{"damage":4,"enemies":"2 Louse","floor":3,"turns":3},{"damage":1,"enemies":"Jaw Worm","floor":4,"turns":5},{"damage":11,"enemies":"Gremlin Gang","floor":10,"turns":7},{"damage":7,"enemies":"Looter","floor":12,"turns":3},{"damage":3,"enemies":"Exordium Thugs","floor":13,"turns":6},{"damage":24,"enemies":"Lots of Slimes","floor":14,"turns":5},{"damage":10,"enemies":"Hexaghost","floor":16,"turns":16},{"damage":39,"enemies":"Chosen","floor":18,"turns":8},{"damage":8,"enemies":"2 Thieves","floor":19,"turns":5},{"damage":7,"enemies":"Colosseum Slavers","floor":22,"turns":1}],"seed_played":"-1421647515342281471","potions_obtained":[{"floor":12,"key":"Ancient Potion"},{"floor":13,"key":"SpeedPotion"},{"floor":14,"key":"Swift Potion"},{"floor":16,"key":"Fire Potion"},{"floor":18,"key":"Block Potion"}],"is_trial":false,"path_per_floor":["M","?","M","M","$","R","?","T","T","M","R","M","M","M","R","B",null,"M","M","$","?"],"character_chosen":"THE_SILENT","items_purchased":["Transmutation","Dodge and Roll","Madness","Backflip"],"campfire_rested":1,"item_purchase_floors":[5,20,20,20],"current_hp_per_floor":[63,52,48,47,47,47,47,47,47,36,36,29,26,2,20,10,50,11,3,3,3,0],"gold":24,"neow_bonus":"ONE_RARE_RELIC","is_prod":false,"is_daily":false,"chose_seed":false,"campfire_upgraded":2,"win_rate":0,"timestamp":1535853512,"path_taken":["M","?","?","M","?","R","?","?","T","?","R","M","?","M","R","BOSS","M","M","$","?","?"],"build_version":"2018-08-30","purchased_purges":1,"victory":false,"max_hp_per_floor":[63,63,63,63,63,63,63,63,63,63,63,63,63,63,63,63,63,63,63,63,63,63],"card_choices":[{"not_picked":["Acrobatics","PiercingWail"],"picked":"Backflip","floor":1},{"not_picked":["Tactician","Deflect"],"picked":"Outmaneuver","floor":1},{"not_picked":["Heel Hook","Endless Agony"],"picked":"Distraction","floor":3},{"not_picked":["Heel Hook","Sucker Punch","Dagger Throw"],"picked":"SKIP","floor":3},{"not_picked":["Outmaneuver","Dodge and Roll"],"picked":"Bullet Time","floor":4},{"not_picked":["Quick Slash","PiercingWail"],"picked":"Terror","floor":4},{"not_picked":["Concentrate","Deflect"],"picked":"Dagger Throw","floor":10},{"not_picked":["Expertise","Prepared","Catalyst"],"picked":"SKIP","floor":10},{"not_picked":["Dagger Throw","Reflex"],"picked":"Bullet Time","floor":12},{"not_picked":["Backstab","Quick Slash"],"picked":"Footwork+1","floor":12},{"not_picked":["Calculated Gamble","Escape Plan"],"picked":"Infinite Blades+1","floor":13},{"not_picked":["Slice","Outmaneuver"],"picked":"Leg Sweep","floor":13},{"not_picked":["Riddle With Holes","Tactician"],"picked":"PiercingWail","floor":14},{"not_picked":["Calculated Gamble","Sucker Punch","Dagger Throw"],"picked":"SKIP","floor":14},{"not_picked":["Glass Knife","Venomology"],"picked":"Bullet Time","floor":16},{"not_picked":["Dagger Spray","Choke"],"picked":"Blur","floor":18},{"not_picked":["Deflect","Blade Dance"],"picked":"Dash","floor":18},{"not_picked":["Dagger Throw","Quick Slash+1"],"picked":"Deflect+1","floor":19},{"not_picked":["Phantasmal Killer","Deadly Poison"],"picked":"Acrobatics+1","floor":19}],"player_experience":300631,"relics_obtained":[{"floor":8,"key":"Peace Pipe"},{"floor":9,"key":"Frozen Egg 2"}],"event_choices":[{"event_name":"World of Goop","player_choice":"Gather Gold","floor":2,"damage_taken":0},{"event_name":"Golden Shrine","player_choice":"Pray","floor":7,"damage_taken":0},{"event_name":"Drug Dealer","player_choice":"Inject Mutagens","floor":21,"damage_taken":0},{"event_name":"Colosseum","player_choice":"Fight","floor":22,"damage_taken":0}],"is_beta":false,"boss_relics":[{"not_picked":["Philosopher\u0027s Stone","Black Star"],"picked":"Runic Pyramid"}],"items_purged_floors":[20],"is_endless":false,"potions_floor_spawned":[12,13,14,16,18],"killed_by":"Colosseum Slavers","ascension_level":6}