{"gold_per_floor":[114,131,150,150,166,166,177,177,177,16,28,28,42,58,58,158,158,175,191,116,116,134,134,134,148,148,148,164,164,35,46,46,46],"floor_reached":33,"playtime":1182,"items_purged":["Pain"],"score":255,"play_id":"feabb2f0-2248-4a1b-a16e-be7cffd7585c","local_time":"20181003234100","is_ascension_mode":true,"campfire_choices":[{"data":"Sunder","floor":6,"key":"SMITH"},{"floor":8,"key":"REST"},{"floor":12,"key":"REST"},{"data":"Redo","floor":15,"key":"SMITH"},{"data":"Electrodynamics","floor":23,"key":"SMITH"},{"floor":29,"key":"REST"},{"data":"Creative AI","floor":32,"key":"SMITH"}],"neow_cost":"PERCENT_DAMAGE","seed_source_timestamp":7835502487959,"circlet_count":0,"master_deck":["Defend_B","Defend_B","Defend_B","Defend_B","Zap","Dualcast","Sunder+1","Thunder Strike","Sweeping Beam","Tempest","Auto Shields","Redo","Reboot","Redo+1","Redo","Electrodynamics+1","Reprogram+1","Steam","Conserve Battery","Conserve Battery","Conserve Battery","Creative AI+1"],"relics":["Cracked Core","Ornamental Fan","Black Star","WarpedTongs","Kunai"],"potions_floor_usage":[16,16,16,18,33,33,33],"damage_taken":[{"damage":0,"enemies":"2 Louse","floor":1,"turns":2},{"damage":0,"enemies":"Cultist","floor":2,"turns":4},{"damage":11,"enemies":"Jaw Worm","floor":3,"turns":2},{"damage":18,"enemies":"Exordium Wildlife","floor":5,"turns":7},{"damage":12,"enemies":"3 Louse","floor":7,"turns":3},{"damage":12,"enemies":"Blue Slaver","floor":11,"turns":3},{"damage":17,"enemies":"Gremlin Gang","floor":13,"turns":4},{"damage":5,"enemies":"Large Slime","floor":14,"turns":3},{"damage":19,"enemies":"The Guardian","floor":16,"turns":9},{"damage":15,"enemies":"Shell Parasite","floor":18,"turns":7},{"damage":0,"enemies":"3 Byrds","floor":19,"turns":2},{"damage":0,"enemies":"3 Cultists","floor":22,"turns":2},{"damage":20,"enemies":"Sentry and Sphere","floor":25,"turns":4},{"damage":27,"enemies":"Shelled Parasite and Fungi","floor":28,"turns":3},{"damage":0,"enemies":"Snake Plant","floor":31,"turns":3},{"damage":53,"enemies":"Automaton","floor":33,"turns":6}],"seed_played":"3205099633158269783","potions_obtained":[{"floor":1,"key":"PowerPotion"},{"floor":11,"key":"SpeedPotion"},{"floor":13,"key":"SpeedPotion"},{"floor":16,"key":"Fire Potion"},{"floor":22,"key":"Energy Potion"},{"floor":25,"key":"FocusPotion"},{"floor":28,"key":"PowerPotion"}],"is_trial":false,"path_per_floor":["M","M","M","?","M","R","M","R","T","$","M","R","M","M","R","B",null,"M","M","?","?","M","R","?","M","T","?","M","R","$","M","R"],"character_chosen":"DEFECT","items_purchased":["Redo","Reboot","Conserve Battery"],"campfire_rested":3,"item_purchase_floors":[10,10,30],"current_hp_per_floor":[54,54,43,43,25,25,13,35,35,35,23,45,28,23,23,4,75,60,60,60,60,60,60,60,40,40,40,13,35,35,35,35,0],"gold":46,"neow_bonus":"TRANSFORM_TWO_CARDS","is_prod":false,"is_daily":false,"chose_seed":false,"campfire_upgraded":4,"win_rate":0,"timestamp":1538620860,"path_taken":["M","M","M","?","M","R","M","R","T","$","M","R","M","M","R","BOSS","M","M","?","?","M","R","?","M","T","?","M","R","$","?","R","BOSS"],"build_version":"2018-09-27","purchased_purges":1,"victory":false,"max_hp_per_floor":[75,75,75,75,75,75,75,75,75,75,75,75,75,75,75,75,75,75,75,75,75,75,75,75,75,75,75,75,75,75,75,75,75],"card_choices":[{"not_picked":["Fusion","Defragment"],"picked":"Sweeping Beam","floor":1},{"not_picked":["Beam Cell","Leap"],"picked":"Tempest","floor":2},{"not_picked":["Skim","Fusion"],"picked":"Auto Shields","floor":3},{"not_picked":["Barrage","Turbo","Blizzard"],"picked":"SKIP","floor":5},{"not_picked":["Force Field","Hologram","Compile Driver"],"picked":"SKIP","floor":7},{"not_picked":["Fusion","Compile Driver"],"picked":"Redo","floor":11},{"not_picked":["Stack","Meteor Strike","Melter"],"picked":"SKIP","floor":13},{"not_picked":["Coolheaded","Double Energy"],"picked":"Redo","floor":14},{"not_picked":["Machine Learning","Reboot"],"picked":"Electrodynamics","floor":16},{"not_picked":["Sweeping Beam","Beam Cell"],"picked":"Reprogram+1","floor":18},{"not_picked":["Go for the Eyes","Sunder"],"picked":"Steam","floor":19},{"not_picked":["Recycle","Compile Driver"],"picked":"Conserve Battery","floor":22},{"not_picked":["Tempest","Turbo","Go for the Eyes"],"picked":"SKIP","floor":25},{"not_picked":["Glacier","Reprogram"],"picked":"Conserve Battery","floor":28},{"not_picked":["Coolheaded","Auto Shields"],"picked":"Creative AI","floor":31}],"player_experience":182604,"relics_obtained":[{"floor":9,"key":"Ornamental Fan"},{"floor":26,"key":"Kunai"}],"event_choices":[{"event_name":"Purifier","player_choice":"One Purge","floor":4,"damage_taken":0},{"event_name":"Beggar","player_choice":"Gave Gold","floor":20,"damage_taken":0},{"event_name":"Vampires","player_choice":"Ignored","floor":21,"damage_taken":0},{"event_name":"Accursed Blacksmith","player_choice":"Rummage","floor":24,"damage_taken":0},{"event_name":"Ghosts","player_choice":"Ignored","floor":27,"damage_taken":0}],"is_beta":false,"boss_relics":[{"not_picked":["Calling Bell","Philosopher\u0027s Stone"],"picked":"Black Star"}],"items_purged_floors":[30],"is_endless":false,"potions_floor_spawned":[1,11,13,16,22,25,28,31],"killed_by":"Automaton","ascension_level":1}