{"gold_per_floor":[109,109,127,138,154,154,185,185,209,222,222,33,57,70,70,191,191,209,334,121,140,165,165,201,201,250,291,309,309,309,11,11,136,136,161,17,142,52,76,114,114,133,182,182,82,98,138,154,154,154],"floor_reached":50,"playtime":4843,"items_purged":["Strike_B","Regret","Pain"],"score":729,"play_id":"0719d07a-a956-48db-8f5d-a93accd962f3","local_time":"20190330141316","is_ascension_mode":true,"campfire_choices":[{"data":"Zap","floor":6,"key":"SMITH"},{"floor":11,"key":"REST"},{"data":"Apotheosis","floor":15,"key":"SMITH"},{"data":"Reboot","floor":23,"key":"SMITH"},{"floor":25,"key":"REST"},{"data":"Seek","floor":29,"key":"SMITH"},{"data":"Double Energy","floor":32,"key":"SMITH"},{"data":"Amplify","floor":41,"key":"SMITH"},{"floor":44,"key":"RECALL"},{"data":"Aggregate","floor":49,"key":"SMITH"}],"neow_cost":"NONE","seed_source_timestamp":4851850354187,"circlet_count":0,"master_deck":["Strike_B+1","Defend_B","Defend_B","Defend_B","Defend_B","Zap+1","Dualcast","Scrape","Steam","Cold Snap","Redo","Coolheaded","Gash+1","Beam Cell","Apotheosis+1","Leap","Loop","Reboot+1","Steam","Heatsinks","Steam","Finesse","Gash","Beam Cell+1","Defragment+1","Seek+1","Double Energy+1","Defragment","Streamline","All For One","Streamline+1","Defragment","Go for the Eyes+1","Redo","Amplify+1","Beam Cell+1","Aggregate+1","Echo Form","Turbo+1"],"relics":["Cracked Core","Happy Flower","Potion Belt","Golden Idol","Bag of Preparation","Cursed Key","Ice Cream","Question Card","Whetstone","Shuriken","Omamori","Calling Bell","The Courier","Torii","Oddly Smooth Stone","Unceasing Top","DataDisk","Centennial Puzzle","Darkstone Periapt"],"potions_floor_usage":[16,19,19,21,24,28,40,50],"damage_taken":[{"damage":17,"enemies":"2 Louse","floor":1,"turns":3},{"damage":4,"enemies":"Small Slimes","floor":3,"turns":3},{"damage":1,"enemies":"Jaw Worm","floor":4,"turns":3},{"damage":12,"enemies":"Large Slime","floor":5,"turns":6},{"damage":12,"enemies":"Lagavulin","floor":7,"turns":6},{"damage":2,"enemies":"Red Slaver","floor":10,"turns":3},{"damage":3,"enemies":"Blue Slaver","floor":13,"turns":3},{"damage":6,"enemies":"Gremlin Gang","floor":14,"turns":4},{"damage":18,"enemies":"Hexaghost","floor":16,"turns":9},{"damage":6,"enemies":"Spheric Guardian","floor":18,"turns":5},{"damage":5,"enemies":"Colosseum Slavers","floor":19,"turns":4},{"damage":22,"enemies":"Colosseum Nobs","floor":19,"turns":5},{"damage":2,"enemies":"Chosen","floor":21,"turns":5},{"damage":0,"enemies":"3 Cultists","floor":22,"turns":6},{"damage":3,"enemies":"Book of Stabbing","floor":24,"turns":5},{"damage":19,"enemies":"Slavers","floor":27,"turns":7},{"damage":0,"enemies":"Snecko","floor":28,"turns":3},{"damage":6,"enemies":"Champ","floor":33,"turns":10},{"damage":1,"enemies":"3 Darklings","floor":35,"turns":4},{"damage":0,"enemies":"Mind Bloom Boss Battle","floor":37,"turns":3},{"damage":0,"enemies":"3 Shapes","floor":39,"turns":4},{"damage":1,"enemies":"Nemesis","floor":40,"turns":3},{"damage":1,"enemies":"3 Darklings","floor":42,"turns":3},{"damage":0,"enemies":"Writhing Mass","floor":46,"turns":4},{"damage":0,"enemies":"Giant Head","floor":47,"turns":3},{"damage":7,"enemies":"4 Shapes","floor":48,"turns":3},{"damage":64,"enemies":"Time Eater","floor":50,"turns":9}],"seed_played":"-2155049256264658811","potions_obtained":[{"floor":1,"key":"LiquidBronze"},{"floor":4,"key":"Poison Potion"},{"floor":5,"key":"Ancient Potion"},{"floor":13,"key":"SpeedPotion"},{"floor":18,"key":"SkillPotion"},{"floor":19,"key":"SpeedPotion"},{"floor":24,"key":"Dexterity Potion"},{"floor":35,"key":"GamblersBrew"},{"floor":40,"key":"Energy Potion"},{"floor":46,"key":"PowerPotion"},{"floor":47,"key":"GamblersBrew"}],"is_trial":false,"path_per_floor":["M","?","M","M","M","R","E","?","T","M","R","$","M","M","R","B",null,"M","?","$","M","M","R","E","R","T","E","M","R","?","$","R","B",null,"M","$","?","?","M","E","R","M","T","R","$","M","E","M","R","B"],"character_chosen":"DEFECT","items_purchased":["Beam Cell","Apotheosis","Steam","Finesse","Omamori","Double Energy","Defragment","Streamline","Defragment"],"campfire_rested":2,"item_purchase_floors":[12,12,20,20,31,31,31,31,36],"current_hp_per_floor":[58,55,51,50,38,38,26,26,26,24,44,44,41,35,35,17,69,63,36,36,34,34,34,31,51,51,32,32,32,32,32,32,26,69,68,68,68,68,68,67,67,66,66,66,66,66,66,59,59,0],"gold":154,"neow_bonus":"REMOVE_CARD","is_prod":false,"is_daily":false,"chose_seed":false,"campfire_upgraded":7,"win_rate":0,"timestamp":1553951596,"path_taken":["M","?","M","M","M","R","E","?","T","M","R","$","M","M","R","BOSS","M","?","$","M","M","R","E","R","T","E","M","R","?","$","R","BOSS","M","$","?","?","?","E","R","M","T","R","$","M","E","M","R","BOSS"],"build_version":"2019-01-23","purchased_purges":3,"victory":false,"max_hp_per_floor":[75,75,75,75,75,75,75,69,69,69,69,69,69,69,69,69,69,69,69,69,69,69,69,69,69,69,69,69,69,69,69,69,69,69,69,69,69,69,69,69,69,69,69,69,69,69,69,69,69,69],"card_choices":[{"not_picked":["Undo","Force Field"],"picked":"Scrape","floor":1},{"not_picked":["Lockon","Auto Shields"],"picked":"Steam","floor":3},{"not_picked":["Reinforced Body","Hello World"],"picked":"Cold Snap","floor":4},{"not_picked":["Hologram","Loop"],"picked":"Redo","floor":5},{"not_picked":["Rebound","Compile Driver"],"picked":"Coolheaded","floor":7},{"not_picked":["Conserve Battery","Go for the Eyes"],"picked":"Gash","floor":10},{"not_picked":["Barrage","Conserve Battery"],"picked":"Leap","floor":13},{"not_picked":["Ball Lightning","Recycle"],"picked":"Loop","floor":14},{"not_picked":["Core Surge","Rainbow"],"picked":"Reboot","floor":16},{"not_picked":["Coolheaded","Barrage"],"picked":"Steam","floor":18},{"not_picked":["Cold Snap","Barrage+1"],"picked":"Heatsinks","floor":19},{"not_picked":["Cold Snap+1","Hologram+1","Auto Shields"],"picked":"Gash","floor":21},{"not_picked":["Sunder","Stack","Hyperbeam"],"picked":"Beam Cell","floor":22},{"not_picked":["Conserve Battery+1","Steam","Ball Lightning"],"picked":"Defragment+1","floor":24},{"not_picked":["Recycle+1","Capacitor","Cold Snap"],"picked":"Seek","floor":27},{"not_picked":["Aggregate","Conserve Battery","Ball Lightning","Rebound"],"picked":"SKIP","floor":28},{"not_picked":["Meteor Strike","Multi-Cast","Core Surge"],"picked":"All For One","floor":33},{"not_picked":["Leap","Aggregate","Steam+1"],"picked":"Streamline+1","floor":35},{"not_picked":["Darkness","Genetic Algorithm+1","Steam"],"picked":"Go for the Eyes+1","floor":37},{"not_picked":["Coolheaded","Glacier+1","BootSequence"],"picked":"Redo","floor":39},{"not_picked":["Redo+1","BootSequence+1","Capacitor"],"picked":"Amplify","floor":40},{"not_picked":["Aggregate+1","Hologram","Loop"],"picked":"Beam Cell+1","floor":42},{"not_picked":["Beam Cell+1","Hello World+1","Conserve Battery+1"],"picked":"Aggregate","floor":46},{"not_picked":["Undo+1","Streamline","Self Repair"],"picked":"Echo Form","floor":47},{"not_picked":["Lockon+1","Streamline+1","Loop"],"picked":"Turbo+1","floor":48}],"player_experience":139345,"relics_obtained":[{"floor":7,"key":"Potion Belt"},{"floor":9,"key":"Bag of Preparation"},{"floor":19,"key":"Ice Cream"},{"floor":19,"key":"Question Card"},{"floor":24,"key":"Whetstone"},{"floor":27,"key":"Shuriken"},{"floor":34,"key":"The Courier"},{"floor":34,"key":"Torii"},{"floor":34,"key":"Oddly Smooth Stone"},{"floor":37,"key":"Unceasing Top"},{"floor":40,"key":"DataDisk"},{"floor":43,"key":"Centennial Puzzle"},{"floor":47,"key":"Darkstone Periapt"}],"event_choices":[{"damage_healed":0,"gold_gain":0,"player_choice":"Success","damage_taken":3,"relics_obtained":["Happy Flower"],"max_hp_gain":0,"max_hp_loss":0,"event_name":"Scrap Ooze","floor":2,"gold_loss":0},{"damage_healed":0,"gold_gain":0,"player_choice":"Lose Max HP","damage_taken":0,"relics_obtained":["Golden Idol"],"max_hp_gain":0,"max_hp_loss":6,"event_name":"Golden Idol","floor":8,"gold_loss":0},{"damage_healed":0,"gold_gain":0,"player_choice":"Fight","damage_taken":0,"max_hp_gain":0,"max_hp_loss":0,"event_name":"Colosseum","floor":19,"gold_loss":0},{"damage_healed":0,"gold_gain":0,"player_choice":"Fought Nobs","damage_taken":0,"max_hp_gain":0,"max_hp_loss":0,"event_name":"Colosseum","floor":19,"gold_loss":0},{"cards_removed":["Strike_B"],"damage_healed":0,"gold_gain":0,"player_choice":"Purged","damage_taken":0,"max_hp_gain":0,"max_hp_loss":0,"event_name":"Purifier","floor":30,"gold_loss":0},{"damage_healed":0,"gold_gain":0,"player_choice":"Fight","damage_taken":0,"max_hp_gain":0,"max_hp_loss":0,"event_name":"MindBloom","floor":37,"gold_loss":0},{"cards_removed":["Decay"],"damage_healed":0,"gold_gain":0,"player_choice":"Upgrade and Remove","damage_taken":0,"max_hp_gain":0,"max_hp_loss":0,"event_name":"Designer","floor":38,"gold_loss":90,"cards_upgraded":["Gash"]}],"is_beta":false,"boss_relics":[{"not_picked":["Inserter","Black Star"],"picked":"Cursed Key"},{"not_picked":["Sozu","Velvet Choker"],"picked":"Calling Bell"}],"items_purged_floors":[20,36,45],"is_endless":false,"potions_floor_spawned":[1,4,5,13,18,19,24,35,40,46,47],"killed_by":"Time Eater","ascension_level":2}