{"gold_per_floor":[117,392,410,2,77,77,104,104,104,104,117,117,164,180,180,257,257,269,58,58,74,74,74,88,99,99,99,125,136,170,182,182,259,259,277,327,340,340,340,405,415,415,440,440,459,73,87,99,99,99,99,99,14,49,49],"floor_reached":56,"playtime":3351,"items_purged":["Regret","Strike_G","Shame","Choke"],"score":2086,"play_id":"be437c20-a1ef-4ec5-aaf0-abd6020c5d03","local_time":"20190310004320","is_ascension_mode":true,"campfire_choices":[{"data":"Neutralize","floor":6,"key":"SMITH"},{"data":"Dash","floor":8,"key":"SMITH"},{"data":"Terror","floor":12,"key":"SMITH"},{"data":"Distraction","floor":15,"key":"SMITH"},{"data":"After Image","floor":23,"key":"SMITH"},{"floor":32,"key":"RECALL"},{"floor":42,"key":"REST"},{"data":"Footwork","floor":49,"key":"SMITH"},{"data":"Footwork","floor":52,"key":"SMITH"}],"neow_cost":"NONE","seed_source_timestamp":539075981238500,"circlet_count":0,"master_deck":["AscendersBane","Defend_G","Defend_G","Defend_G","Defend_G","Defend_G","Strike_G","Strike_G","Strike_G","Survivor","Neutralize+1","Distraction+1","Dash+1","Adrenaline","Terror+1","Cloak And Dagger+1","After Image+1","PiercingWail","Footwork+1","Backstab","Footwork+1","Crippling Poison+1","Cloak And Dagger+1","Bane","Flying Knee","Deadly Poison+1","Die Die Die","Dodge and Roll+1","Blade Dance+1","Flying Knee","Outmaneuver+1","Cloak And Dagger+1","Bandage Up+1","Apotheosis+1","Footwork+1","Infinite Blades+1","Deflect+1","Noxious Fumes","Adrenaline+1"],"relics":["Ring of the Snake","NeowsBlessing","Membership Card","PreservedInsect","Bag of Marbles","Smiling Mask","Paper Crane","Strawberry","Philosopher\u0027s Stone","Lee\u0027s Waffle","Shuriken","Mummified Hand","Blood Vial","Anchor","Toxic Egg 2","WristBlade","Unceasing Top","Tiny Chest","Boot","Gambling Chip","Medical Kit","Snake Skull","Sundial"],"potions_floor_usage":[16,24,29,33,36,41,55],"damage_taken":[{"damage":0,"enemies":"2 Louse","floor":1,"turns":1},{"damage":0,"enemies":"Cultist","floor":3,"turns":1},{"damage":0,"enemies":"3 Sentries","floor":7,"turns":1},{"damage":0,"enemies":"Jaw Worm","floor":11,"turns":2},{"damage":1,"enemies":"Exordium Wildlife","floor":14,"turns":3},{"damage":32,"enemies":"Hexaghost","floor":16,"turns":12},{"damage":3,"enemies":"Shell Parasite","floor":18,"turns":5},{"damage":0,"enemies":"Chosen","floor":21,"turns":5},{"damage":8,"enemies":"Snake Plant","floor":24,"turns":5},{"damage":0,"enemies":"Snecko","floor":25,"turns":5},{"damage":0,"enemies":"Gremlin Leader","floor":28,"turns":5},{"damage":0,"enemies":"Chosen and Byrds","floor":29,"turns":6},{"damage":0,"enemies":"Book of Stabbing","floor":30,"turns":5},{"damage":13,"enemies":"Sentry and Sphere","floor":31,"turns":6},{"damage":56,"enemies":"Champ","floor":33,"turns":15},{"damage":0,"enemies":"Orb Walker","floor":35,"turns":3},{"damage":45,"enemies":"2 Orb Walkers","floor":36,"turns":5},{"damage":0,"enemies":"3 Shapes","floor":37,"turns":2},{"damage":0,"enemies":"Nemesis","floor":40,"turns":5},{"damage":20,"enemies":"Maw","floor":41,"turns":6},{"damage":1,"enemies":"4 Shapes","floor":45,"turns":3},{"damage":0,"enemies":"Spire Growth","floor":47,"turns":3},{"damage":0,"enemies":"3 Darklings","floor":48,"turns":5},{"damage":24,"enemies":"Awakened One","floor":50,"turns":11},{"damage":14,"enemies":"Shield and Spear","floor":54,"turns":4},{"damage":56,"enemies":"The Heart","floor":55,"turns":8}],"seed_played":"7582478296265944465","potions_obtained":[{"floor":1,"key":"Weak Potion"},{"floor":14,"key":"Ancient Potion"},{"floor":16,"key":"EssenceOfSteel"},{"floor":24,"key":"Fire Potion"},{"floor":25,"key":"Ancient Potion"},{"floor":29,"key":"GamblersBrew"},{"floor":31,"key":"PowerPotion"},{"floor":33,"key":"Explosive Potion"},{"floor":36,"key":"Fire Potion"},{"floor":41,"key":"Dexterity Potion"},{"floor":45,"key":"GhostInAJar"}],"is_trial":false,"path_per_floor":["M","?","M","$","?","R","E","R","T","T","M","R","T","M","R","B",null,"M","$","T","M","?","R","M","M","T","?","E","M","E","M","R","B",null,"M","?","M","?","?","E","M","R","T","T","M","$","M","M","R","B",null,"R","$","E","B",null],"character_chosen":"THE_SILENT","items_purchased":["Membership Card","Deadly Poison","PreservedInsect","Bag of Marbles","Footwork","Backstab","Lee\u0027s Waffle","Medical Kit","Bandage Up+1","Snake Skull","Apotheosis+1","Footwork","Noxious Fumes"],"campfire_rested":1,"item_purchase_floors":[4,4,4,4,19,19,19,46,46,46,46,46,53],"current_hp_per_floor":[59,59,59,59,48,48,48,48,48,48,48,48,55,54,54,22,60,57,80,80,80,80,80,72,72,72,72,74,76,78,67,67,13,63,65,22,24,24,24,26,8,32,32,32,33,33,41,43,43,27,67,67,67,61,13],"gold":49,"neow_bonus":"THREE_ENEMY_KILL","is_prod":false,"is_daily":false,"chose_seed":false,"campfire_upgraded":7,"win_rate":0,"timestamp":1552178600,"path_taken":["M","?","?","$","?","R","E","R","T","?","?","R","?","M","R","BOSS","M","$","?","?","?","R","M","M","T","?","E","?","E","M","R","BOSS","M","?","M","?","?","E","?","R","T","?","M","$","M","M","R","BOSS","R","$","E","BOSS"],"build_version":"2019-01-23","purchased_purges":4,"victory":true,"max_hp_per_floor":[66,66,66,66,66,66,66,66,66,66,66,66,73,73,73,73,73,73,80,80,80,80,80,80,80,80,80,80,80,80,80,80,80,80,80,80,80,80,80,80,80,80,80,80,80,80,80,80,80,80,80,80,80,80,80],"card_choices":[{"not_picked":["Accuracy","Outmaneuver"],"picked":"Distraction","floor":1},{"not_picked":["PiercingWail","Eviscerate"],"picked":"Dash","floor":3},{"not_picked":["Dodge and Roll","Slice"],"picked":"Adrenaline","floor":7},{"not_picked":["Sucker Punch","Deflect"],"picked":"Terror","floor":11},{"not_picked":["Acrobatics","Quick Slash"],"picked":"Cloak And Dagger","floor":14},{"not_picked":["Die Die Die","A Thousand Cuts"],"picked":"After Image","floor":16},{"not_picked":["Flying Knee","Blade Dance"],"picked":"PiercingWail","floor":18},{"not_picked":["Deadly Poison","Bane+1"],"picked":"Footwork+1","floor":21},{"not_picked":["Backflip+1","PiercingWail+1"],"picked":"Crippling Poison+1","floor":24},{"not_picked":["Setup+1","Eviscerate"],"picked":"Cloak And Dagger+1","floor":25},{"not_picked":["Malaise","Calculated Gamble"],"picked":"Bane","floor":28},{"not_picked":["Outmaneuver","Acrobatics","All Out Attack+1"],"picked":"SKIP","floor":29},{"not_picked":["Deflect","Quick Slash"],"picked":"Flying Knee","floor":30},{"not_picked":["Tactician+1","Sucker Punch"],"picked":"Deadly Poison+1","floor":31},{"not_picked":["Storm of Steel+1","Burst+1"],"picked":"Die Die Die","floor":33},{"not_picked":["Setup+1","Distraction+1"],"picked":"Dodge and Roll+1","floor":35},{"not_picked":["Predator+1","Heel Hook"],"picked":"Blade Dance+1","floor":36},{"not_picked":["Underhanded Strike","Dagger Throw+1"],"picked":"Flying Knee","floor":37},{"not_picked":["Backflip+1","Deadly Poison+1"],"picked":"Outmaneuver+1","floor":40},{"not_picked":["Dagger Spray","Calculated Gamble+1"],"picked":"Cloak And Dagger+1","floor":41},{"not_picked":["Acrobatics+1","Leg Sweep+1","Reflex+1"],"picked":"SKIP","floor":45},{"not_picked":["Caltrops","Concentrate+1"],"picked":"Infinite Blades+1","floor":47},{"not_picked":["Riddle With Holes","Tools of the Trade"],"picked":"Deflect+1","floor":48},{"not_picked":["Night Terror+1","Finisher"],"picked":"Adrenaline+1","floor":54}],"player_experience":595600,"relics_obtained":[{"floor":7,"key":"Smiling Mask"},{"floor":9,"key":"Paper Crane"},{"floor":13,"key":"Strawberry"},{"floor":20,"key":"Shuriken"},{"floor":26,"key":"Blood Vial"},{"floor":28,"key":"Anchor"},{"floor":30,"key":"Toxic Egg 2"},{"floor":36,"key":"Unceasing Top"},{"floor":40,"key":"Tiny Chest"},{"floor":43,"key":"Boot"},{"floor":44,"key":"Gambling Chip"},{"floor":54,"key":"Sundial"}],"event_choices":[{"damage_healed":0,"gold_gain":275,"player_choice":"Desecrate","damage_taken":0,"max_hp_gain":0,"max_hp_loss":0,"event_name":"Golden Shrine","floor":2,"gold_loss":0,"cards_obtained":["Regret"]},{"damage_healed":0,"gold_gain":75,"player_choice":"Gather Gold","damage_taken":11,"max_hp_gain":0,"max_hp_loss":0,"event_name":"World of Goop","floor":5,"gold_loss":0},{"damage_healed":0,"gold_gain":0,"player_choice":"Stole Relic","damage_taken":0,"relics_obtained":["Mummified Hand"],"max_hp_gain":0,"max_hp_loss":0,"event_name":"Addict","floor":22,"gold_loss":0,"cards_obtained":["Shame"]},{"damage_healed":0,"gold_gain":0,"player_choice":"Forge","damage_taken":0,"max_hp_gain":0,"max_hp_loss":0,"event_name":"Accursed Blacksmith","floor":27,"gold_loss":0,"cards_upgraded":["Cloak And Dagger"]},{"damage_healed":0,"gold_gain":0,"player_choice":"Fight","damage_taken":0,"max_hp_gain":0,"max_hp_loss":0,"event_name":"Mysterious Sphere","floor":36,"gold_loss":0},{"cards_removed":["Deadly Poison"],"damage_healed":0,"gold_gain":0,"player_choice":"Removed Skill","damage_taken":0,"max_hp_gain":0,"max_hp_loss":0,"event_name":"Falling","floor":38,"gold_loss":0},{"damage_healed":0,"gold_gain":0,"cards_transformed":["Strike_G"],"player_choice":"Transformed","damage_taken":0,"max_hp_gain":0,"max_hp_loss":0,"event_name":"Transmorgrifier","floor":39,"gold_loss":0,"cards_obtained":["Choke"]}],"is_beta":false,"boss_relics":[{"not_picked":["Velvet Choker","Ring of the Serpent"],"picked":"Philosopher\u0027s Stone"},{"not_picked":["Orrery","Astrolabe"],"picked":"WristBlade"}],"items_purged_floors":[4,19,46,53],"is_endless":false,"potions_floor_spawned":[1,14,16,24,25,29,31,33,36,40,41,45],"ascension_level":15}