{"gold_per_floor":[119,133,147,167,183,211,211,225,525,539,539,554,582,328,328,424,424,412,412,40,40,40,40,40,139,139,155,155,155,155,173,173,276,276,293,318,123,133,133,167,167,186,210,223,239,239,259,286,286,286],"floor_reached":50,"playtime":3624,"items_purged":["Strike_B","Normality"],"score":539,"play_id":"f6b0c59f-b829-44a8-ae32-3c00d1da5813","local_time":"20190225014228","is_ascension_mode":false,"campfire_choices":[{"data":"Loop","floor":7,"key":"SMITH"},{"floor":11,"key":"REST"},{"data":"Double Energy","floor":15,"key":"SMITH"},{"data":"Seek","floor":23,"key":"SMITH"},{"data":"Seek","floor":28,"key":"SMITH"},{"data":"Coolheaded","floor":30,"key":"SMITH"},{"data":"Capacitor","floor":32,"key":"SMITH"},{"floor":41,"key":"RECALL"},{"data":"Seek","floor":49,"key":"SMITH"}],"neow_cost":"NONE","seed_source_timestamp":42800670232874,"circlet_count":0,"master_deck":["Strike_B+1","Strike_B+1","Defend_B+1","Defend_B+1","Defend_B+1","Defend_B+1","Zap+1","Dualcast","Loop+1","Steam+1","White Noise","Ball Lightning","Reinforced Body","Double Energy+1","Tempest","Seek+1","Turbo","Capacitor+1","Seek+1","Streamline","Pain","Coolheaded+1","Storm+1","Seek+1","Static Discharge+1","Finesse","Force Field","Impatience","Glacier","Decay","Double Energy+1","Turbo+1","Biased Cognition"],"relics":["Cracked Core","Centennial Puzzle","Gremlin Horn","Old Coin","Kunai","Orichalcum","Cursed Key","Bird Faced Urn","Letter Opener","Eternal Feather","Regal Pillow","Incense Burner","War Paint","Oddly Smooth Stone"],"potions_floor_usage":[5,6,13,16,16,33,33,35,47,47],"damage_taken":[{"damage":0,"enemies":"Cultist","floor":1,"turns":3},{"damage":0,"enemies":"2 Louse","floor":2,"turns":2},{"damage":1,"enemies":"Jaw Worm","floor":3,"turns":3},{"damage":5,"enemies":"Looter","floor":4,"turns":3},{"damage":0,"enemies":"Large Slime","floor":5,"turns":3},{"damage":27,"enemies":"3 Sentries","floor":6,"turns":6},{"damage":2,"enemies":"2 Fungi Beasts","floor":8,"turns":3},{"damage":5,"enemies":"Looter","floor":10,"turns":3},{"damage":2,"enemies":"Red Slaver","floor":12,"turns":2},{"damage":21,"enemies":"Gremlin Nob","floor":13,"turns":4},{"damage":27,"enemies":"Slime Boss","floor":16,"turns":8},{"damage":15,"enemies":"2 Thieves","floor":18,"turns":4},{"damage":16,"enemies":"Spheric Guardian","floor":27,"turns":4},{"damage":14,"enemies":"Centurion and Healer","floor":31,"turns":2},{"damage":20,"enemies":"Automaton","floor":33,"turns":10},{"damage":10,"enemies":"3 Shapes","floor":35,"turns":3},{"damage":17,"enemies":"Orb Walker","floor":38,"turns":3},{"damage":22,"enemies":"Nemesis","floor":40,"turns":5},{"damage":24,"enemies":"3 Darklings","floor":42,"turns":3},{"damage":11,"enemies":"Jaw Worm Horde","floor":44,"turns":4},{"damage":0,"enemies":"4 Shapes","floor":45,"turns":1},{"damage":7,"enemies":"Transient","floor":47,"turns":5},{"damage":15,"enemies":"Reptomancer","floor":48,"turns":6},{"damage":86,"enemies":"Awakened One","floor":50,"turns":9}],"seed_played":"-8837859354389135240","potions_obtained":[{"floor":1,"key":"Fire Potion"},{"floor":5,"key":"LiquidBronze"},{"floor":6,"key":"Dexterity Potion"},{"floor":10,"key":"Weak Potion"},{"floor":12,"key":"Weak Potion"},{"floor":16,"key":"SkillPotion"},{"floor":18,"key":"Explosive Potion"},{"floor":33,"key":"SkillPotion"},{"floor":35,"key":"GamblersBrew"},{"floor":40,"key":"Dexterity Potion"},{"floor":45,"key":"Weak Potion"}],"is_trial":false,"path_per_floor":["M","M","M","M","M","E","R","M","T","M","R","M","E","$","R","B",null,"M","?","$","?","$","R","?","?","T","M","R","?","R","M","R","B",null,"M","T","$","M","?","E","R","M","T","M","M","?","M","E","R","B"],"character_chosen":"DEFECT","items_purchased":["Tempest","Orichalcum","Bird Faced Urn","Capacitor","Finesse"],"campfire_rested":1,"item_purchase_floors":[14,14,20,20,37],"current_hp_per_floor":[75,75,74,69,69,42,42,40,40,35,57,55,34,34,34,7,75,60,60,60,60,60,60,60,60,60,50,50,50,50,42,42,42,75,72,72,72,60,55,47,62,48,48,47,47,47,46,41,59,0],"gold":286,"neow_bonus":"RANDOM_COMMON_RELIC","is_prod":false,"is_daily":false,"chose_seed":false,"campfire_upgraded":7,"win_rate":0,"timestamp":1551055348,"path_taken":["M","M","?","M","M","E","R","M","T","?","R","M","E","?","R","BOSS","M","?","$","?","?","R","?","?","T","M","R","?","R","?","R","BOSS","M","?","$","M","?","E","R","M","T","M","M","?","M","E","R","BOSS"],"build_version":"2019-01-23","purchased_purges":2,"victory":false,"max_hp_per_floor":[75,75,75,75,75,75,75,75,75,75,75,75,75,75,75,75,75,75,75,75,75,75,75,75,75,75,75,75,75,75,75,75,75,75,75,75,75,75,75,75,75,75,75,75,75,75,75,75,75,75],"card_choices":[{"not_picked":["Hello World","Melter","Beam Cell"],"picked":"SKIP","floor":1},{"not_picked":["Cold Snap","Blizzard","Redo"],"picked":"SKIP","floor":2},{"not_picked":["Rebound","Hello World"],"picked":"Loop","floor":3},{"not_picked":["Redo","Stack"],"picked":"Steam","floor":4},{"not_picked":["Hologram","Barrage","Streamline"],"picked":"SKIP","floor":5},{"not_picked":["Rip and Tear","Steam Power"],"picked":"Static Discharge","floor":6},{"not_picked":["Beam Cell","Doom and Gloom"],"picked":"White Noise","floor":8},{"not_picked":["Sunder","Buffer"],"picked":"Ball Lightning","floor":10},{"not_picked":["Turbo","Rebound"],"picked":"Reinforced Body","floor":12},{"not_picked":["Sunder","White Noise"],"picked":"Double Energy","floor":13},{"not_picked":["Machine Learning","Core Surge"],"picked":"Seek","floor":16},{"not_picked":["Rebound+1","Redo"],"picked":"Turbo","floor":18},{"not_picked":["Barrage","Darkness"],"picked":"Coolheaded","floor":27},{"not_picked":["Hologram","Compile Driver"],"picked":"Storm+1","floor":31},{"not_picked":["Biased Cognition","Hyperbeam"],"picked":"Seek","floor":33},{"not_picked":["Stack+1","Reinforced Body+1"],"picked":"Static Discharge+1","floor":35},{"not_picked":["Streamline+1","Gash+1"],"picked":"Force Field","floor":38},{"not_picked":["Secret Weapon","Enlightenment"],"picked":"Impatience","floor":39},{"not_picked":["Sweeping Beam+1","Beam Cell","Compile Driver+1"],"picked":"SKIP","floor":40},{"not_picked":["Self Repair","Reinforced Body+1"],"picked":"Glacier","floor":42},{"not_picked":["Steam+1","Lockon+1"],"picked":"Double Energy+1","floor":44},{"not_picked":["Lockon+1","Tempest+1"],"picked":"Turbo+1","floor":45},{"not_picked":["Redo","Stack","Skim"],"picked":"SKIP","floor":47},{"not_picked":["Coolheaded","Barrage+1"],"picked":"Biased Cognition","floor":48}],"player_experience":681198,"relics_obtained":[{"floor":6,"key":"Gremlin Horn"},{"floor":9,"key":"Old Coin"},{"floor":13,"key":"Kunai"},{"floor":36,"key":"Regal Pillow"},{"floor":40,"key":"Incense Burner"},{"floor":43,"key":"War Paint"},{"floor":48,"key":"Oddly Smooth Stone"}],"event_choices":[{"damage_healed":0,"gold_gain":0,"player_choice":"Simplicity","damage_taken":0,"max_hp_gain":0,"max_hp_loss":0,"event_name":"Back to Basics","floor":19,"gold_loss":0,"cards_upgraded":["Strike_B","Strike_B","Strike_B","Defend_B","Defend_B","Defend_B","Defend_B"]},{"damage_healed":0,"gold_gain":0,"cards_transformed":["Static Discharge","Strike_B"],"player_choice":"Became Test Subject","damage_taken":0,"max_hp_gain":0,"max_hp_loss":0,"event_name":"Drug Dealer","floor":21,"gold_loss":0,"cards_obtained":["Seek","Streamline"]},{"damage_healed":0,"gold_gain":0,"player_choice":"Ignored","damage_taken":0,"max_hp_gain":0,"max_hp_loss":0,"event_name":"Beggar","floor":24,"gold_loss":0},{"damage_healed":0,"gold_gain":99,"player_choice":"Stole From Cult","damage_taken":0,"max_hp_gain":0,"max_hp_loss":0,"event_name":"Nest","floor":25,"gold_loss":0},{"damage_healed":0,"gold_gain":0,"player_choice":"Opened","damage_taken":0,"relics_obtained":["Letter Opener"],"max_hp_gain":0,"max_hp_loss":0,"event_name":"The Mausoleum","floor":29,"gold_loss":0},{"damage_healed":0,"gold_gain":0,"player_choice":"Memory 2","damage_taken":5,"max_hp_gain":0,"max_hp_loss":0,"event_name":"SensoryStone","floor":39,"gold_loss":0},{"damage_healed":0,"gold_gain":0,"player_choice":"Ignored","damage_taken":0,"max_hp_gain":0,"max_hp_loss":0,"event_name":"Mysterious Sphere","floor":46,"gold_loss":0}],"is_beta":false,"boss_relics":[{"not_picked":["Fusion Hammer","Runic Dome"],"picked":"Cursed Key"},{"not_picked":["Calling Bell","Busted Crown"],"picked":"Eternal Feather"}],"items_purged_floors":[14,37],"is_endless":false,"potions_floor_spawned":[1,5,6,10,12,16,18,33,35,40,45],"killed_by":"Awakened One","ascension_level":0}