{"gold_per_floor":[110,122,47,58,8,8,21,21,21,55,55,70,25,25,25,125,125,144,159,84,84,104,104,115,125,125,125,54,54,69,69,69,166,166,179,199,99,119,219,219,239,239,239,45,0,15,15,15,15,15],"floor_reached":51,"playtime":1237,"items_purged":["Defend_R","Strike_R"],"score":674,"play_id":"1245ad89-eccd-4382-a367-c97d313105c8","local_time":"20190328224719","is_ascension_mode":false,"campfire_choices":[{"data":"Whirlwind","floor":6,"key":"SMITH"},{"data":"Inflame","floor":8,"key":"SMITH"},{"data":"Bash","floor":11,"key":"SMITH"},{"floor":15,"key":"REST"},{"data":"Flex","floor":23,"key":"SMITH"},{"data":"Demon Form","floor":27,"key":"SMITH"},{"data":"Whirlwind","floor":29,"key":"SMITH"},{"data":"Shrug It Off","floor":32,"key":"SMITH"},{"data":"Demon Form","floor":40,"key":"SMITH"},{"data":"Shockwave","floor":42,"key":"SMITH"},{"data":"Defend_R","floor":49,"key":"SMITH"}],"neow_cost":"TEN_PERCENT_HP_LOSS","seed_source_timestamp":6927812717653,"circlet_count":0,"master_deck":["Defend_R","Defend_R","Defend_R+1","Bash+1","Inflame+1","Whirlwind+1","Flex+1","Shrug It Off+1","Inflame+1","Demon Form+1","Whirlwind+1","Intimidate+1","Demon Form+1","Heavy Blade+1","Shockwave+1","Demon Form+1"],"special_seed":0,"relics":["Burning Blood","StoneCalendar","Bird Faced Urn","Self Forming Clay","Snecko Eye","MutagenicStrength","Pantograph","Velvet Choker","Calipers","Bottled Lightning","DollysMirror","Red Mask","Ornamental Fan"],"potions_floor_usage":[16,25,25,33,47,50,50],"damage_taken":[{"damage":6.0,"enemies":"Jaw Worm","floor":1.0,"turns":5.0},{"damage":15.0,"enemies":"Small Slimes","floor":2.0,"turns":4.0},{"damage":7.0,"enemies":"2 Louse","floor":4.0,"turns":3.0},{"damage":12,"enemies":"Large Slime","floor":7,"turns":4},{"damage":31,"enemies":"Lagavulin","floor":10,"turns":5},{"damage":14,"enemies":"Exordium Thugs","floor":12,"turns":4},{"damage":35,"enemies":"The Guardian","floor":16,"turns":10},{"damage":26,"enemies":"Shell Parasite","floor":18,"turns":6},{"damage":10,"enemies":"Chosen","floor":19,"turns":2},{"damage":15,"enemies":"Shelled Parasite and Fungi","floor":22,"turns":5},{"damage":0,"enemies":"Chosen and Byrds","floor":24,"turns":3},{"damage":9,"enemies":"Cultist and Chosen","floor":25,"turns":5},{"damage":18,"enemies":"Snake Plant","floor":30,"turns":3},{"damage":54,"enemies":"Automaton","floor":33,"turns":7},{"damage":6,"enemies":"3 Shapes","floor":35,"turns":2},{"damage":11,"enemies":"Orb Walker","floor":36,"turns":3},{"damage":31,"enemies":"4 Shapes","floor":38,"turns":4},{"damage":9,"enemies":"Mind Bloom Boss Battle","floor":39,"turns":3},{"damage":5,"enemies":"Writhing Mass","floor":41,"turns":3},{"damage":6,"enemies":"Transient","floor":46,"turns":5},{"damage":0,"enemies":"Maw","floor":47,"turns":1},{"damage":24,"enemies":"Donu and Deca","floor":50,"turns":4}],"seed_played":"-5718159310454218443","potions_obtained":[{"floor":1.0,"key":"GamblersBrew"},{"floor":4.0,"key":"LiquidBronze"},{"floor":19,"key":"AttackPotion"},{"floor":24,"key":"Weak Potion"},{"floor":38,"key":"PowerPotion"},{"floor":39,"key":"SmokeBomb"},{"floor":41,"key":"Weak Potion"}],"is_trial":false,"path_per_floor":["M","M","$","M","?","R","M","R","T","E","R","M","$","?","R","B",null,"M","M","?","?","M","R","M","M","T","R","$","R","M","$","R","B",null,"M","M","$","M","?","R","M","R","T","$","?","M","M","T","R","B",null],"character_chosen":"IRONCLAD","items_purchased":["Shrug It Off","Whirlwind","DollysMirror"],"campfire_rested":1,"item_purchase_floors":[13,28,44],"current_hp_per_floor":[72,63,63,62,62,62,56,56,56,31,31,25,25,22,43,16,72,52,50,50,50,43,43,51,50,50,50,50,50,40,40,40,23,72,72,67,67,48,69,69,72,72,72,72,72,72,72,72,72,58],"gold":15,"neow_bonus":"REMOVE_TWO","is_prod":false,"is_daily":false,"chose_seed":false,"campfire_upgraded":10,"win_rate":0,"timestamp":1553834839,"path_taken":["M","M","$","M","?","R","M","R","T","E","R","M","$","?","R","BOSS","M","M","?","?","M","R","M","M","T","R","$","R","M","$","R","BOSS","M","M","$","M","?","R","M","R","T","$","?","M","M","?","R","BOSS"],"build_version":"2019-01-23","purchased_purges":2,"victory":true,"max_hp_per_floor":[72,72,72,72,72,72,72,72,72,72,72,72,72,72,72,72,72,72,72,72,72,72,72,72,72,72,72,72,72,72,72,72,72,72,72,72,72,72,72,72,72,72,72,72,72,72,72,72,72,72],"card_choices":[{"not_picked":["Clash","Wild Strike"],"picked":"Inflame","floor":1.0},{"not_picked":["Dropkick","Rupture","Clash"],"picked":"SKIP","floor":2.0},{"not_picked":["Perfected Strike","Thunderclap"],"picked":"Whirlwind","floor":4.0},{"not_picked":["Iron Wave","Combust","Havoc"],"picked":"SKIP","floor":7},{"not_picked":["Headbutt","Second Wind","Iron Wave"],"picked":"SKIP","floor":10},{"not_picked":["Armaments","Warcry"],"picked":"Flex","floor":12},{"not_picked":["Perfected Strike","Armaments","Shrug It Off"],"picked":"SKIP","floor":18},{"not_picked":["Second Wind","Pommel Strike","Anger"],"picked":"SKIP","floor":19},{"not_picked":["Iron Wave","Pommel Strike"],"picked":"Inflame+1","floor":22},{"not_picked":["Carnage","Havoc+1"],"picked":"Demon Form","floor":24},{"not_picked":["Searing Blow","Sentinel","Flex"],"picked":"SKIP","floor":25},{"not_picked":["Cleave+1","Sword Boomerang"],"picked":"Intimidate+1","floor":30},{"not_picked":["Impervious","Fiend Fire"],"picked":"Demon Form","floor":33},{"not_picked":["Warcry+1","Rage","Iron Wave"],"picked":"SKIP","floor":35},{"not_picked":["Entrench","Shrug It Off+1"],"picked":"Heavy Blade+1","floor":36},{"not_picked":["Rupture","Warcry","Bloodletting+1"],"picked":"SKIP","floor":38},{"not_picked":["Warcry","Bludgeon"],"picked":"Shockwave","floor":39},{"not_picked":["Pummel","Perfected Strike","Thunderclap"],"picked":"SKIP","floor":41},{"not_picked":["Anger+1","Twin Strike+1","Body Slam+1"],"picked":"SKIP","floor":46}],"player_experience":1134364,"relics_obtained":[{"floor":9,"key":"StoneCalendar"},{"floor":10,"key":"Bird Faced Urn"},{"floor":26,"key":"Pantograph"},{"floor":39,"key":"Calipers"},{"floor":43,"key":"Bottled Lightning"},{"floor":48,"key":"Ornamental Fan"}],"event_choices":[{"cards_removed":["Strike_R"],"damage_healed":0.0,"max_hp_gain":0.0,"max_hp_loss":0.0,"gold_gain":0.0,"event_name":"The Cleric","player_choice":"Card Removal","floor":5.0,"gold_loss":50.0,"damage_taken":0.0},{"damage_healed":0,"gold_gain":0,"player_choice":"Success","damage_taken":3,"relics_obtained":["Self Forming Clay"],"max_hp_gain":0,"max_hp_loss":0,"event_name":"Scrap Ooze","floor":14,"gold_loss":0},{"cards_removed":["Strike_R"],"damage_healed":0,"gold_gain":0,"player_choice":"Gave Gold","damage_taken":0,"max_hp_gain":0,"max_hp_loss":0,"event_name":"Beggar","floor":20,"gold_loss":75},{"damage_healed":0,"gold_gain":0,"player_choice":"Inject Mutagens","damage_taken":0,"relics_obtained":["MutagenicStrength"],"max_hp_gain":0,"max_hp_loss":0,"event_name":"Drug Dealer","floor":21,"gold_loss":0},{"damage_healed":0,"gold_gain":0,"player_choice":"Fight","damage_taken":0,"max_hp_gain":0,"max_hp_loss":0,"event_name":"MindBloom","floor":39,"gold_loss":0},{"damage_healed":0,"gold_gain":0,"player_choice":"Paid","damage_taken":0,"relics_obtained":["Red Mask"],"max_hp_gain":0,"max_hp_loss":0,"event_name":"Tomb of Lord Red Mask","floor":45,"gold_loss":45}],"is_beta":false,"boss_relics":[{"not_picked":["Pandora\u0027s Box","Runic Cube"],"picked":"Snecko Eye"},{"not_picked":["Runic Dome","Eternal Feather"],"picked":"Velvet Choker"}],"items_purged_floors":[3,37],"is_endless":false,"potions_floor_spawned":[1,4,19,24,38,39,41,47],"ascension_level":0}