{"gold_per_floor":[217,167,167,185,199,199,199,199,199,46,64,80,80,99,99,223,223,236,49,49,68,68,108,108,108,108,27,27,70,70,95,95,225,225,239,295,105,105,118,118,138,152,206,224,224,0,13,37,37,37],"floor_reached":50,"playtime":2520,"items_purged":[],"score":711,"play_id":"86e8312d-5f2d-4277-bfab-5ac0c7088a28","local_time":"20180913004332","is_ascension_mode":true,"campfire_choices":[{"data":"Armaments","floor":6,"key":"SMITH"},{"data":"Bash","floor":8,"key":"SMITH"},{"data":"Metallicize","floor":13,"key":"SMITH"},{"data":"Flex","floor":15,"key":"SMITH"},{"floor":25,"key":"REST"},{"data":"Blind","floor":28,"key":"SMITH"},{"data":"Whirlwind","floor":30,"key":"SMITH"},{"data":"Offering","floor":32,"key":"SMITH"},{"data":"Metallicize","floor":40,"key":"SMITH"},{"data":"Infernal Blade","floor":49,"key":"SMITH"}],"neow_cost":"NONE","seed_source_timestamp":34176131921258,"circlet_count":0,"master_deck":["Strike_R+1","Strike_R+1","Strike_R+1","Strike_R+1","Defend_R+1","Defend_R+1","Defend_R+1","Defend_R+1","Bash+1","Cleave","Armaments+1","Offering+1","Metallicize+1","Iron Wave","Flex+1","Shrug It Off","Whirlwind+1","Blind+1","Infernal Blade+1","Pommel Strike+1","Dropkick+1","Metallicize+1","Flex+1","Warcry+1","Fire Breathing+1","Rage","Combust+1"],"relics":["Burning Blood","Golden Idol","The Courier","Sozu","Sling","Gremlin Horn","Nilry\u0027s Codex","Prayer Wheel","Mummified Hand","Pocketwatch","Runic Pyramid","Bird Faced Urn","Meat on the Bone","Vajra","Red Mask"],"potions_floor_usage":[16,16,18,33],"damage_taken":[{"damage":5,"enemies":"Small Slimes","floor":1,"turns":3},{"damage":6,"enemies":"Cultist","floor":4,"turns":4},{"damage":0,"enemies":"2 Louse","floor":5,"turns":2},{"damage":8,"enemies":"2 Fungi Beasts","floor":11,"turns":3},{"damage":6,"enemies":"3 Louse","floor":12,"turns":2},{"damage":6,"enemies":"Gremlin Gang","floor":14,"turns":2},{"damage":6,"enemies":"Slime Boss","floor":16,"turns":8},{"damage":8,"enemies":"2 Thieves","floor":18,"turns":4},{"damage":6,"enemies":"3 Byrds","floor":21,"turns":4},{"damage":27,"enemies":"Book of Stabbing","floor":23,"turns":5},{"damage":6,"enemies":"Gremlin Leader","floor":29,"turns":4},{"damage":12,"enemies":"Cultist and Chosen","floor":31,"turns":4},{"damage":52,"enemies":"Automaton","floor":33,"turns":11},{"damage":6,"enemies":"Orb Walker","floor":35,"turns":3},{"damage":52,"enemies":"Mysterious Sphere","floor":36,"turns":7},{"damage":16,"enemies":"3 Shapes","floor":39,"turns":6},{"damage":34,"enemies":"Spire Growth","floor":41,"turns":5},{"damage":6,"enemies":"Sphere and 2 Shapes","floor":42,"turns":2},{"damage":6,"enemies":"Transient","floor":44,"turns":5},{"damage":0,"enemies":"3 Darklings","floor":47,"turns":2},{"damage":8,"enemies":"Maw","floor":48,"turns":6},{"damage":77,"enemies":"Donu and Deca","floor":50,"turns":9}],"seed_played":"1087762774768712309","potions_obtained":[{"floor":1,"key":"GamblersBrew"},{"floor":11,"key":"Regen Potion"},{"floor":12,"key":"AttackPotion"},{"floor":16,"key":"Block Potion"}],"is_trial":false,"path_per_floor":["M","?","?","M","M","R","?","R","T","$","M","M","R","M","R","B",null,"M","$","?","M","?","E","?","R","T","$","R","E","R","M","R","B",null,"M","?","$","?","M","R","M","M","T","M","?","?","M","M","R"],"character_chosen":"IRONCLAD","items_purchased":["Offering","Metallicize","Sling","Shrug It Off","Blind","Meat on the Bone"],"campfire_rested":1,"item_purchase_floors":[10,10,19,19,27,37],"current_hp_per_floor":[73,73,53,53,59,59,59,59,59,59,57,57,57,57,57,72,78,76,76,76,76,60,39,39,63,63,63,63,63,63,57,57,11,63,63,17,17,70,60,60,48,50,50,56,56,56,62,68,68,0],"gold":37,"neow_bonus":"HUNDRED_GOLD","is_prod":false,"is_daily":false,"chose_seed":false,"campfire_upgraded":9,"win_rate":0,"timestamp":1536795812,"path_taken":["M","?","?","M","M","R","?","R","T","$","M","M","R","M","R","BOSS","M","$","?","M","?","E","?","R","T","?","R","E","R","M","R","BOSS","M","?","$","?","M","R","M","M","T","M","?","?","?","M","R","BOSS"],"build_version":"2018-09-06","purchased_purges":0,"victory":false,"max_hp_per_floor":[80,80,80,80,80,80,80,80,80,80,80,80,80,80,80,80,80,80,80,80,80,80,80,80,80,80,80,80,80,80,80,80,80,80,80,80,80,70,70,70,70,70,70,70,70,70,70,70,70,70],"card_choices":[{"not_picked":["Dual Wield","Twin Strike"],"picked":"Cleave","floor":1},{"not_picked":["Havoc","Shrug It Off"],"picked":"Armaments","floor":4},{"not_picked":["Feel No Pain","Sever Soul","Perfected Strike"],"picked":"SKIP","floor":5},{"not_picked":["Thunderclap","Spot Weakness"],"picked":"Iron Wave","floor":11},{"not_picked":["Heavy Blade","Clash"],"picked":"Flex","floor":12},{"not_picked":["Intimidate","Clothesline","Cleave"],"picked":"SKIP","floor":14},{"not_picked":["Clothesline","Clash","Heavy Blade"],"picked":"SKIP","floor":18},{"not_picked":["Warcry","Shrug It Off","Clash"],"picked":"SKIP","floor":21},{"not_picked":["Sever Soul","Sword Boomerang"],"picked":"Whirlwind","floor":23},{"not_picked":["Carnage","Feel No Pain"],"picked":"Infernal Blade","floor":29},{"not_picked":["Pummel","Sever Soul"],"picked":"Pommel Strike+1","floor":31},{"not_picked":["Carnage","Clash","True Grit"],"picked":"SKIP","floor":31},{"not_picked":["True Grit","Fire Breathing+1"],"picked":"Dropkick+1","floor":35},{"not_picked":["Perfected Strike+1","Reckless Charge","Warcry"],"picked":"SKIP","floor":35},{"not_picked":["Havoc+1","Cleave"],"picked":"Metallicize","floor":36},{"not_picked":["Feel No Pain","Clothesline+1"],"picked":"Flex+1","floor":39},{"not_picked":["Evolve","Perfected Strike+1","Thunderclap+1"],"picked":"SKIP","floor":39},{"not_picked":["Body Slam","Evolve+1"],"picked":"Warcry+1","floor":41},{"not_picked":["Havoc","True Grit","Body Slam"],"picked":"SKIP","floor":41},{"not_picked":["Body Slam","Heavy Blade"],"picked":"Fire Breathing","floor":42},{"not_picked":["Rupture+1","Flex","Iron Wave"],"picked":"SKIP","floor":42},{"not_picked":["Hemokinesis+1","Pommel Strike+1","Immolate"],"picked":"SKIP","floor":44},{"not_picked":["Twin Strike+1","Power Through","Perfected Strike"],"picked":"SKIP","floor":44},{"not_picked":["Infernal Blade","Reckless Charge+1","Pommel Strike"],"picked":"SKIP","floor":47},{"not_picked":["Metallicize+1","Anger","Heavy Blade+1"],"picked":"SKIP","floor":47},{"not_picked":["Sentinel","Armaments+1"],"picked":"Rage","floor":48},{"not_picked":["Armaments","Sever Soul"],"picked":"Combust+1","floor":48}],"player_experience":355447,"relics_obtained":[{"floor":9,"key":"The Courier"},{"floor":22,"key":"Nilry\u0027s Codex"},{"floor":23,"key":"Prayer Wheel"},{"floor":26,"key":"Mummified Hand"},{"floor":29,"key":"Pocketwatch"},{"floor":36,"key":"Bird Faced Urn"},{"floor":43,"key":"Vajra"}],"event_choices":[{"event_name":"The Cleric","player_choice":"Card Removal","floor":2,"damage_taken":0},{"event_name":"Golden Idol","player_choice":"Take Damage","floor":3,"damage_taken":0},{"event_name":"The Woman in Blue","player_choice":"Bought 0 Potions","floor":7,"damage_taken":0},{"event_name":"The Mausoleum","player_choice":"Yes","floor":20,"damage_taken":0},{"event_name":"Cursed Tome","player_choice":"Obtained Book","floor":22,"damage_taken":0},{"event_name":"Back to Basics","player_choice":"Simplicity","floor":24,"damage_taken":0},{"event_name":"Mysterious Sphere","player_choice":"Fight","floor":36,"damage_taken":0},{"event_name":"The Moai Head","player_choice":"Heal","floor":38,"damage_taken":0},{"event_name":"Upgrade Shrine","player_choice":"Upgraded","floor":45,"damage_taken":0},{"event_name":"Tomb of Lord Red Mask","player_choice":"Paid","floor":46,"damage_taken":0}],"is_beta":false,"boss_relics":[{"not_picked":["Ectoplasm","Lizard Tail"],"picked":"Sozu"},{"not_picked":["Snecko Eye","Eternal Feather"],"picked":"Runic Pyramid"}],"items_purged_floors":[],"is_endless":false,"potions_floor_spawned":[1,11,12,16,18,31,42,44,48],"killed_by":"Donu and Deca","ascension_level":6}