{"gold_per_floor":[113,113,63,63,83,83,99,113,140,157,157,174,191,203,203,298,298,318,228,241,57,70,70,70,86,110,110,127,127],"floor_reached":29,"playtime":1085,"items_purged":[],"score":221,"play_id":"2d844de4-a0b2-4e50-a0e6-174e5c964f1f","local_time":"20180628143648","is_ascension_mode":false,"campfire_choices":[{"data":"Zap","floor":6,"key":"SMITH"},{"data":"Ball Lightning","floor":15,"key":"SMITH"},{"floor":23,"key":"REST"}],"neow_cost":"TEN_PERCENT_HP_LOSS","seed_source_timestamp":69498350982279,"circlet_count":0,"master_deck":["Defend_B","Defend_B","Defend_B","Defend_B","Zap+1","Dualcast","Ball Lightning+1","Creative AI","Defragment","Apotheosis","Defragment"],"relics":["Cracked Core","Dream Catcher","Fusion Hammer","Omamori"],"potions_floor_usage":[16,16],"damage_taken":[{"damage":1,"enemies":"Jaw Worm","floor":1,"turns":4},{"damage":7,"enemies":"Small Slimes","floor":5,"turns":5},{"damage":0,"enemies":"Cultist","floor":7,"turns":3},{"damage":0,"enemies":"Blue Slaver","floor":8,"turns":3},{"damage":0,"enemies":"Looter","floor":10,"turns":2},{"damage":2,"enemies":"2 Fungi Beasts","floor":12,"turns":3},{"damage":0,"enemies":"Gremlin Gang","floor":13,"turns":3},{"damage":5,"enemies":"Exordium Thugs","floor":14,"turns":5},{"damage":27,"enemies":"Slime Boss","floor":16,"turns":8},{"damage":11,"enemies":"Spheric Guardian","floor":18,"turns":4},{"damage":23,"enemies":"2 Thieves","floor":19,"turns":5},{"damage":19,"enemies":"Centurion and Healer","floor":20,"turns":6},{"damage":19,"enemies":"Slaver and Parasite","floor":22,"turns":7},{"damage":24,"enemies":"Cultist and Chosen","floor":25,"turns":6},{"damage":0,"enemies":"Snecko","floor":28,"turns":9},{"damage":2,"enemies":"Sentry and Sphere","floor":29,"turns":2}],"seed_played":"-8409223221877565506","potions_obtained":[{"floor":1,"key":"FairyPotion"},{"floor":5,"key":"EssenceOfSteel"},{"floor":8,"key":"Weak Potion"},{"floor":20,"key":"Energy Potion"},{"floor":22,"key":"AttackPotion"}],"is_trial":false,"path_per_floor":["M","?","?","$","M","R","M","M","T","M","?","M","M","M","R","B",null,"M","M","M","$","M","R","?","M","T","?","M"],"character_chosen":"DEFECT","items_purchased":["Apotheosis"],"campfire_rested":1,"item_purchase_floors":[21],"current_hp_per_floor":[67,67,67,67,60,60,60,60,60,60,60,58,58,53,53,26,68,57,34,15,15,6,26,26,2,2,2,2,0],"gold":127,"neow_bonus":"REMOVE_TWO","is_prod":false,"is_daily":false,"chose_seed":false,"campfire_upgraded":2,"win_rate":0,"timestamp":1530207408,"path_taken":["M","?","?","$","M","R","M","M","T","M","?","?","M","M","R","BOSS","M","M","?","$","M","R","?","M","T","?","?","M"],"build_version":"2018-06-21v2","purchased_purges":0,"victory":false,"max_hp_per_floor":[68,68,68,68,68,68,68,68,68,68,68,68,68,68,68,68,68,68,68,68,68,68,68,68,68,68,68,68,68],"card_choices":[{"not_picked":["Consume","Coolheaded","Heatsinks"],"picked":"SKIP","floor":1},{"not_picked":["Reinforced Body","Conserve Battery","Force Field"],"picked":"SKIP","floor":5},{"not_picked":["Genetic Algorithm","Hologram"],"picked":"Ball Lightning","floor":7},{"not_picked":["Steam","Genetic Algorithm","Melter"],"picked":"SKIP","floor":8},{"not_picked":["Turbo","Conserve Battery","Stack"],"picked":"SKIP","floor":10},{"not_picked":["Barrage","Chill","Stack"],"picked":"SKIP","floor":12},{"not_picked":["Gash","Core Surge","Streamline"],"picked":"SKIP","floor":13},{"not_picked":["Sweeping Beam","Hologram","Redo"],"picked":"SKIP","floor":14},{"not_picked":["Multi-Cast","Machine Learning"],"picked":"Creative AI","floor":16},{"not_picked":["White Noise","Recycle","Reinforced Body"],"picked":"SKIP","floor":18},{"not_picked":["Beam Cell+1","Blizzard"],"picked":"Defragment","floor":19},{"not_picked":["Compile Driver","Ball Lightning","Conserve Battery"],"picked":"SKIP","floor":20},{"not_picked":["Sweeping Beam","Hologram","Streamline"],"picked":"SKIP","floor":22},{"not_picked":["Gash","Undo+1","Doom and Gloom+1"],"picked":"SKIP","floor":25},{"not_picked":["Compile Driver","Leap","Beam Cell"],"picked":"SKIP","floor":28}],"player_experience":168325,"relics_obtained":[{"floor":9,"key":"Dream Catcher"},{"floor":26,"key":"Omamori"}],"event_choices":[{"event_name":"Living Wall","player_choice":"Forget","floor":2,"damage_taken":0},{"event_name":"The Cleric","player_choice":"Card Removal","floor":3,"damage_taken":0},{"event_name":"Accursed Blacksmith","player_choice":"Ignore","floor":11,"damage_taken":0},{"event_name":"Duplicator","player_choice":"One dupe","floor":24,"damage_taken":0},{"event_name":"Ghosts","player_choice":"Ignored","floor":27,"damage_taken":0}],"boss_relics":[{"not_picked":["Ectoplasm","White Beast Statue"],"picked":"Fusion Hammer"}],"items_purged_floors":[],"is_endless":false,"potions_floor_spawned":[1,5,8,12,20,22],"killed_by":"Sentry and Sphere","ascension_level":0}