{"gold_per_floor":[112,112,2,15,290,290,23,23,23,23,43,43,55,86,86,86],"floor_reached":16,"playtime":446,"items_purged":["Regret","Regret"],"score":147,"play_id":"c4f078c4-cb9c-4574-a6be-be98fc1fd37b","local_time":"20181001142529","is_ascension_mode":true,"campfire_choices":[{"data":"Bash","floor":6,"key":"SMITH"},{"data":"Flex","floor":8,"key":"SMITH"},{"data":"Evolve","floor":10,"key":"SMITH"},{"data":"Reckless Charge","floor":15,"key":"SMITH"}],"neow_cost":"NONE","seed_source_timestamp":572498969562055,"circlet_count":0,"master_deck":["Strike_R+1","Strike_R","Strike_R","Strike_R","Defend_R","Defend_R","Defend_R","Defend_R","Bash+1","AscendersBane","Iron Wave+1","Evolve+1","Wild Strike","Flex+1","Dropkick","Wild Strike","Reckless Charge+1"],"relics":["Burning Blood","Boot","Anchor","Toxic Egg 2","Whetstone"],"potions_floor_usage":[13,16],"damage_taken":[{"damage":13,"enemies":"Jaw Worm","floor":1,"turns":4},{"damage":4,"enemies":"Small Slimes","floor":4,"turns":4},{"damage":1,"enemies":"Cultist","floor":11,"turns":3},{"damage":11,"enemies":"Exordium Thugs","floor":13,"turns":5},{"damage":20,"enemies":"Lagavulin","floor":14,"turns":6},{"damage":53,"enemies":"The Guardian","floor":16,"turns":9}],"seed_played":"-1752535897599366199","potions_obtained":[{"floor":4,"key":"Weak Potion"},{"floor":11,"key":"Fire Potion"}],"is_trial":false,"path_per_floor":["M","?","$","M","?","R","$","R","T","R","M","$","M","E","R"],"character_chosen":"IRONCLAD","items_purchased":["Evolve","Flex","Anchor"],"campfire_rested":0,"item_purchase_floors":[3,7,7],"current_hp_per_floor":[65,65,65,67,67,67,67,67,67,67,72,72,67,53,53,0],"gold":86,"neow_bonus":"TRANSFORM_CARD","is_prod":false,"is_daily":false,"chose_seed":false,"campfire_upgraded":4,"win_rate":0,"timestamp":1538400329,"path_taken":["M","?","?","?","?","R","$","R","T","R","M","?","M","E","R","BOSS"],"build_version":"2018-09-27","purchased_purges":2,"victory":false,"max_hp_per_floor":[80,80,80,80,80,80,80,80,80,80,80,80,80,80,80,80],"card_choices":[{"not_picked":["Perfected Strike","Sword Boomerang","Clash"],"picked":"SKIP","floor":1},{"not_picked":["Dropkick","Body Slam"],"picked":"Wild Strike","floor":4},{"not_picked":["Sword Boomerang","Wild Strike"],"picked":"Dropkick","floor":11},{"not_picked":["Reaper","Sword Boomerang"],"picked":"Wild Strike","floor":13},{"not_picked":["Iron Wave","Limit Break+1"],"picked":"Reckless Charge","floor":14}],"player_experience":438165,"relics_obtained":[{"floor":9,"key":"Toxic Egg 2"},{"floor":14,"key":"Whetstone"}],"event_choices":[{"event_name":"Big Fish","player_choice":"Box","floor":2,"damage_taken":0},{"event_name":"Golden Shrine","player_choice":"Desecrate","floor":5,"damage_taken":0}],"is_beta":false,"boss_relics":[],"items_purged_floors":[3,7],"is_endless":false,"potions_floor_spawned":[4,11],"killed_by":"The Guardian","ascension_level":10}