{"path_per_floor":["M","M","M","?","$","E","T","M","T","R","?","R","M","M","R","B",null,"M","M","M","?","M","R","?","?","T","R","E","R","M","M","R","B",null,"M","M","?","?","?","R","E","M","T","?","M","R","$","M","R","B"],"character_chosen":"IRONCLAD","items_purchased":["Limit Break","War Paint","Oddly Smooth Stone","Jack Of All Trades","Offering"],"gold_per_floor":[114,129,144,319,6,36,61,76,126,126,76,76,91,106,106,206,206,221,236,251,151,166,166,166,166,166,166,196,196,211,226,226,326,326,341,356,356,356,356,356,386,401,401,401,416,416,92,107,107,107],"floor_reached":51,"campfire_rested":1,"playtime":1856,"current_hp_per_floor":[80,80,80,80,80,56,56,42,42,42,42,42,48,46,46,52,80,80,80,80,80,77,77,62,62,62,62,42,42,45,40,40,46,85,85,70,70,70,70,70,50,39,39,39,37,37,37,39,64,67],"items_purged":[],"gold":107,"score":1004,"play_id":"f6eb83a0-5cc3-499f-98c7-21e2f8f6b7e4","local_time":"20180326014457","daily_mods":["Time Dilation","Lethality","Hoarder"],"is_prod":false,"is_daily":true,"is_ascension_mode":false,"campfire_upgraded":9,"timestamp":1522025097,"path_taken":["M","?","M","?","$","E","?","M","T","R","?","R","M","M","R","BOSS","M","M","M","?","M","R","?","?","T","R","E","R","M","M","R","BOSS","M","M","?","?","?","R","E","?","T","?","?","R","$","M","R","BOSS"],"build_version":"2018-03-22v2","purchased_purges":0,"victory":true,"master_deck":["Strike_R+1","Strike_R+1","Strike_R+1","Strike_R+1","Strike_R+1","Defend_R+1","Defend_R+1","Defend_R+1","Defend_R+1","Bash+1","Iron Wave","Iron Wave","Iron Wave+1","Armaments+1","Armaments+1","Armaments+1","Perfected Strike","Perfected Strike","Perfected Strike","Doubt","Doubt","Limit Break+1","Limit Break+1","Limit Break+1","Heavy Blade","Heavy Blade","Heavy Blade","Flex","Flex","Flex","Limit Break+1","Limit Break+1","Limit Break+1","Shrug It Off","Shrug It Off","Shrug It Off","J.A.X.","J.A.X.","Flex","Flex","Flex","Thunderclap","Thunderclap","Thunderclap","Limit Break","Limit Break","Limit Break","Clash","Clash","Clash","Flex","Flex","Flex","Armaments+1","Armaments+1","Armaments+1","Shrug It Off+1","Shrug It Off+1","Shrug It Off+1","Iron Wave+1","Iron Wave+1","Iron Wave+1","Flex+1","Flex+1","Flex+1","Jack Of All Trades","Jack Of All Trades","Jack Of All Trades","Offering","Offering","Offering"],"max_hp_per_floor":[80,80,80,80,80,80,80,80,80,80,80,80,80,80,80,80,80,80,80,80,80,80,80,85,85,85,85,85,85,85,85,85,85,85,85,85,85,85,85,85,85,85,85,85,85,85,85,85,85,85],"relics":["Burning Blood","War Paint","Matryoshka","Bag of Preparation","Ancient Tea Set","Happy Flower","Darkstone Periapt","Sozu","Prayer Wheel","Ornamental Fan","Philosopher\u0027s Stone","Toolbox","Ice Cream","Oddly Smooth Stone"],"card_choices":[{"not_picked":["Reckless Charge","Infernal Blade"],"picked":"Iron Wave","floor":1},{"not_picked":["Thunderclap","Shrug It Off"],"picked":"Armaments","floor":2},{"not_picked":["Rampage","Havoc"],"picked":"Perfected Strike","floor":3},{"not_picked":["Clothesline","Twin Strike"],"picked":"Heavy Blade","floor":13},{"not_picked":["Pommel Strike","Second Wind"],"picked":"Flex","floor":14},{"not_picked":["Reaper","Feed"],"picked":"Limit Break","floor":16},{"not_picked":["Body Slam","Headbutt"],"picked":"Shrug It Off","floor":18},{"not_picked":["Body Slam","Anger"],"picked":"Flex","floor":22},{"not_picked":["Pummel","Fire Breathing"],"picked":"Thunderclap","floor":28},{"not_picked":["Body Slam","Heavy Blade"],"picked":"Limit Break","floor":31},{"not_picked":["Combust","Thunderclap"],"picked":"Clash","floor":35},{"not_picked":["Body Slam","Flex"],"picked":"Shrug It Off","floor":41},{"not_picked":["Twin Strike","Searing Blow"],"picked":"Iron Wave","floor":42},{"not_picked":["Armaments","Anger"],"picked":"Flex","floor":43}],"player_experience":189082,"potions_floor_usage":[],"damage_taken":[{"damage":0,"enemies":"Cultist","floor":1,"turns":2},{"damage":0,"enemies":"Small Slimes","floor":2,"turns":3},{"damage":0,"enemies":"Jaw Worm","floor":3,"turns":3},{"damage":30,"enemies":"Gremlin Nob","floor":6,"turns":4},{"damage":20,"enemies":"3 Louse","floor":8,"turns":4},{"damage":0,"enemies":"2 Fungi Beasts","floor":13,"turns":2},{"damage":8,"enemies":"Large Slime","floor":14,"turns":3},{"damage":0,"enemies":"Slime Boss","floor":16,"turns":4},{"damage":0,"enemies":"Shell Parasite","floor":18,"turns":1},{"damage":0,"enemies":"Spheric Guardian","floor":19,"turns":1},{"damage":0,"enemies":"Centurion and Healer","floor":20,"turns":3},{"damage":9,"enemies":"3 Cultists","floor":22,"turns":3},{"damage":26,"enemies":"Slavers","floor":28,"turns":4},{"damage":3,"enemies":"Snake Plant","floor":30,"turns":2},{"damage":11,"enemies":"Snecko","floor":31,"turns":3},{"damage":0,"enemies":"Collector","floor":33,"turns":2},{"damage":3,"enemies":"Orb Walker","floor":35,"turns":2},{"damage":21,"enemies":"3 Shapes","floor":36,"turns":3},{"damage":26,"enemies":"2 Orb Walkers","floor":41,"turns":3},{"damage":17,"enemies":"3 Darklings","floor":42,"turns":3},{"damage":8,"enemies":"4 Shapes","floor":45,"turns":3},{"damage":4,"enemies":"Maw","floor":48,"turns":2},{"damage":3,"enemies":"Donu and Deca","floor":50,"turns":3}],"event_choices":[{"event_name":"Liars Game","player_choice":"agreed","floor":4,"damage_taken":0},{"event_name":"The Cleric","player_choice":"Card Removal","floor":11,"damage_taken":0},{"event_name":"Drug Dealer","player_choice":"Got JAXXED","floor":21,"damage_taken":0},{"event_name":"Forgotten Altar","player_choice":"Shed Blood","floor":24,"damage_taken":0},{"event_name":"Back to Basics","player_choice":"Simplicity","floor":25,"damage_taken":0},{"event_name":"The Lab","player_choice":"Got Potions","floor":37,"damage_taken":0},{"event_name":"Match and Keep!","player_choice":"1 cards matched","floor":38,"damage_taken":0},{"event_name":"Duplicator","player_choice":"One dupe","floor":39,"damage_taken":0},{"event_name":"Bonfire Elementals","player_choice":"SPECIAL","floor":44,"damage_taken":0}],"boss_relics":[{"not_picked":["Astrolabe","Question Card"],"picked":"Sozu"},{"not_picked":["Tiny House","Snecko Eye"],"picked":"Philosopher\u0027s Stone"}],"potions_floor_spawned":[1,3,6,20,22,35,42,48],"seed_played":"5744524933272245147","ascension_level":0,"is_trial":false}