{"gold_per_floor":[361,28,48,48,48,48,66,94,94,94,109,123,123,123],"floor_reached":14,"playtime":663,"items_purged":["Strike_B"],"score":113,"play_id":"1b9d79bc-2df7-40f1-a0a9-4b63d7f4fb53","local_time":"20180905134758","is_ascension_mode":true,"campfire_choices":[{"data":"Zap","floor":6,"key":"SMITH"},{"floor":10,"key":"REST"}],"neow_cost":"PERCENT_DAMAGE","seed_source_timestamp":181191861366798,"circlet_count":0,"master_deck":["Strike_B","Strike_B","Strike_B","Defend_B","Defend_B","Defend_B","Defend_B","Zap+1","Dualcast","Conserve Battery","Capacitor+1","Finesse","Regret","Fusion","Undo","Ball Lightning","Go for the Eyes"],"relics":["Cracked Core","Membership Card","Happy Flower","Bottled Tornado","Bottled Flame"],"potions_floor_usage":[12],"damage_taken":[{"damage":1,"enemies":"2 Louse","floor":1,"turns":2},{"damage":0,"enemies":"Cultist","floor":3,"turns":3},{"damage":3,"enemies":"Small Slimes","floor":7,"turns":3},{"damage":46,"enemies":"3 Sentries","floor":8,"turns":11},{"damage":4,"enemies":"Looter","floor":11,"turns":4},{"damage":13,"enemies":"3 Louse","floor":12,"turns":4},{"damage":9,"enemies":"Exordium Thugs","floor":14,"turns":5}],"seed_played":"-1251586816485909250","potions_obtained":[{"floor":1,"key":"SpeedPotion"},{"floor":8,"key":"Swift Potion"},{"floor":11,"key":"Weak Potion"}],"is_trial":false,"path_per_floor":["M","$","M","?","?","R","M","E","T","R","M","M","?"],"character_chosen":"DEFECT","items_purchased":["Membership Card","Capacitor","Finesse"],"campfire_rested":1,"item_purchase_floors":[2,2,2],"current_hp_per_floor":[53,53,53,53,53,53,50,4,4,26,22,9,9,0],"gold":123,"neow_bonus":"TWO_FIFTY_GOLD","is_prod":false,"is_daily":false,"chose_seed":false,"campfire_upgraded":1,"win_rate":0,"timestamp":1536151678,"path_taken":["M","$","M","?","?","R","M","E","T","R","M","?","?","M"],"build_version":"2018-08-30","purchased_purges":1,"victory":false,"max_hp_per_floor":[75,75,75,75,75,75,75,75,75,75,75,75,75,75],"card_choices":[{"not_picked":["Reprogram","Double Energy"],"picked":"Conserve Battery","floor":1},{"not_picked":["Aggregate","Force Field","Gash"],"picked":"SKIP","floor":3},{"not_picked":["Hologram","Double Energy"],"picked":"Fusion","floor":7},{"not_picked":["Compile Driver","Scrape"],"picked":"Undo","floor":8},{"not_picked":["Force Field","Rip and Tear"],"picked":"Ball Lightning","floor":11},{"not_picked":["Sunder","Redo"],"picked":"Go for the Eyes","floor":12}],"player_experience":319033,"relics_obtained":[{"floor":8,"key":"Bottled Tornado"},{"floor":9,"key":"Bottled Flame"}],"event_choices":[{"event_name":"Living Wall","player_choice":"Grow","floor":4,"damage_taken":0},{"event_name":"Big Fish","player_choice":"Box","floor":5,"damage_taken":0},{"event_name":"Liars Game","player_choice":"disagreed","floor":13,"damage_taken":0}],"is_beta":false,"boss_relics":[],"items_purged_floors":[2],"is_endless":false,"potions_floor_spawned":[1,8,11],"killed_by":"Exordium Thugs","ascension_level":5}