{"gold_per_floor":[118,118,118,118,134,147,147,165,165,165,190,115,132,149,149,249,249,264,277,277,202,217,217,233,2,2,2,15,26,55,72,72,173,173,184,201,247,260,272,300,318,349,372,392,392,392,425,439,439,439],"floor_reached":51,"playtime":3133,"items_purged":["Strike_B"],"score":755,"play_id":"b02759b7-318e-4dcc-b0e9-4f5aec5f47b2","local_time":"20180625184623","is_ascension_mode":false,"campfire_choices":[{"data":"Chill","floor":7,"key":"SMITH"},{"data":"Capacitor","floor":10,"key":"SMITH"},{"data":"White Noise","floor":15,"key":"SMITH"},{"data":"White Noise","floor":23,"key":"SMITH"},{"data":"Storm","floor":27,"key":"SMITH"},{"data":"Hello World","floor":32,"key":"SMITH"},{"data":"Reboot","floor":45,"key":"SMITH"},{"floor":49,"key":"DIG"}],"neow_cost":"NONE","seed_source_timestamp":287894716056758,"circlet_count":0,"master_deck":["Defend_B","Defend_B","Defend_B","Zap+1","Chill+1","Capacitor+1","White Noise+1","Ball Lightning","Melter","Reboot+1","Leap+1","Loop","White Noise+1","BootSequence","Storm+1","Steam+1","Heatsinks","Hello World+1","Electrodynamics","Go for the Eyes+1","Redo+1","Leap","Undo+1","Multi-Cast","Electrodynamics","Fission","Loop"],"relics":["Cracked Core","Bird Faced Urn","Mummified Hand","Vajra","Empty Cage","Bag of Preparation","Orichalcum","Ancient Tea Set","Coffee Dripper","Shovel","Strawberry","Girya","Omamori","Molten Egg 2","Prayer Wheel"],"potions_floor_usage":[16,28,28,33,40,50,50,50],"damage_taken":[{"damage":0,"enemies":"Small Slimes","floor":1,"turns":3},{"damage":1,"enemies":"Jaw Worm","floor":5,"turns":3},{"damage":1,"enemies":"2 Louse","floor":6,"turns":3},{"damage":8,"enemies":"Exordium Thugs","floor":8,"turns":3},{"damage":3,"enemies":"Looter","floor":13,"turns":3},{"damage":10,"enemies":"Blue Slaver","floor":14,"turns":3},{"damage":21,"enemies":"Hexaghost","floor":16,"turns":8},{"damage":8,"enemies":"3 Byrds","floor":18,"turns":5},{"damage":10,"enemies":"Shell Parasite","floor":19,"turns":3},{"damage":9,"enemies":"Snake Plant","floor":22,"turns":5},{"damage":7,"enemies":"Centurion and Healer","floor":24,"turns":8},{"damage":0,"enemies":"3 Cultists","floor":28,"turns":3},{"damage":3,"enemies":"Snecko","floor":29,"turns":6},{"damage":0,"enemies":"Book of Stabbing","floor":30,"turns":4},{"damage":0,"enemies":"Snake Plant","floor":31,"turns":3},{"damage":44,"enemies":"Automaton","floor":33,"turns":8},{"damage":0,"enemies":"Orb Walker","floor":35,"turns":3},{"damage":0,"enemies":"3 Darklings","floor":36,"turns":3},{"damage":0,"floor":37,"turns":3},{"damage":0,"enemies":"4 Shapes","floor":38,"turns":2},{"damage":0,"enemies":"Maw","floor":39,"turns":6},{"damage":27,"enemies":"Giant Head","floor":40,"turns":7},{"damage":0,"enemies":"Sphere and 2 Shapes","floor":41,"turns":3},{"damage":25,"enemies":"Nemesis","floor":42,"turns":7},{"damage":0,"enemies":"3 Darklings","floor":44,"turns":4},{"damage":35,"enemies":"Giant Head","floor":47,"turns":9},{"damage":0,"enemies":"Maw","floor":48,"turns":6},{"damage":35,"enemies":"Awakened One","floor":50,"turns":17}],"seed_played":"8324697921270979430","potions_obtained":[{"floor":5,"key":"Explosive Potion"},{"floor":6,"key":"SmokeBomb"},{"floor":8,"key":"EssenceOfSteel"},{"floor":22,"key":"Strength Potion"},{"floor":24,"key":"Explosive Potion"},{"floor":29,"key":"Energy Potion"},{"floor":30,"key":"Regen Potion"},{"floor":33,"key":"AttackPotion"},{"floor":37,"key":"Explosive Potion"},{"floor":40,"key":"SpeedPotion"},{"floor":47,"key":"FocusPotion"}],"is_trial":false,"path_per_floor":["M","?","?","?","M","M","R","M","T","R","T","$","M","M","R","B",null,"M","M","?","?","M","R","M","$","T","R","M","M","E","M","R","B",null,"M","M","?","M","M","E","M","E","T","M","R","?","E","M","R","B"],"character_chosen":"DEFECT","items_purchased":["Storm","Bag of Preparation"],"campfire_rested":0,"item_purchase_floors":[25,25],"current_hp_per_floor":[75,80,80,62,61,62,62,58,58,58,58,58,59,53,53,46,80,72,66,80,80,73,73,73,73,73,73,80,80,80,80,80,38,80,80,80,80,80,80,60,74,62,62,76,76,76,52,70,70,64],"gold":439,"neow_bonus":"UPGRADE_CARD","is_prod":false,"is_daily":false,"chose_seed":false,"campfire_upgraded":7,"win_rate":0,"timestamp":1529963183,"path_taken":["M","?","?","?","M","M","R","M","T","R","?","$","M","?","R","BOSS","M","M","?","?","M","R","M","$","T","R","M","M","E","?","R","BOSS","M","M","?","?","M","E","M","E","T","M","R","?","E","M","R","BOSS"],"build_version":"2018-06-21v2","purchased_purges":1,"victory":true,"max_hp_per_floor":[75,80,80,80,80,80,80,80,80,80,80,80,80,80,80,80,80,80,80,80,80,80,80,80,80,80,80,80,80,80,80,80,80,80,80,80,80,80,80,87,87,87,87,87,87,87,87,87,87,87],"card_choices":[{"not_picked":["Barrage","Fusion"],"picked":"Chill","floor":1},{"not_picked":["Leap","Streamline"],"picked":"Capacitor","floor":5},{"not_picked":["Cold Snap","Sweeping Beam"],"picked":"White Noise","floor":6},{"not_picked":["Reprogram","Blizzard","Cold Snap"],"picked":"SKIP","floor":8},{"not_picked":["Barrage","Hologram"],"picked":"Ball Lightning","floor":13},{"not_picked":["Lockon","Aggregate"],"picked":"Melter","floor":14},{"not_picked":["Echo Form","All For One"],"picked":"Reboot","floor":16},{"not_picked":["Stack+1","Cold Snap"],"picked":"Leap+1","floor":18},{"not_picked":["Ball Lightning","Hologram"],"picked":"Loop","floor":19},{"not_picked":["Compile Driver+1","Steam Power"],"picked":"White Noise","floor":22},{"not_picked":["Coolheaded","Scrape"],"picked":"BootSequence","floor":24},{"not_picked":["Barrage","Go for the Eyes"],"picked":"Steam+1","floor":28},{"not_picked":["Rebound","Beam Cell"],"picked":"Heatsinks","floor":29},{"not_picked":["Rainbow","Force Field+1"],"picked":"Hello World","floor":30},{"not_picked":["Hologram","Beam Cell","Gash"],"picked":"SKIP","floor":31},{"not_picked":["Rainbow","Fission"],"picked":"Electrodynamics","floor":33},{"not_picked":["Streamline+1","Lockon+1"],"picked":"Go for the Eyes+1","floor":35},{"not_picked":["Sweeping Beam+1","Reinforced Body+1"],"picked":"Redo+1","floor":36},{"not_picked":["Go for the Eyes+1","Hologram","Gash+1"],"picked":"SKIP","floor":38},{"not_picked":["Ball Lightning+1","Steam"],"picked":"Leap","floor":39},{"not_picked":["Static Discharge","Steam Power+1","Hologram+1"],"picked":"SKIP","floor":40},{"not_picked":["Compile Driver+1","Melter+1"],"picked":"Undo+1","floor":41},{"not_picked":["Glacier+1","Turbo+1"],"picked":"Multi-Cast","floor":42},{"not_picked":["Sunder","Coolheaded","Barrage"],"picked":"SKIP","floor":44},{"not_picked":["Sunder","Coolheaded","Barrage"],"picked":"SKIP","floor":44},{"not_picked":["Gash+1","Reprogram+1"],"picked":"Fission","floor":47},{"not_picked":["Barrage+1","Turbo+1"],"picked":"Loop","floor":48}],"player_experience":151032,"relics_obtained":[{"floor":9,"key":"Mummified Hand"},{"floor":11,"key":"Vajra"},{"floor":26,"key":"Orichalcum"},{"floor":30,"key":"Ancient Tea Set"},{"floor":37,"key":"Shovel"},{"floor":40,"key":"Strawberry"},{"floor":42,"key":"Girya"},{"floor":43,"key":"Omamori"},{"floor":47,"key":"Molten Egg 2"},{"floor":49,"key":"Prayer Wheel"}],"event_choices":[{"event_name":"Big Fish","player_choice":"Donut","floor":2,"damage_taken":0},{"event_name":"Bonfire Elementals","player_choice":"BASIC","floor":3,"damage_taken":0},{"event_name":"Scrap Ooze","player_choice":"success","floor":4,"damage_taken":18},{"event_name":"Wheel of Change","player_choice":"Full Heal","floor":20,"damage_taken":0},{"event_name":"Beggar","player_choice":"Gave Gold","floor":21,"damage_taken":0},{"event_name":"Mysterious Sphere","player_choice":"Fight","floor":37,"damage_taken":0},{"event_name":"Transmorgrifier","player_choice":"Transform","floor":46,"damage_taken":0}],"boss_relics":[{"not_picked":["Calling Bell","Velvet Choker"],"picked":"Empty Cage"},{"not_picked":["Inserter","Cursed Key"],"picked":"Coffee Dripper"}],"items_purged_floors":[12],"is_endless":false,"potions_floor_spawned":[5,6,8,22,24,29,30,33,37,40,44,47,48],"ascension_level":0}