{"gold_per_floor":[118,118,130,145,158,183,26,26,26,54,73,105,124,24,24,129,129,140,65,65,65,65,93,93,109,183,183,183],"floor_reached":28,"playtime":1596,"items_purged":["Strike_B","Strike_B"],"score":337,"play_id":"d98a0d16-4c35-4b22-855f-63f818f5bae6","local_time":"20190323211618","is_ascension_mode":true,"campfire_choices":[{"floor":8.0,"key":"REST"},{"floor":15.0,"key":"REST"},{"floor":24,"key":"RECALL"},{"floor":27,"key":"REST"}],"neow_cost":"NONE","seed_source_timestamp":0,"circlet_count":0,"master_deck":["Strike_B","Defend_B","Defend_B","Defend_B","Defend_B","Zap","Dualcast","Seek","Redo","Go for the Eyes","Core Surge","Auto Shields","Core Surge","Storm","Loop","Leap","Redo","Genetic Algorithm","Creative AI","Defragment","Conserve Battery","Capacitor"],"special_seed":0,"relics":["Cracked Core","Gremlin Horn","Thread and Needle","Symbiotic Virus","Ancient Tea Set","Philosopher\u0027s Stone","Shuriken","Kunai"],"potions_floor_usage":[23,28],"damage_taken":[{"damage":1.0,"enemies":"Cultist","floor":1.0,"turns":3.0},{"damage":7.0,"enemies":"Jaw Worm","floor":3.0,"turns":2.0},{"damage":7.0,"enemies":"Small Slimes","floor":4.0,"turns":2.0},{"damage":6.0,"enemies":"3 Louse","floor":5.0,"turns":2.0},{"damage":19.0,"enemies":"Lagavulin","floor":6.0,"turns":5.0},{"damage":19.0,"enemies":"Gremlin Nob","floor":10.0,"turns":5.0},{"damage":0.0,"enemies":"2 Fungi Beasts","floor":11.0,"turns":2.0},{"damage":14.0,"enemies":"3 Sentries","floor":12.0,"turns":4.0},{"damage":0.0,"enemies":"Exordium Thugs","floor":13.0,"turns":2.0},{"damage":0.0,"enemies":"The Guardian","floor":16.0,"turns":9.0},{"damage":10.0,"enemies":"Shell Parasite","floor":18.0,"turns":6.0},{"damage":24,"enemies":"Book of Stabbing","floor":23,"turns":5},{"damage":0,"enemies":"Chosen","floor":25,"turns":3},{"damage":57,"enemies":"Slavers","floor":28,"turns":3}],"seed_played":"5294923460891923386","potions_obtained":[{"floor":3.0,"key":"GamblersBrew"},{"floor":4.0,"key":"Fire Potion"},{"floor":10.0,"key":"LiquidBronze"},{"floor":12.0,"key":"Weak Potion"},{"floor":18.0,"key":"SteroidPotion"}],"is_trial":false,"path_per_floor":["M","T","M","M","M","E","$","R","T","E","M","E","M","$","R","B",null,"M","?","$","?","?","E","R","M","T","R","E"],"character_chosen":"DEFECT","items_purchased":["Storm"],"campfire_rested":3,"item_purchase_floors":[7],"current_hp_per_floor":[74,74,67,60,54,35,35,57,57,38,38,24,24,24,46,46,75,65,65,65,51,51,27,27,27,27,51,0],"gold":183,"neow_bonus":"ONE_RANDOM_RARE_CARD","is_prod":false,"is_daily":false,"chose_seed":false,"campfire_upgraded":0,"win_rate":0,"timestamp":1553386578,"path_taken":["M","?","?","M","M","E","$","R","T","E","M","E","M","?","R","BOSS","M","?","$","?","?","E","R","M","T","R","E"],"build_version":"2019-01-23","purchased_purges":2,"victory":false,"max_hp_per_floor":[75,75,75,75,75,75,75,75,75,75,75,75,75,75,75,75,75,75,75,75,80,80,80,80,80,80,80,80],"card_choices":[{"not_picked":["Rebound","Streamline"],"picked":"Redo","floor":1.0},{"not_picked":["Recycle","Hologram"],"picked":"Go for the Eyes","floor":3.0},{"not_picked":["Barrage","Compile Driver"],"picked":"Core Surge","floor":4.0},{"not_picked":["Glacier","Redo"],"picked":"Auto Shields","floor":5.0},{"not_picked":["Rebound","Steam"],"picked":"Core Surge","floor":6.0},{"not_picked":["Double Energy","Stack"],"picked":"Loop","floor":10.0},{"not_picked":["Undo","Stack"],"picked":"Leap","floor":11.0},{"not_picked":["Streamline","Aggregate"],"picked":"Redo","floor":12.0},{"not_picked":["Hologram","Coolheaded"],"picked":"Genetic Algorithm","floor":13.0},{"not_picked":["Seek","Hyperbeam"],"picked":"Creative AI","floor":16.0},{"not_picked":["Reinforced Body+1","Barrage","Hologram+1"],"picked":"SKIP","floor":18.0},{"not_picked":["Rebound+1","Hologram+1"],"picked":"Conserve Battery","floor":23},{"not_picked":["Steam","Sweeping Beam+1"],"picked":"Capacitor","floor":25}],"player_experience":310470,"relics_obtained":[{"floor":2.0,"key":"Gremlin Horn"},{"floor":6.0,"key":"Thread and Needle"},{"floor":10.0,"key":"Symbiotic Virus"},{"floor":12.0,"key":"Ancient Tea Set"},{"floor":23,"key":"Shuriken"},{"floor":26,"key":"Kunai"}],"event_choices":[{"cards_removed":["Strike_B"],"damage_healed":0.0,"max_hp_gain":0.0,"max_hp_loss":0.0,"gold_gain":0.0,"event_name":"Beggar","player_choice":"Gave Gold","floor":19.0,"gold_loss":75.0,"damage_taken":0.0},{"damage_healed":0.0,"max_hp_gain":5.0,"max_hp_loss":0.0,"gold_gain":0.0,"event_name":"Forgotten Altar","player_choice":"Shed Blood","floor":21.0,"gold_loss":0.0,"damage_taken":19.0},{"damage_healed":0.0,"max_hp_gain":0.0,"max_hp_loss":0.0,"gold_gain":0.0,"event_name":"The Library","player_choice":"Read","floor":22.0,"gold_loss":0.0,"damage_taken":0.0,"cards_obtained":["Defragment"]}],"is_beta":false,"boss_relics":[{"not_picked":["Runic Dome","Cursed Key"],"picked":"Philosopher\u0027s Stone"}],"items_purged_floors":[7,14],"is_endless":false,"potions_floor_spawned":[3,4,10,12,18],"killed_by":"Slavers","ascension_level":2}