{"gold_per_floor":[114,134,134,84,94,94,108,108,186,206,206,221,221,235,235,331,331,348,348,363,363,373,373,373,392,415,415,429,429,440,453,453,551,551,569,293,309,163,183,183,200,213,213,213,213,213,226,226,226,226],"floor_reached":51,"playtime":3309,"items_purged":["Rip and Tear","Coolheaded"],"score":620,"play_id":"e3b4b90c-fd34-4ae0-b962-fecbd4341a62","local_time":"20180626203748","is_ascension_mode":false,"campfire_choices":[{"data":"Darkness","floor":6,"key":"SMITH"},{"data":"Machine Learning","floor":8,"key":"SMITH"},{"floor":15,"key":"REST"},{"data":"Loop","floor":23,"key":"SMITH"},{"floor":27,"key":"REST"},{"data":"Multi-Cast","floor":29,"key":"SMITH"},{"data":"Glacier","floor":32,"key":"SMITH"},{"data":"Leap","floor":40,"key":"SMITH"},{"floor":44,"key":"REST"},{"floor":49,"key":"REST"}],"neow_cost":"TEN_PERCENT_HP_LOSS","seed_source_timestamp":380804897544850,"circlet_count":0,"master_deck":["Defend_B","Defend_B","Defend_B","Zap","Dualcast","Machine Learning+1","BootSequence","Darkness+1","Genetic Algorithm","Redo+1","Self Repair","Multi-Cast+1","Conserve Battery+1","Loop+1","Glacier+1","Hologram","Seek","Leap+1","Master of Strategy","Hologram+1","Leap+1","Madness","Madness","Leap+1"],"relics":["Cracked Core"],"potions_floor_usage":[16,33,33,39,50],"damage_taken":[{"damage":1,"enemies":"Cultist","floor":1,"turns":3},{"damage":3,"enemies":"Small Slimes","floor":2,"turns":3},{"damage":0,"enemies":"Jaw Worm","floor":5,"turns":3},{"damage":0,"enemies":"Looter","floor":7,"turns":2},{"damage":0,"enemies":"Large Slime","floor":10,"turns":4},{"damage":15,"enemies":"Exordium Thugs","floor":12,"turns":4},{"damage":0,"enemies":"2 Fungi Beasts","floor":14,"turns":3},{"damage":23,"enemies":"Hexaghost","floor":16,"turns":8},{"damage":5,"enemies":"Shell Parasite","floor":18,"turns":5},{"damage":15,"enemies":"Spheric Guardian","floor":20,"turns":4},{"damage":23,"enemies":"Centurion and Healer","floor":22,"turns":6},{"damage":10,"enemies":"Slaver and Parasite","floor":25,"turns":4},{"damage":3,"enemies":"3 Cultists","floor":28,"turns":5},{"damage":9,"enemies":"Centurion and Healer","floor":30,"turns":5},{"damage":0,"enemies":"Chosen and Byrds","floor":31,"turns":5},{"damage":32,"enemies":"Automaton","floor":33,"turns":7},{"damage":13,"enemies":"3 Darklings","floor":35,"turns":9},{"damage":25,"enemies":"Orb Walker","floor":37,"turns":7},{"damage":16,"enemies":"Maw","floor":39,"turns":6},{"damage":3,"enemies":"Sphere and 2 Shapes","floor":41,"turns":5},{"damage":3,"enemies":"3 Darklings","floor":42,"turns":7},{"damage":40,"enemies":"4 Shapes","floor":47,"turns":7},{"damage":24,"enemies":"Awakened One","floor":50,"turns":39}],"seed_played":"1909847038975476911","potions_obtained":[{"floor":2,"key":"SteroidPotion"},{"floor":7,"key":"Regen Potion"},{"floor":16,"key":"Energy Potion"},{"floor":20,"key":"Energy Potion"},{"floor":30,"key":"PowerPotion"},{"floor":39,"key":"FocusPotion"}],"is_trial":false,"path_per_floor":["M","M","?","?","M","R","M","R","T","M","?","M","?","M","R","B",null,"M","?","M","?","M","R","?","M","T","R","M","R","M","M","R","B",null,"M","$","M","$","M","R","M","M","T","R","?","?","M","?","R","B"],"character_chosen":"DEFECT","items_purchased":["Master of Strategy","Leap"],"campfire_rested":4,"item_purchase_floors":[36,38],"current_hp_per_floor":[67,64,57,57,57,57,57,57,57,57,57,42,42,42,62,46,68,68,68,60,60,44,44,32,29,29,50,54,54,52,52,52,42,73,67,67,49,49,40,40,44,48,48,69,60,60,27,27,48,31],"gold":226,"neow_bonus":"TRANSFORM_TWO_CARDS","is_prod":false,"is_daily":false,"chose_seed":false,"campfire_upgraded":6,"win_rate":0,"timestamp":1530056268,"path_taken":["M","M","?","?","M","R","M","R","T","M","?","M","?","M","R","BOSS","M","?","?","?","M","R","?","M","T","R","M","R","M","M","R","BOSS","M","$","?","$","M","R","M","M","T","R","?","?","M","?","R","BOSS"],"build_version":"2018-06-21v2","purchased_purges":2,"victory":true,"max_hp_per_floor":[68,68,68,68,68,68,68,68,68,68,68,68,68,68,68,68,68,68,68,68,68,68,68,73,73,73,73,73,73,73,73,73,73,73,73,73,73,73,73,73,73,73,73,73,73,73,73,73,73,73],"card_choices":[{"not_picked":["Streamline","Sunder"],"picked":"Coolheaded","floor":1},{"not_picked":["Force Field","Hologram"],"picked":"BootSequence","floor":2},{"not_picked":["Consume","All For One"],"picked":"Darkness","floor":5},{"not_picked":["Steam","Glacier"],"picked":"Genetic Algorithm","floor":7},{"not_picked":["Hello World","Recycle"],"picked":"Redo","floor":10},{"not_picked":["Turbo","Aggregate","Tempest"],"picked":"SKIP","floor":12},{"not_picked":["Turbo","Beam Cell"],"picked":"Self Repair","floor":14},{"not_picked":["Electrodynamics","Thunder Strike"],"picked":"Multi-Cast","floor":16},{"not_picked":["Hologram","Streamline"],"picked":"Conserve Battery+1","floor":18},{"not_picked":["Defragment","Go for the Eyes"],"picked":"Loop","floor":20},{"not_picked":["Coolheaded+1","Sweeping Beam","Barrage"],"picked":"SKIP","floor":22},{"not_picked":["Redo","Lockon","Barrage+1"],"picked":"SKIP","floor":25},{"not_picked":["Creative AI","Stack","Turbo"],"picked":"SKIP","floor":28},{"not_picked":["Leap","Cold Snap"],"picked":"Glacier","floor":30},{"not_picked":["Streamline","Self Repair"],"picked":"Hologram","floor":31},{"not_picked":["Electrodynamics","Biased Cognition"],"picked":"Seek","floor":33},{"not_picked":["Heatsinks","Compile Driver"],"picked":"Leap+1","floor":35},{"not_picked":["Hello World+1","Cold Snap+1"],"picked":"Hologram+1","floor":37},{"not_picked":["Turbo","Gash","Go for the Eyes"],"picked":"SKIP","floor":39},{"not_picked":["Gash+1","Go for the Eyes+1","Fission"],"picked":"SKIP","floor":41},{"not_picked":["Static Discharge","Melter+1"],"picked":"Chaos+1","floor":42},{"not_picked":["Doom and Gloom+1","Go for the Eyes","Ball Lightning+1"],"picked":"SKIP","floor":47}],"player_experience":162650,"relics_obtained":[],"event_choices":[{"event_name":"Golden Wing","player_choice":"Card Removal","floor":3,"damage_taken":0},{"event_name":"The Cleric","player_choice":"Card Removal","floor":4,"damage_taken":0},{"event_name":"Bonfire Elementals","player_choice":"BASIC","floor":11,"damage_taken":0},{"event_name":"Accursed Blacksmith","player_choice":"Forge","floor":13,"damage_taken":0},{"event_name":"Cursed Tome","player_choice":"Ignored","floor":19,"damage_taken":0},{"event_name":"Drug Dealer","player_choice":"Ignored","floor":21,"damage_taken":0},{"event_name":"Forgotten Altar","player_choice":"Shed Blood","floor":24,"damage_taken":0},{"event_name":"Winding Halls","player_choice":"Embrace Madness","floor":45,"damage_taken":0},{"event_name":"Duplicator","player_choice":"One dupe","floor":46,"damage_taken":0},{"event_name":"Wheel of Change","player_choice":"Card Removal","floor":48,"damage_taken":0}],"boss_relics":[{"not_picked":["Philosopher\u0027s Stone","Astrolabe","Black Star"]},{"not_picked":["Sozu","Coffee Dripper","White Beast Statue"]}],"items_purged_floors":[36,38],"is_endless":false,"potions_floor_spawned":[2,7,16,20,22,30,31,39],"ascension_level":0}