{"path_per_floor":["M","M","M","M","?","R","M","E","T","M","M","M","R","M","R","B",null,"M","?","$","M","?","R","M","E","T","E","M","M","R","M","R","B",null,"M","?","M","E","T","R","M","M","R","E","R"],"character_chosen":"THE_SILENT","items_purchased":["Kunai","Escape Plan"],"gold_per_floor":[111,121,133,146,146,146,165,199,254,266,285,298,298,311,311,416,416,404,319,2,17,17,17,27,55,101,126,140,155,155,173,173,274,274,293,293,311,146,220,220,232,242,242,272,272],"floor_reached":46,"campfire_rested":4,"playtime":5834,"current_hp_per_floor":[67,66,66,61,61,61,35,10,10,8,5,5,26,25,46,28,70,64,64,64,41,28,50,42,33,33,29,32,26,26,25,47,21,75,75,75,75,68,68,68,68,67,67,67,67],"items_purged":["Regret","Leg Sweep"],"gold":272,"score":575,"play_id":"a82907d5-c71b-4c3e-af68-b34f9e9ec665","local_time":"20180306212010","is_prod":false,"is_daily":false,"is_ascension_mode":true,"campfire_upgraded":6,"timestamp":1520371210,"path_taken":["M","?","M","M","?","R","M","E","T","M","M","M","R","M","R","BOSS","M","?","$","M","?","R","M","E","T","E","M","M","R","M","R","BOSS","M","?","?","?","?","R","$","E","T","R","M","?","R","E","R","BOSS"],"build_version":"2018-03-01-PROD1","purchased_purges":2,"victory":false,"master_deck":["Survivor","Neutralize+1","Dash","Calculated Gamble","Flechettes","Prepared","After Image+1","Leg Sweep","Dodge and Roll","Adrenaline","Leg Sweep","Quick Slash","Acrobatics+1","Crippling Poison","Endless Agony","Prepared","Poisoned Stab","Deadly Poison+1","Prepared","Footwork+1","Blur+1","Blade Dance","Dodge and Roll+1","Footwork+1","Endless Agony","Outmaneuver","Bullet Time+1","Acrobatics","Backflip+1","Escape Plan","Deadly Poison+1","Infinite Blades+1"],"max_hp_per_floor":[70,70,70,70,70,70,70,70,70,70,70,70,70,70,70,70,70,70,70,70,70,75,75,75,75,75,75,75,75,75,75,75,75,75,75,75,75,75,75,75,75,75,75,75,75],"relics":["Ring of the Snake","Matryoshka","Gambling Chip","Bag of Marbles","Bronze Scales","Pandora\u0027s Box","Vajra","Kunai","Dream Catcher","Anchor","War Paint","Ancient Tea Set","The Specimen","Tingsha","Shuriken","Ice Cream"],"card_choices":[{"not_picked":["Cloak And Dagger","Sucker Punch"],"picked":"Backflip"},{"not_picked":["Sucker Punch","Reflex"],"picked":"Dash"},{"not_picked":["Finisher","Acrobatics"],"picked":"Calculated Gamble"},{"not_picked":["Sucker Punch","Deflect"],"picked":"Flechettes"},{"not_picked":["Catalyst","Dagger Throw"],"picked":"Prepared"},{"not_picked":["Masterful Stab","Underhanded Strike"],"picked":"After Image"},{"not_picked":["Flying Knee","Dagger Throw"],"picked":"Leg Sweep"},{"not_picked":["Sucker Punch","Dagger Spray"],"picked":"Dodge and Roll"},{"not_picked":["Phantasmal Killer","Tools of the Trade"],"picked":"Adrenaline"},{"not_picked":["Acrobatics","Reflex"],"picked":"Footwork"},{"not_picked":["Infinite Blades","Calculated Gamble"],"picked":"Blur"},{"not_picked":["Flechettes","Tactician"],"picked":"Blade Dance"},{"not_picked":["Deflect","Bouncing Flask"],"picked":"Dodge and Roll"},{"not_picked":["Accuracy","Deadly Poison"],"picked":"Footwork"},{"not_picked":["Backflip","Caltrops"],"picked":"Endless Agony"},{"not_picked":["Dagger Throw","Slice"],"picked":"Outmaneuver"},{"not_picked":["Venomology","Adrenaline"],"picked":"Bullet Time"},{"not_picked":["Prepared","Underhanded Strike"],"picked":"Acrobatics"},{"not_picked":["Dagger Throw","Underhanded Strike"],"picked":"Backflip"},{"not_picked":["Prepared","Acrobatics"],"picked":"Deadly Poison"},{"not_picked":["Tools of the Trade","Deflect"],"picked":"Infinite Blades"}],"player_experience":149434,"potions_floor_usage":[46],"damage_taken":[{"damage":3.0,"enemies":"Cultist","floor":1.0,"turns":5.0},{"damage":1.0,"enemies":"2 Louse","floor":2.0,"turns":4.0},{"damage":0.0,"enemies":"Small Slimes","floor":3.0,"turns":3.0},{"damage":5.0,"enemies":"Red Slaver","floor":4.0,"turns":5.0},{"damage":26.0,"enemies":"Large Slime","floor":7.0,"turns":10.0},{"damage":25.0,"enemies":"3 Sentries","floor":8.0,"turns":11.0},{"damage":2.0,"enemies":"Exordium Wildlife","floor":10.0,"turns":6.0},{"damage":3.0,"enemies":"2 Fungi Beasts","floor":11.0,"turns":3.0},{"damage":0.0,"enemies":"Red Slaver","floor":12.0,"turns":5.0},{"damage":1.0,"enemies":"3 Louse","floor":14.0,"turns":5.0},{"damage":18.0,"enemies":"Hexaghost","floor":16.0,"turns":16.0},{"damage":6.0,"enemies":"2 Thieves","floor":18.0,"turns":4.0},{"damage":23.0,"enemies":"Chosen","floor":21.0,"turns":5.0},{"damage":8.0,"enemies":"Centurion and Healer","floor":24.0,"turns":7.0},{"damage":9.0,"enemies":"Slavers","floor":25.0,"turns":12.0},{"damage":4.0,"enemies":"Book of Stabbing","floor":27.0,"turns":7.0},{"damage":12.0,"enemies":"Chosen and Byrds","floor":28.0,"turns":10.0},{"damage":6.0,"enemies":"Snake Plant","floor":29.0,"turns":4.0},{"damage":1.0,"enemies":"Centurion and Healer","floor":31.0,"turns":7.0},{"damage":26.0,"enemies":"Collector","floor":33.0,"turns":14.0},{"damage":0.0,"enemies":"3 Darklings","floor":35.0,"turns":7.0},{"damage":0.0,"enemies":"Orb Walker","floor":37.0,"turns":4.0},{"damage":7.0,"enemies":"Mysterious Sphere","floor":38.0,"turns":7.0},{"damage":0,"enemies":"Nemesis","floor":38,"turns":11},{"damage":0,"enemies":"4 Shapes","floor":41,"turns":6},{"damage":1,"enemies":"3 Darklings","floor":42,"turns":7},{"damage":0,"enemies":"Giant Head","floor":44,"turns":10},{"damage":74,"enemies":"Time Eater","floor":46,"turns":12}],"event_choices":[{"event_name":"Big Fish","player_choice":"Box","floor":5.0,"damage_taken":0.0},{"event_name":"Addict","player_choice":"Obtained Relic","floor":19.0,"damage_taken":0.0},{"event_name":"Forgotten Altar","player_choice":"Shed Blood","floor":22.0,"damage_taken":0.0},{"event_name":"Mysterious Sphere","player_choice":"Fight","floor":38.0,"damage_taken":0.0},{"event_name":"Tomb of Lord Red Mask","player_choice":"Ignored","floor":38,"damage_taken":0}],"boss_relics":[],"potions_floor_spawned":[2,3,8,10,12,16,24,27,28,33,35,38,42],"seed_played":"8227892033892384936","killed_by":"Time Eater","ascension_level":3,"is_trial":false}