{"gold_per_floor":[16,91,266,266,276,289,289,303,385,399,49,82,82,100,100,199,199,210,210,230,29,49,75,91,91,91,1,1,18,35,35,35,136,136,148,148,248,261,261],"floor_reached":39,"playtime":2889,"items_purged":["Doubt"],"score":659,"play_id":"f2c60ee5-4129-4170-99d1-6196154dfa63","local_time":"20181105212404","is_ascension_mode":true,"campfire_choices":[{"floor":7,"key":"REST"},{"data":"Apotheosis","floor":13,"key":"SMITH"},{"data":"Gash","floor":15,"key":"SMITH"},{"floor":25,"key":"REST"},{"floor":32,"key":"REST"}],"neow_cost":"NO_GOLD","seed_source_timestamp":801189841460050,"circlet_count":0,"master_deck":["AscendersBane","Strike_B","Defend_B+1","Defend_B","Defend_B+1","Defend_B","Zap","Dualcast","Rebound","Barrage","Skim","Glacier","Cold Snap","Undo","Apotheosis+1","Scrape","Gash+1","Fission","Redo","Sweeping Beam","Gash","Hello World","Redo+1","Fusion","Metamorphosis","Gash","Biased Cognition","Go for the Eyes+1"],"relics":["Cracked Core","War Paint","Membership Card","Vajra","Fusion Hammer","Nunchaku","Dead Branch","Thread and Needle","Nloth\u0027s Gift","Cursed Key"],"potions_floor_usage":[6,10,12,12,23,28,33,33,36],"damage_taken":[{"damage":12,"enemies":"Small Slimes","floor":1,"turns":3},{"damage":0,"enemies":"2 Louse","floor":5,"turns":2},{"damage":7,"enemies":"Jaw Worm","floor":6,"turns":5},{"damage":0,"enemies":"Blue Slaver","floor":8,"turns":4},{"damage":23,"enemies":"Gremlin Gang","floor":10,"turns":7},{"damage":3,"enemies":"Lagavulin","floor":12,"turns":7},{"damage":0,"enemies":"Large Slime","floor":14,"turns":4},{"damage":3,"enemies":"Slime Boss","floor":16,"turns":9},{"damage":4,"enemies":"Shell Parasite","floor":18,"turns":4},{"damage":6,"enemies":"2 Thieves","floor":20,"turns":4},{"damage":21,"enemies":"Snecko","floor":22,"turns":6},{"damage":18,"enemies":"Gremlin Leader","floor":23,"turns":7},{"damage":5,"enemies":"Centurion and Healer","floor":24,"turns":6},{"damage":12,"enemies":"Book of Stabbing","floor":28,"turns":5},{"damage":0,"enemies":"Shelled Parasite and Fungi","floor":29,"turns":3},{"damage":18,"enemies":"Snecko","floor":30,"turns":7},{"damage":14,"enemies":"Champ","floor":33,"turns":12},{"damage":0,"enemies":"Orb Walker","floor":35,"turns":2},{"damage":26,"enemies":"3 Shapes","floor":36,"turns":3},{"damage":5,"enemies":"Jaw Worm Horde","floor":38,"turns":4},{"damage":35,"enemies":"Sphere and 2 Shapes","floor":39,"turns":3}],"seed_played":"5114871621981393808","potions_obtained":[{"floor":1,"key":"Regen Potion"},{"floor":6,"key":"Strength Potion"},{"floor":8,"key":"Regen Potion"},{"floor":12,"key":"Fruit Juice"},{"floor":20,"key":"FocusPotion"},{"floor":23,"key":"FearPotion"},{"floor":24,"key":"SmokeBomb"},{"floor":29,"key":"SpeedPotion"},{"floor":35,"key":"SmokeBomb"},{"floor":38,"key":"Strength Potion"}],"is_trial":false,"path_per_floor":["M","?","?","?","M","M","R","M","T","M","$","E","R","M","R","B",null,"M","?","M","$","M","E","M","R","T","$","E","M","M","?","R","B",null,"M","M","?","M","M"],"character_chosen":"DEFECT","items_purchased":["Membership Card","Apotheosis","Scrape","Gash","Hello World","Nunchaku","Metamorphosis"],"campfire_rested":3,"item_purchase_floors":[11,11,11,21,21,21,27],"current_hp_per_floor":[56,45,45,20,20,25,47,47,47,24,24,38,38,38,38,35,69,65,65,59,59,38,20,15,39,39,39,27,27,9,9,33,19,65,65,39,39,34,0],"gold":261,"neow_bonus":"TRANSFORM_TWO_CARDS","is_prod":false,"is_daily":false,"chose_seed":false,"campfire_upgraded":2,"win_rate":0,"timestamp":1541453044,"path_taken":["M","?","?","?","?","M","R","M","T","M","$","E","R","M","R","BOSS","M","?","M","$","M","E","M","R","T","$","E","M","?","?","R","BOSS","M","?","?","M","?"],"build_version":"2018-11-01","purchased_purges":1,"victory":false,"max_hp_per_floor":[75,75,75,75,75,75,75,75,75,75,75,80,80,80,80,80,80,80,80,80,80,80,80,80,80,80,80,80,80,80,80,80,80,80,80,80,80,80,80],"card_choices":[{"not_picked":["Compile Driver","Gash"],"picked":"Skim","floor":1},{"not_picked":["Go for the Eyes","Rebound"],"picked":"Glacier","floor":5},{"not_picked":["Streamline","Rebound"],"picked":"Cold Snap","floor":6},{"not_picked":["Multi-Cast","Turbo"],"picked":"Undo","floor":8},{"not_picked":["Hologram","Turbo","Sunder"],"picked":"SKIP","floor":10},{"not_picked":["Leap","Reinforced Body","Darkness"],"picked":"SKIP","floor":12},{"not_picked":["Recycle","Undo"],"picked":"Gash","floor":14},{"not_picked":["Seek","Rainbow"],"picked":"Fission","floor":16},{"not_picked":["Darkness","Sunder+1"],"picked":"Redo","floor":18},{"not_picked":["Streamline","Skim+1"],"picked":"Sweeping Beam","floor":20},{"not_picked":["Aggregate","Barrage"],"picked":"Redo+1","floor":22},{"not_picked":["Steam Power","Redo+1"],"picked":"Fusion","floor":23},{"not_picked":["Steam","Cold Snap","Ball Lightning+1"],"picked":"SKIP","floor":24},{"not_picked":["Streamline+1","Stack"],"picked":"Gash","floor":29},{"not_picked":["Streamline+1","Gash","Steam Power"],"picked":"SKIP","floor":30},{"not_picked":["Fission","Hyperbeam"],"picked":"Biased Cognition","floor":33},{"not_picked":["Blizzard","Streamline+1","Compile Driver"],"picked":"SKIP","floor":35},{"not_picked":["Turbo","Hologram"],"picked":"Go for the Eyes+1","floor":38}],"player_experience":492086,"relics_obtained":[{"floor":9,"key":"Tiny Chest"},{"floor":12,"key":"Vajra"},{"floor":23,"key":"Dead Branch"},{"floor":26,"key":"Thread and Needle"}],"event_choices":[{"damage_healed":0,"gold_gain":75,"player_choice":"Gather Gold","damage_taken":11,"max_hp_gain":0,"max_hp_loss":0,"event_name":"World of Goop","floor":2,"gold_loss":0},{"damage_healed":0,"gold_gain":175,"player_choice":"AGREE","damage_taken":0,"max_hp_gain":0,"max_hp_loss":0,"event_name":"Liars Game","floor":3,"gold_loss":0,"cards_obtained":["Doubt"]},{"damage_healed":0,"gold_gain":0,"player_choice":"Success","damage_taken":25,"relics_obtained":["War Paint"],"max_hp_gain":0,"max_hp_loss":0,"event_name":"Scrap Ooze","floor":4,"gold_loss":0},{"cards_removed":["Strike_B"],"damage_healed":0,"gold_gain":0,"player_choice":"Purged","damage_taken":0,"max_hp_gain":0,"max_hp_loss":0,"event_name":"Purifier","floor":19,"gold_loss":0},{"damage_healed":0,"gold_gain":0,"player_choice":"Traded Relic","damage_taken":0,"relics_obtained":["Nloth\u0027s Gift"],"max_hp_gain":0,"max_hp_loss":0,"event_name":"N\u0027loth","floor":31,"relics_lost":["Tiny Chest"],"gold_loss":0},{"damage_healed":0,"gold_gain":100,"player_choice":"Pray","damage_taken":0,"max_hp_gain":0,"max_hp_loss":0,"event_name":"Golden Shrine","floor":37,"gold_loss":0}],"is_beta":false,"boss_relics":[{"not_picked":["Ectoplasm","FrozenCore"],"picked":"Fusion Hammer"},{"not_picked":["Pandora\u0027s Box","Philosopher\u0027s Stone"],"picked":"Cursed Key"}],"items_purged_floors":[11],"is_endless":false,"potions_floor_spawned":[1,6,8,12,20,23,24,28,29,35,38],"killed_by":"Sphere and 2 Shapes","ascension_level":11}