{"gold_per_floor":[360,80,80,95,95,128,128,159,184,202,17,50,15,44,44,117,117,137,137,57,73,88,88,98,98,98,148,179,179,7,33,33,33],"floor_reached":33,"playtime":1649,"items_purged":["Strike_G","Regret","Injury"],"score":510,"play_id":"c3ff5259-7b5f-4177-b3f2-fcf8e3d6e2eb","local_time":"20181126234214","is_ascension_mode":true,"campfire_choices":[{"floor":7,"key":"RECALL"},{"floor":15,"key":"REST"},{"floor":23,"key":"REST"},{"data":"Terror","floor":29,"key":"SMITH"},{"data":"Well Laid Plans","floor":32,"key":"SMITH"}],"neow_cost":"PERCENT_DAMAGE","seed_source_timestamp":2625161189493040,"circlet_count":0,"master_deck":["AscendersBane","Defend_G+1","Defend_G+1","Defend_G+1","Defend_G+1","Defend_G+1","Strike_G+1","Strike_G+1","Strike_G+1","Strike_G+1","Survivor","Neutralize","Terror+1","Well Laid Plans+1","Backstab","Glass Knife","Leg Sweep","Backstab","All Out Attack","Malaise","Flying Knee","Clumsy","Flying Knee","Backflip+1","Sucker Punch+1","PiercingWail","Heel Hook"],"relics":["Ring of the Snake","Medical Kit","Anchor","Bottled Lightning","The Courier","Vajra","Regal Pillow","Calling Bell","Centennial Puzzle","Letter Opener","Tough Bandages","Mummified Hand","Thread and Needle","Bag of Marbles"],"potions_floor_usage":[8,21,33],"damage_taken":[{"damage":0,"enemies":"2 Louse","floor":1,"turns":4},{"damage":2,"enemies":"Jaw Worm","floor":4,"turns":3},{"damage":17,"enemies":"Lagavulin","floor":6,"turns":5},{"damage":9,"enemies":"3 Sentries","floor":8,"turns":16},{"damage":0,"enemies":"Cultist","floor":10,"turns":1},{"damage":2,"enemies":"Gremlin Nob","floor":12,"turns":3},{"damage":5,"enemies":"3 Sentries","floor":14,"turns":7},{"damage":21,"enemies":"Slime Boss","floor":16,"turns":14},{"damage":1,"enemies":"Chosen","floor":18,"turns":3},{"damage":16,"enemies":"3 Byrds","floor":21,"turns":4},{"damage":4,"enemies":"Shelled Parasite and Fungi","floor":22,"turns":7},{"damage":3,"enemies":"Snake Plant","floor":24,"turns":4},{"damage":17,"enemies":"Gremlin Leader","floor":28,"turns":4},{"damage":4,"enemies":"Book of Stabbing","floor":31,"turns":5},{"damage":64,"enemies":"Collector","floor":33,"turns":6}],"seed_played":"-5380233200911540167","potions_obtained":[{"floor":4,"key":"LiquidBronze"},{"floor":6,"key":"GhostInAJar"},{"floor":16,"key":"PowerPotion"},{"floor":21,"key":"LiquidBronze"},{"floor":22,"key":"Strength Potion"}],"is_trial":false,"path_per_floor":["M","$","?","M","?","E","R","E","T","M","$","E","?","E","R","B",null,"M","?","$","M","M","R","M","?","T","?","E","R","$","E","R","B"],"character_chosen":"THE_SILENT","items_purchased":["Well Laid Plans","Medical Kit","Malaise","PiercingWail","Heel Hook"],"campfire_rested":2,"item_purchase_floors":[2,2,11,30,30],"current_hp_per_floor":[45,45,42,40,40,23,23,14,14,14,14,12,29,24,60,39,62,61,48,48,32,28,65,62,62,62,62,45,45,45,41,41,0],"gold":33,"neow_bonus":"TWO_FIFTY_GOLD","is_prod":false,"is_daily":false,"chose_seed":false,"campfire_upgraded":2,"win_rate":0,"timestamp":1543275734,"path_taken":["M","$","?","M","?","E","R","E","T","?","$","E","?","E","R","BOSS","M","?","$","M","M","R","M","?","T","?","E","R","$","E","R","BOSS"],"build_version":"2018-11-15","purchased_purges":3,"victory":false,"max_hp_per_floor":[70,70,70,70,70,70,70,70,70,70,70,70,70,70,70,70,70,70,75,75,75,75,75,75,75,75,75,75,75,75,75,75,75],"card_choices":[{"not_picked":["PiercingWail","Caltrops"],"picked":"Terror","floor":1},{"not_picked":["Underhanded Strike","Bane"],"picked":"Backstab","floor":4},{"not_picked":["Dodge and Roll","Storm of Steel"],"picked":"Leg Sweep","floor":6},{"not_picked":["Eviscerate","Bouncing Flask"],"picked":"Backstab","floor":8},{"not_picked":["Setup","Expertise"],"picked":"All Out Attack","floor":10},{"not_picked":["Slice","Acrobatics"],"picked":"Flying Knee","floor":12},{"not_picked":["Slice","Dodge and Roll","Storm of Steel"],"picked":"SKIP","floor":14},{"not_picked":["Quick Slash","Bane"],"picked":"Flying Knee","floor":18},{"not_picked":["Cloak And Dagger","Noxious Fumes"],"picked":"Backflip+1","floor":21},{"not_picked":["Choke","Underhanded Strike"],"picked":"Sucker Punch+1","floor":22},{"not_picked":["Bane","Acrobatics","Dodge and Roll"],"picked":"SKIP","floor":24},{"not_picked":["Flying Knee","Outmaneuver","Deadly Poison"],"picked":"SKIP","floor":28},{"not_picked":["Deadly Poison","PiercingWail","Doppelganger"],"picked":"SKIP","floor":31}],"player_experience":519141,"relics_obtained":[{"floor":6,"key":"Bottled Lightning"},{"floor":8,"key":"The Courier"},{"floor":12,"key":"Vajra"},{"floor":14,"key":"Regal Pillow"},{"floor":17,"key":"Centennial Puzzle"},{"floor":17,"key":"Letter Opener"},{"floor":17,"key":"Tough Bandages"},{"floor":26,"key":"Mummified Hand"},{"floor":28,"key":"Thread and Needle"},{"floor":31,"key":"Bag of Marbles"}],"event_choices":[{"damage_healed":0,"gold_gain":0,"player_choice":"Success","damage_taken":3,"relics_obtained":["Anchor"],"max_hp_gain":0,"max_hp_loss":0,"event_name":"Scrap Ooze","floor":3,"gold_loss":0},{"damage_healed":0,"gold_gain":0,"player_choice":"1 cards matched","damage_taken":0,"max_hp_gain":0,"max_hp_loss":0,"event_name":"Match and Keep!","floor":5,"gold_loss":0,"cards_obtained":["Glass Knife"]},{"damage_healed":17,"gold_gain":0,"player_choice":"Healed","damage_taken":0,"max_hp_gain":0,"max_hp_loss":0,"event_name":"The Cleric","floor":13,"gold_loss":35},{"damage_healed":0,"gold_gain":0,"player_choice":"Shed Blood","damage_taken":18,"max_hp_gain":5,"max_hp_loss":0,"event_name":"Forgotten Altar","floor":19,"gold_loss":0},{"damage_healed":0,"gold_gain":0,"player_choice":"Simplicity","damage_taken":0,"max_hp_gain":0,"max_hp_loss":0,"event_name":"Back to Basics","floor":25,"gold_loss":0,"cards_upgraded":["Defend_G","Defend_G","Defend_G","Defend_G","Defend_G","Strike_G","Strike_G","Strike_G","Strike_G"]},{"damage_healed":0,"gold_gain":100,"player_choice":"Bet on Murderer","damage_taken":0,"max_hp_gain":0,"max_hp_loss":0,"event_name":"The Joust","floor":27,"gold_loss":50}],"is_beta":false,"boss_relics":[{"not_picked":["Philosopher\u0027s Stone","Snecko Eye"],"picked":"Calling Bell"}],"items_purged_floors":[11,20,30],"is_endless":false,"potions_floor_spawned":[4,6,16,21,22,24,31],"killed_by":"Collector","ascension_level":13}