{"gold_per_floor":[110,35,135,151,163,163,193,193,220,234,234,295,305,316,316,316],"floor_reached":16,"playtime":575,"items_purged":[],"score":224,"play_id":"49c864b5-3353-4025-bbae-2f45f1e15b40","local_time":"20190330130019","is_ascension_mode":true,"campfire_choices":[{"data":"Finisher","floor":6,"key":"SMITH"},{"data":"Leg Sweep","floor":8,"key":"SMITH"},{"data":"Envenom","floor":15,"key":"SMITH"}],"neow_cost":"NONE","seed_source_timestamp":492696800445772,"circlet_count":0,"master_deck":["AscendersBane","Defend_G","Defend_G","Defend_G","Defend_G","Defend_G","Strike_G+1","Strike_G","Strike_G","Strike_G","Survivor","Neutralize","Finisher+1","Backstab","Leg Sweep+1","Dash+1","Envenom+1","All Out Attack","Cloak And Dagger"],"relics":["Ring of the Snake","NeowsBlessing","Regal Pillow","Whetstone","Strawberry","Tiny Chest"],"potions_floor_usage":[7,16,16],"damage_taken":[{"damage":0,"enemies":"Jaw Worm","floor":1,"turns":1},{"damage":0,"enemies":"Cultist","floor":4,"turns":1},{"damage":0,"enemies":"2 Louse","floor":5,"turns":1},{"damage":24,"enemies":"Lagavulin","floor":7,"turns":6},{"damage":1,"enemies":"Lots of Slimes","floor":10,"turns":4},{"damage":23,"enemies":"Gremlin Nob","floor":12,"turns":5},{"damage":4,"enemies":"2 Fungi Beasts","floor":13,"turns":3},{"damage":0,"enemies":"Blue Slaver","floor":14,"turns":4},{"damage":17,"enemies":"Hexaghost","floor":16,"turns":9}],"seed_played":"2041344031402335711","potions_obtained":[{"floor":5,"key":"Fire Potion"},{"floor":7,"key":"Strength Potion"},{"floor":12,"key":"AttackPotion"},{"floor":13,"key":"Dexterity Potion"}],"is_trial":false,"path_per_floor":["M","?","?","M","M","R","E","R","T","M","?","E","M","M","R","B"],"character_chosen":"THE_SILENT","items_purchased":[],"campfire_rested":0,"item_purchase_floors":[],"current_hp_per_floor":[59,59,59,59,59,59,35,35,35,34,41,18,14,14,14,0],"gold":316,"neow_bonus":"THREE_ENEMY_KILL","is_prod":false,"is_daily":false,"chose_seed":false,"campfire_upgraded":3,"win_rate":0,"timestamp":1553943619,"path_taken":["M","?","?","M","?","R","E","R","T","?","?","E","M","M","R","BOSS"],"build_version":"2019-01-23","purchased_purges":0,"victory":false,"max_hp_per_floor":[66,66,66,66,66,66,66,66,66,66,73,73,73,73,73,73],"card_choices":[{"not_picked":["Deadly Poison","Choke"],"picked":"Finisher","floor":1},{"not_picked":["PiercingWail","Footwork"],"picked":"Backstab","floor":4},{"not_picked":["Infinite Blades","Flying Knee"],"picked":"Leg Sweep","floor":5},{"not_picked":["Prepared","Reflex"],"picked":"Dash","floor":7},{"not_picked":["Terror","Underhanded Strike"],"picked":"Envenom","floor":10},{"not_picked":["Catalyst","Deflect"],"picked":"All Out Attack","floor":12},{"not_picked":["Calculated Gamble","Acrobatics"],"picked":"Cloak And Dagger","floor":13},{"not_picked":["Slice","Flying Knee","Underhanded Strike"],"picked":"SKIP","floor":14}],"player_experience":1628349,"relics_obtained":[{"floor":7,"key":"Regal Pillow"},{"floor":9,"key":"Whetstone"},{"floor":12,"key":"Tiny Chest"}],"event_choices":[{"cards_removed":["Strike_G"],"damage_healed":0,"gold_gain":0,"player_choice":"Card Removal","damage_taken":0,"max_hp_gain":0,"max_hp_loss":0,"event_name":"The Cleric","floor":2,"gold_loss":75},{"damage_healed":0,"gold_gain":100,"player_choice":"Gold","damage_taken":0,"max_hp_gain":0,"max_hp_loss":0,"event_name":"Wheel of Change","floor":3,"gold_loss":0},{"damage_healed":0,"gold_gain":0,"player_choice":"Gave Potion","damage_taken":0,"relics_obtained":["Strawberry"],"max_hp_gain":0,"max_hp_loss":0,"event_name":"WeMeetAgain","floor":11,"gold_loss":0}],"is_beta":false,"boss_relics":[],"items_purged_floors":[],"is_endless":false,"potions_floor_spawned":[5,7,12,13],"killed_by":"Hexaghost","ascension_level":20}