{"gold_per_floor":[118,118,118,43,218,235,235,253,253,253,281,281,295,370,370,473,473,493,113,113,38,49,49,61,61,61,73,91,17,29,29,29,127,127,142,69,114,128,147,147,147,147,147,165,181,181,181,209,209,209],"floor_reached":50,"playtime":1888,"items_purged":["Strike_R","Strike_R"],"score":588,"play_id":"82e8f046-636b-460c-a4f9-d0dead54ebee","local_time":"20180905141956","is_ascension_mode":true,"campfire_choices":[{"data":"Bash","floor":10,"key":"SMITH"},{"data":"Flex","floor":12,"key":"SMITH"},{"floor":15,"key":"REST"},{"data":"Inflame","floor":23,"key":"SMITH"},{"data":"Infernal Blade","floor":25,"key":"SMITH"},{"data":"Metallicize","floor":32,"key":"SMITH"},{"data":"Fire Breathing","floor":40,"key":"SMITH"},{"data":"Iron Wave","floor":42,"key":"SMITH"},{"data":"Shrug It Off","floor":46,"key":"SMITH"},{"floor":49,"key":"REST"}],"neow_cost":"NONE","seed_source_timestamp":181883198059443,"circlet_count":0,"master_deck":["Strike_R+1","Strike_R+1","Defend_R","Defend_R","Defend_R","Bash+1","Offering","Flex+1","Iron Wave+1","Infernal Blade+1","Impervious","Inflame+1","Iron Wave+1","Carnage+1","Sword Boomerang+1","Heavy Blade+1","Metallicize+1","Thunderclap+1","Writhe","Fire Breathing+1","Dropkick+1","Shrug It Off+1","Clash+1","Armaments+1"],"relics":["Black Blood","Blue Candle","Molten Egg 2","Paper Frog","Busted Crown","Centennial Puzzle","Art of War","Gremlin Horn","Bird Faced Urn","Toxic Egg 2","StoneCalendar"],"potions_floor_usage":[16,16,16,33,45,50,50,50],"damage_taken":[{"damage":4,"enemies":"2 Louse","floor":1,"turns":3},{"damage":2,"enemies":"Cultist","floor":6,"turns":3},{"damage":0,"enemies":"Small Slimes","floor":8,"turns":3},{"damage":21,"enemies":"Lagavulin","floor":11,"turns":5},{"damage":6,"enemies":"3 Louse","floor":13,"turns":1},{"damage":43,"enemies":"The Guardian","floor":16,"turns":8},{"damage":8,"enemies":"2 Thieves","floor":18,"turns":4},{"damage":6,"enemies":"Chosen","floor":22,"turns":2},{"damage":6,"enemies":"Snecko","floor":24,"turns":3},{"damage":6,"enemies":"Centurion and Healer","floor":27,"turns":3},{"damage":6,"enemies":"Cultist and Chosen","floor":28,"turns":3},{"damage":0,"enemies":"Snake Plant","floor":30,"turns":2},{"damage":31,"enemies":"Collector","floor":33,"turns":4},{"damage":7,"enemies":"Orb Walker","floor":35,"turns":1},{"damage":21,"enemies":"Mysterious Sphere","floor":37,"turns":4},{"damage":25,"enemies":"3 Shapes","floor":38,"turns":3},{"damage":1,"enemies":"Reptomancer","floor":39,"turns":3},{"damage":21,"enemies":"4 Shapes","floor":44,"turns":3},{"damage":15,"enemies":"Sphere and 2 Shapes","floor":45,"turns":3},{"damage":46,"enemies":"2 Orb Walkers","floor":48,"turns":6},{"damage":79,"enemies":"Donu and Deca","floor":50,"turns":7}],"seed_played":"8633895714606792881","potions_obtained":[{"floor":6,"key":"SkillPotion"},{"floor":8,"key":"SpeedPotion"},{"floor":11,"key":"Fire Potion"},{"floor":18,"key":"Dexterity Potion"},{"floor":30,"key":"PowerPotion"},{"floor":33,"key":"SteroidPotion"},{"floor":35,"key":"Explosive Potion"},{"floor":45,"key":"Dexterity Potion"}],"is_trial":false,"path_per_floor":["M","?","?","$","?","M","?","M","T","R","E","R","M","?","R","B",null,"M","$","?","?","M","R","M","R","T","M","M","$","M","?","R","B",null,"M","$","?","M","M","R","?","R","T","M","M","R","?","E","R"],"character_chosen":"IRONCLAD","items_purchased":["Inflame","Iron Wave+1","Centennial Puzzle","Metallicize","Fire Breathing"],"campfire_rested":2,"item_purchase_floors":[19,19,19,29,36],"current_hp_per_floor":[80,80,64,64,64,68,61,67,67,67,52,52,52,41,65,28,67,65,65,65,65,65,65,65,65,65,68,68,68,74,74,74,49,75,78,78,67,58,71,71,71,71,71,66,66,66,66,34,58,0],"gold":209,"neow_bonus":"ONE_RANDOM_RARE_CARD","is_prod":false,"is_daily":false,"chose_seed":false,"campfire_upgraded":8,"win_rate":0,"timestamp":1536153596,"path_taken":["M","?","?","$","?","M","?","M","T","R","E","R","?","?","R","BOSS","M","$","?","?","M","R","M","R","T","?","?","$","M","?","R","BOSS","M","$","?","M","M","R","?","R","T","M","M","R","?","E","R","BOSS"],"build_version":"2018-08-30","purchased_purges":2,"victory":false,"max_hp_per_floor":[80,80,80,80,80,80,80,80,80,80,80,80,80,80,80,80,80,80,80,80,80,80,80,80,80,80,83,83,83,83,83,83,83,83,83,83,83,83,83,83,83,83,83,83,83,83,83,83,83,83],"card_choices":[{"not_picked":["Hemokinesis","Heavy Blade"],"picked":"Cleave","floor":1},{"not_picked":["Power Through","Warcry"],"picked":"Flex","floor":6},{"not_picked":["Anger","Body Slam"],"picked":"Iron Wave","floor":8},{"not_picked":["Body Slam+1","Dual Wield"],"picked":"Infernal Blade","floor":11},{"not_picked":["Burning Pact","Bloodletting","Combust"],"picked":"SKIP","floor":13},{"not_picked":["Berserk","Bludgeon+1"],"picked":"Impervious","floor":16},{"not_picked":["Dual Wield"],"picked":"SKIP","floor":18},{"not_picked":[],"picked":"Sword Boomerang+1","floor":22},{"not_picked":["Rupture"],"picked":"SKIP","floor":24},{"not_picked":["Dual Wield"],"picked":"SKIP","floor":27},{"not_picked":[],"picked":"Heavy Blade+1","floor":28},{"not_picked":[],"picked":"Thunderclap+1","floor":30},{"not_picked":["Headbutt+1"],"picked":"SKIP","floor":35},{"not_picked":[],"picked":"Dropkick+1","floor":37},{"not_picked":["Blood for Blood+1"],"picked":"SKIP","floor":38},{"not_picked":[],"picked":"Shrug It Off","floor":39},{"not_picked":[],"picked":"Clash+1","floor":44},{"not_picked":["Bloodletting+1"],"picked":"SKIP","floor":45},{"not_picked":[],"picked":"Armaments+1","floor":48}],"player_experience":319696,"relics_obtained":[{"floor":2,"key":"Blue Candle"},{"floor":9,"key":"Molten Egg 2"},{"floor":11,"key":"Paper Frog"},{"floor":26,"key":"Art of War"},{"floor":37,"key":"Bird Faced Urn"},{"floor":43,"key":"Toxic Egg 2"},{"floor":48,"key":"StoneCalendar"}],"event_choices":[{"event_name":"Wheel of Change","player_choice":"Relic","floor":2,"damage_taken":0},{"event_name":"Shining Light","player_choice":"Entered Light","floor":3,"damage_taken":0},{"event_name":"Liars Game","player_choice":"agreed","floor":5,"damage_taken":0},{"event_name":"Golden Wing","player_choice":"Card Removal","floor":7,"damage_taken":0},{"event_name":"World of Goop","player_choice":"Gather Gold","floor":14,"damage_taken":0},{"event_name":"Transmorgrifier","player_choice":"Transform","floor":20,"damage_taken":0},{"event_name":"Beggar","player_choice":"Gave Gold","floor":21,"damage_taken":0},{"event_name":"The Mausoleum","player_choice":"Yes","floor":31,"damage_taken":0},{"event_name":"Mysterious Sphere","player_choice":"Fight","floor":37,"damage_taken":0},{"event_name":"Falling","player_choice":"Removed Attack","floor":41,"damage_taken":0},{"event_name":"The Lab","player_choice":"Got Potions","floor":47,"damage_taken":0}],"is_beta":false,"boss_relics":[{"not_picked":["Runic Pyramid","Pandora\u0027s Box"],"picked":"Busted Crown"},{"not_picked":["Mark of Pain","Orrery"],"picked":"Black Blood"}],"items_purged_floors":[4,19],"is_endless":false,"potions_floor_spawned":[6,8,11,18,30,33,35,37,39,45,48],"killed_by":"Donu and Deca","ascension_level":5}