{"gold_per_floor":[116,66,66,66,77,77,88,103,103,103,103,28,38,50,50,155,155,169,44,58,58,58,58,58],"floor_reached":24,"playtime":700,"items_purged":["Pain"],"score":233,"play_id":"b09e0dca-e251-4599-98d7-35962b8b87e5","local_time":"20180907144400","is_ascension_mode":true,"campfire_choices":[{"data":"Loop","floor":6,"key":"SMITH"},{"data":"Fusion","floor":11,"key":"SMITH"},{"data":"Chaos","floor":15,"key":"SMITH"},{"data":"Genetic Algorithm","floor":23,"key":"SMITH"}],"neow_cost":"NONE","seed_source_timestamp":88104259178397,"circlet_count":0,"master_deck":["Strike_B","Strike_B","Defend_B","Defend_B","Defend_B+1","Zap","Dualcast+1","Conserve Battery","Conserve Battery","Loop+1","Fission","Fusion+1","Ball Lightning","Chaos+1","Electrodynamics","Biased Cognition+1","Rip and Tear+1","All For One+1","Genetic Algorithm+1"],"relics":["Runic Dome","WarpedTongs","Bottled Lightning","Astrolabe","Tiny Chest","Blue Candle","Mango"],"potions_floor_usage":[14],"damage_taken":[{"damage":7,"enemies":"Jaw Worm","floor":1,"turns":3},{"damage":6,"enemies":"Cultist","floor":5,"turns":5},{"damage":3,"enemies":"2 Louse","floor":7,"turns":4},{"damage":10,"enemies":"Blue Slaver","floor":8,"turns":4},{"damage":3,"enemies":"Exordium Wildlife","floor":13,"turns":4},{"damage":7,"enemies":"Gremlin Gang","floor":14,"turns":4},{"damage":21,"enemies":"Slime Boss","floor":16,"turns":6},{"damage":16,"enemies":"3 Byrds","floor":18,"turns":3},{"damage":0,"enemies":"Spheric Guardian","floor":20,"turns":3},{"damage":66,"enemies":"Book of Stabbing","floor":24,"turns":6}],"seed_played":"5923511266217206031","potions_obtained":[{"floor":1,"key":"Explosive Potion"},{"floor":13,"key":"Energy Potion"},{"floor":14,"key":"GamblersBrew"},{"floor":16,"key":"Dexterity Potion"}],"is_trial":false,"path_per_floor":["M","$","?","?","M","R","M","M","T","?","R","$","M","M","R","B",null,"M","$","M","T","T","R"],"character_chosen":"DEFECT","items_purchased":["Conserve Battery","Tiny Chest"],"campfire_rested":0,"item_purchase_floors":[2,19],"current_hp_per_floor":[68,68,68,53,47,47,44,34,34,59,59,59,56,49,49,28,63,47,47,47,47,61,61,0],"gold":58,"neow_bonus":"BOSS_RELIC","is_prod":false,"is_daily":false,"chose_seed":false,"campfire_upgraded":4,"win_rate":0,"timestamp":1536327840,"path_taken":["M","$","?","?","M","R","?","M","T","?","R","$","M","M","R","BOSS","M","$","?","?","?","R","E"],"build_version":"2018-09-06","purchased_purges":1,"victory":false,"max_hp_per_floor":[75,75,75,75,75,75,75,75,75,75,75,75,75,75,75,75,75,75,75,75,75,89,89,89],"card_choices":[{"not_picked":["Double Energy","Steam"],"picked":"Conserve Battery","floor":1},{"not_picked":["Barrage","Sunder"],"picked":"Loop","floor":5},{"not_picked":["Tempest","Capacitor"],"picked":"Fission","floor":7},{"not_picked":["Leap","Heatsinks"],"picked":"Fusion","floor":8},{"not_picked":["Skim","Reprogram"],"picked":"Ball Lightning","floor":13},{"not_picked":["Consume","Barrage"],"picked":"Chaos","floor":14},{"not_picked":["Creative AI","Multi-Cast"],"picked":"Electrodynamics","floor":16},{"not_picked":["Steam","Storm+1"],"picked":"Genetic Algorithm","floor":18},{"not_picked":["Sunder","Doom and Gloom","Compile Driver"],"picked":"SKIP","floor":20}],"player_experience":339710,"relics_obtained":[{"floor":9,"key":"Bottled Lightning"},{"floor":21,"key":"Blue Candle"},{"floor":22,"key":"Mango"}],"event_choices":[{"event_name":"Accursed Blacksmith","player_choice":"Rummage","floor":3,"damage_taken":0},{"event_name":"Shining Light","player_choice":"Entered Light","floor":4,"damage_taken":0},{"event_name":"Big Fish","player_choice":"Banana","floor":10,"damage_taken":0}],"is_beta":false,"boss_relics":[{"not_picked":["Coffee Dripper","Eternal Feather"],"picked":"Astrolabe"}],"items_purged_floors":[12],"is_endless":false,"potions_floor_spawned":[1,13,14,16,20],"killed_by":"Book of Stabbing","ascension_level":5}