{"gold_per_floor":[211,286,304,304,39,39,73,73,73,73,24,41,60,60,60,60],"floor_reached":16,"playtime":427,"items_purged":[],"score":142,"play_id":"5dbe437e-0d7f-4da4-b23d-cf188482e77e","local_time":"20180923021550","is_ascension_mode":true,"campfire_choices":[{"data":"Mayhem","floor":6,"key":"SMITH"},{"floor":8,"key":"REST"},{"data":"Loop","floor":10,"key":"SMITH"},{"floor":15,"key":"REST"}],"neow_cost":"NONE","seed_source_timestamp":719646264708629,"circlet_count":0,"master_deck":["Strike_B","Strike_B","Strike_B","Strike_B","Defend_B","Defend_B","Defend_B","Defend_B","Zap","Dualcast","Loop+1","Conserve Battery","Heatsinks","Mayhem+1","Self Repair","Gash","Gash"],"relics":["Cracked Core","Sundial","Dodecahedron","Singing Bowl","Golden Idol"],"potions_floor_usage":[7],"damage_taken":[{"damage":2,"enemies":"2 Louse","floor":1,"turns":2},{"damage":0,"enemies":"Small Slimes","floor":3,"turns":3},{"damage":33,"enemies":"3 Sentries","floor":7,"turns":9},{"damage":12,"enemies":"Jaw Worm","floor":12,"turns":4},{"damage":12,"enemies":"Blue Slaver","floor":13,"turns":4},{"damage":47,"enemies":"Slime Boss","floor":16,"turns":8}],"seed_played":"-1068354892250216200","potions_obtained":[{"floor":3,"key":"Block Potion"}],"is_trial":false,"path_per_floor":["M","?","M","?","$","R","E","R","T","R","$","M","M","?","R"],"character_chosen":"DEFECT","items_purchased":["Heatsinks","Mayhem","Gash"],"campfire_rested":2,"item_purchase_floors":[5,5,11],"current_hp_per_floor":[66,55,55,43,43,43,10,32,32,32,32,20,17,17,38,0],"gold":60,"neow_bonus":"HUNDRED_GOLD","is_prod":false,"is_daily":false,"chose_seed":false,"campfire_upgraded":2,"win_rate":0,"timestamp":1537665350,"path_taken":["M","?","M","?","$","R","E","R","T","R","?","M","?","?","R","BOSS"],"build_version":"2018-09-20","purchased_purges":0,"victory":false,"max_hp_per_floor":[75,75,75,75,75,75,75,75,75,75,75,75,77,71,71,71],"card_choices":[{"not_picked":["Hologram","Streamline"],"picked":"Loop","floor":1},{"not_picked":["Go for the Eyes","Coolheaded"],"picked":"Conserve Battery","floor":3},{"not_picked":["Auto Shields","Hello World"],"picked":"Self Repair","floor":7},{"not_picked":["Hologram","Steam"],"picked":"Gash","floor":12},{"not_picked":["Reinforced Body","Steam","Hyperbeam"],"picked":"Singing Bowl","floor":13}],"player_experience":411865,"relics_obtained":[{"floor":7,"key":"Dodecahedron"},{"floor":9,"key":"Singing Bowl"}],"event_choices":[{"event_name":"World of Goop","player_choice":"Gather Gold","floor":2,"damage_taken":0},{"event_name":"Scrap Ooze","player_choice":"success","floor":4,"damage_taken":12},{"event_name":"Golden Idol","player_choice":"Lose Max HP","floor":14,"damage_taken":0}],"is_beta":false,"boss_relics":[],"items_purged_floors":[],"is_endless":false,"potions_floor_spawned":[3],"killed_by":"Slime Boss","ascension_level":9}