{"gold_per_floor":[114,165,315,315,315,356,356,400,400,418,17,17,33,72,72,166,166,180,194,194,244,16,34,34,67,67,5,25,43,82,103,103,103],"floor_reached":33,"playtime":2393,"items_purged":["Doubt"],"score":706,"play_id":"3bad5cc7-3096-4ab5-b7b2-2672a3f9d97c","local_time":"20190326000520","is_ascension_mode":true,"campfire_choices":[{"data":"Spot Weakness","floor":7.0,"key":"SMITH"},{"data":"Flame Barrier","floor":12.0,"key":"SMITH"},{"data":"Evolve","floor":15.0,"key":"SMITH"},{"floor":24.0,"key":"REST"},{"data":"Limit Break","floor":32.0,"key":"SMITH"}],"neow_cost":"NONE","seed_source_timestamp":98705935215253,"circlet_count":0,"master_deck":["AscendersBane","Strike_R","Strike_R","Strike_R","Strike_R","Strike_R","Defend_R","Defend_R","Defend_R","Defend_R","Bash","Uppercut+1","Spot Weakness+1","Pummel","Anger","Flame Barrier+1","Dark Shackles","Inflame","Evolve+1","Reckless Charge","Limit Break+1","Sword Boomerang","Battle Trance","Heavy Blade","True Grit","Rage+1","Sword Boomerang","Double Tap","Pummel","Whirlwind"],"special_seed":0,"relics":["Burning Blood","NeowsBlessing","Dream Catcher","Golden Idol","Meat on the Bone","Blood Vial","Pear","Self Forming Clay","Lizard Tail","Enchiridion","Anchor","Prayer Wheel","StoneCalendar","Ornamental Fan","Paper Frog"],"potions_floor_usage":[],"damage_taken":[{"damage":0.0,"enemies":"Cultist","floor":1.0,"turns":1.0},{"damage":0.0,"enemies":"Gremlin Nob","floor":6.0,"turns":1.0},{"damage":0.0,"enemies":"3 Sentries","floor":8.0,"turns":2.0},{"damage":4.0,"enemies":"Jaw Worm","floor":10.0,"turns":3.0},{"damage":0.0,"enemies":"Small Slimes","floor":13.0,"turns":3.0},{"damage":15.0,"enemies":"Gremlin Nob","floor":14.0,"turns":4.0},{"damage":38.0,"enemies":"Hexaghost","floor":16.0,"turns":8.0},{"damage":41.0,"enemies":"Shell Parasite","floor":18.0,"turns":7.0},{"damage":20.0,"enemies":"3 Byrds","floor":19.0,"turns":7.0},{"damage":17.0,"enemies":"Shelled Parasite and Fungi","floor":23.0,"turns":5.0},{"damage":7.0,"enemies":"Gremlin Leader","floor":25.0,"turns":6.0},{"damage":64.0,"enemies":"3 Cultists","floor":28.0,"turns":7.0},{"damage":19.0,"enemies":"Snake Plant","floor":29.0,"turns":3.0},{"damage":47.0,"enemies":"Slavers","floor":30.0,"turns":7.0},{"damage":0.0,"enemies":"Centurion and Healer","floor":31.0,"turns":5.0},{"damage":71,"enemies":"Collector","floor":33,"turns":6}],"seed_played":"4433335749798295091","potions_obtained":[{"floor":1.0,"key":"Ancient Potion"},{"floor":14.0,"key":"SkillPotion"},{"floor":19.0,"key":"EssenceOfSteel"},{"floor":23.0,"key":"AttackPotion"},{"floor":28.0,"key":"AttackPotion"},{"floor":29.0,"key":"Fire Potion"}],"is_trial":false,"path_per_floor":["M","T","?","?","?","E","R","E","T","M","$","R","M","E","R","B",null,"M","M","?","?","$","M","R","E","T","?","M","M","E","M","R","B"],"character_chosen":"IRONCLAD","items_purchased":["Flame Barrier","Dark Shackles","Inflame","Fire Potion","Anchor","Block Potion"],"campfire_rested":1,"item_purchase_floors":[11,11,11,11,22,22],"current_hp_per_floor":[74,74,74,48,48,54,54,60,70,74,74,74,82,75,75,57,78,57,57,36,36,36,39,64,65,65,65,21,22,39,59,59,0],"gold":103,"neow_bonus":"THREE_ENEMY_KILL","is_prod":false,"is_daily":false,"chose_seed":false,"campfire_upgraded":4,"win_rate":0,"timestamp":1553551520,"path_taken":["M","?","?","?","?","E","R","E","T","M","$","R","M","E","R","BOSS","M","M","?","?","$","M","R","E","T","?","M","M","E","?","R","BOSS"],"build_version":"2019-01-23","purchased_purges":1,"victory":false,"max_hp_per_floor":[75,75,75,75,75,75,75,75,85,85,85,85,85,85,85,85,85,85,85,85,85,85,85,85,85,85,85,85,85,85,85,85,85],"card_choices":[{"not_picked":["Rampage","Flex"],"picked":"Uppercut","floor":1.0},{"not_picked":["Clothesline","Cleave"],"picked":"Spot Weakness","floor":6.0},{"not_picked":["Thunderclap","Perfected Strike"],"picked":"Pummel","floor":8.0},{"not_picked":["Warcry","Wild Strike"],"picked":"Anger","floor":10.0},{"not_picked":["Entrench","Clothesline"],"picked":"Evolve","floor":13.0},{"not_picked":["Sentinel","Blood for Blood"],"picked":"Reckless Charge","floor":14.0},{"not_picked":["Double Tap","Demon Form"],"picked":"Limit Break","floor":16.0},{"not_picked":["Burning Pact","True Grit"],"picked":"Sword Boomerang","floor":18.0},{"not_picked":["Headbutt","Sword Boomerang"],"picked":"Battle Trance","floor":19.0},{"not_picked":["Headbutt","Armaments"],"picked":"Heavy Blade","floor":23.0},{"not_picked":["Flex","Fire Breathing"],"picked":"True Grit","floor":25.0},{"not_picked":["Dropkick","Clothesline"],"picked":"Rage+1","floor":28.0},{"not_picked":["Carnage","Evolve"],"picked":"Sword Boomerang","floor":28.0},{"not_picked":["Iron Wave","Uppercut"],"picked":"Double Tap","floor":29.0},{"not_picked":["Iron Wave+1","Anger","Perfected Strike"],"picked":"SKIP","floor":29.0},{"not_picked":["Havoc","Corruption"],"picked":"Pummel","floor":30.0},{"not_picked":["Twin Strike+1","Armaments"],"picked":"Whirlwind","floor":31.0},{"not_picked":["Perfected Strike","Twin Strike","Pummel"],"picked":"SKIP","floor":31.0}],"player_experience":1609343,"relics_obtained":[{"floor":2.0,"key":"Dream Catcher"},{"floor":6.0,"key":"Meat on the Bone"},{"floor":8.0,"key":"Blood Vial"},{"floor":9.0,"key":"Pear"},{"floor":14.0,"key":"Self Forming Clay"},{"floor":20.0,"key":"Enchiridion"},{"floor":25.0,"key":"Prayer Wheel"},{"floor":26.0,"key":"StoneCalendar"},{"floor":30.0,"key":"Paper Frog"}],"event_choices":[{"damage_healed":0.0,"max_hp_gain":0.0,"max_hp_loss":0.0,"gold_gain":150.0,"event_name":"Liars Game","player_choice":"AGREE","floor":3.0,"gold_loss":0.0,"damage_taken":0.0,"cards_obtained":["Doubt"]},{"damage_healed":0.0,"max_hp_gain":0.0,"max_hp_loss":0.0,"gold_gain":0.0,"event_name":"Golden Idol","player_choice":"Take Damage","floor":4.0,"gold_loss":0.0,"damage_taken":26.0,"relics_obtained":["Golden Idol"]},{"damage_healed":0.0,"max_hp_gain":0.0,"max_hp_loss":0.0,"gold_gain":0.0,"event_name":"Living Wall","player_choice":"Grow","floor":5.0,"gold_loss":0.0,"damage_taken":0.0,"cards_upgraded":["Uppercut"]},{"damage_healed":0.0,"max_hp_gain":0.0,"max_hp_loss":0.0,"gold_gain":0.0,"event_name":"Cursed Tome","player_choice":"Obtained Book","floor":20.0,"gold_loss":0.0,"damage_taken":21.0},{"damage_healed":0.0,"max_hp_gain":0.0,"max_hp_loss":0.0,"gold_gain":50.0,"event_name":"Nest","player_choice":"Stole From Cult","floor":21.0,"gold_loss":0.0,"damage_taken":0.0},{"damage_healed":0.0,"max_hp_gain":0.0,"max_hp_loss":0.0,"gold_gain":0.0,"event_name":"WeMeetAgain","player_choice":"Paid Gold","floor":27.0,"gold_loss":62.0,"damage_taken":0.0,"relics_obtained":["Ornamental Fan"]}],"is_beta":false,"boss_relics":[{"not_picked":["Runic Cube","Busted Crown"],"picked":"Lizard Tail"}],"items_purged_floors":[11],"is_endless":false,"potions_floor_spawned":[1,14,19,23,28,29],"killed_by":"Collector","ascension_level":20}