{"gold_per_floor":[118,118,135,147,147,174,188,211,238,273,283,248,264,295,295,393,393,410,410,429,389,406,434,445,472,472,472,501,501,501,528,528,629,629,644,644,659,143,161,186,186,186],"floor_reached":42,"playtime":4222,"items_purged":["Normality"],"score":741,"play_id":"4bb05d95-ac37-499e-b33f-42300fa88e80","local_time":"20181213223804","is_ascension_mode":true,"campfire_choices":[{"floor":15,"key":"RECALL"},{"data":"Seek","floor":29,"key":"SMITH"},{"floor":32,"key":"REST"},{"floor":41,"key":"REST"}],"neow_cost":"PERCENT_DAMAGE","seed_source_timestamp":125682247688900,"circlet_count":0,"master_deck":["Defend_B+1","Defend_B+1","Defend_B+1","Defend_B+1","Zap","Dualcast","Ball Lightning","Genetic Algorithm","Streamline","Glacier","Conserve Battery+1","Ball Lightning","Self Repair","Melter","Compile Driver","Seek+1","Static Discharge+1","Bite","Bite+1","Bite+1","Bite","Bite","Streamline+1","Cold Snap+1","All For One","Self Repair","Sweeping Beam+1","Tempest","Writhe","Genetic Algorithm","Machine Learning","Pain","Normality","Ball Lightning+1","Zap","Creative AI","Melter+1","Secret Weapon","Defragment+1","Melter+1"],"relics":["Cracked Core","Thread and Needle","Lantern","DataDisk","FossilizedHelix","Bag of Marbles","Sozu","Whetstone","Molten Egg 2","Sundial","Smiling Mask","Matryoshka","The Courier","Calling Bell","Vajra","Singing Bowl","Gambling Chip","Mummified Hand","Bronze Scales","Darkstone Periapt"],"potions_floor_usage":[10,16,23,24],"damage_taken":[{"damage":0,"enemies":"Small Slimes","floor":1,"turns":3},{"damage":1,"enemies":"2 Louse","floor":3,"turns":2},{"damage":2,"enemies":"Cultist","floor":4,"turns":3},{"damage":13,"enemies":"Lagavulin","floor":6,"turns":5},{"damage":5,"enemies":"Exordium Thugs","floor":7,"turns":4},{"damage":6,"enemies":"3 Sentries","floor":10,"turns":6},{"damage":0,"enemies":"3 Louse","floor":11,"turns":3},{"damage":0,"enemies":"2 Fungi Beasts","floor":13,"turns":3},{"damage":0,"enemies":"Lagavulin","floor":14,"turns":4},{"damage":0,"enemies":"The Guardian","floor":16,"turns":9},{"damage":10,"enemies":"3 Byrds","floor":18,"turns":4},{"damage":0,"enemies":"Spheric Guardian","floor":20,"turns":2},{"damage":0,"enemies":"Snake Plant","floor":22,"turns":4},{"damage":14,"enemies":"Book of Stabbing","floor":23,"turns":5},{"damage":0,"enemies":"Centurion and Healer","floor":24,"turns":3},{"damage":6,"enemies":"Slavers","floor":25,"turns":7},{"damage":14,"enemies":"Gremlin Leader","floor":28,"turns":8},{"damage":45,"enemies":"Slavers","floor":31,"turns":6},{"damage":86,"enemies":"Collector","floor":33,"turns":12},{"damage":0,"enemies":"3 Shapes","floor":35,"turns":2},{"damage":36,"enemies":"3 Darklings","floor":37,"turns":4},{"damage":14,"enemies":"Maw","floor":39,"turns":7},{"damage":67,"enemies":"Reptomancer","floor":40,"turns":6},{"damage":49,"enemies":"Spire Growth","floor":42,"turns":3}],"seed_played":"-4697889924832090277","potions_obtained":[{"floor":3,"key":"FocusPotion"},{"floor":7,"key":"SpeedPotion"},{"floor":10,"key":"Explosive Potion"},{"floor":14,"key":"SkillPotion"}],"is_trial":false,"path_per_floor":["M","?","M","M","?","E","M","T","T","E","M","?","M","E","R","B",null,"M","?","M","?","M","E","M","E","T","?","E","R","?","E","R","B",null,"M","?","M","$","M","E","R","M"],"character_chosen":"DEFECT","items_purchased":["Mummified Hand","Bronze Scales","Secret Weapon"],"campfire_rested":2,"item_purchase_floors":[38,38,38],"current_hp_per_floor":[54,54,53,51,51,38,35,35,35,31,33,51,60,69,69,75,75,72,72,75,75,75,75,75,72,72,72,75,75,75,55,75,13,75,75,75,42,42,69,24,46,0],"gold":186,"neow_bonus":"ONE_RARE_RELIC","is_prod":false,"is_daily":false,"chose_seed":false,"campfire_upgraded":1,"win_rate":0,"timestamp":1544747884,"path_taken":["M","?","M","M","?","E","?","?","T","E","M","?","M","E","R","BOSS","M","?","M","?","?","E","M","E","T","?","E","R","?","E","R","BOSS","M","?","?","$","M","E","R","M"],"build_version":"2018-12-06","purchased_purges":1,"victory":false,"max_hp_per_floor":[75,75,75,75,75,75,75,75,75,75,75,75,75,75,75,75,75,75,75,75,75,75,75,75,75,75,75,75,75,75,75,75,75,75,75,75,75,75,75,75,75,75],"card_choices":[{"not_picked":["Leap","Gash"],"picked":"Ball Lightning","floor":1},{"not_picked":["Hello World","Stack"],"picked":"Genetic Algorithm","floor":3},{"not_picked":["Coolheaded","Go for the Eyes"],"picked":"Streamline","floor":4},{"not_picked":["Scrape","Blizzard"],"picked":"Glacier","floor":6},{"not_picked":["Coolheaded","Turbo"],"picked":"Conserve Battery","floor":7},{"not_picked":["Compile Driver","Biased Cognition"],"picked":"Ball Lightning","floor":10},{"not_picked":["Beam Cell","Streamline"],"picked":"Self Repair","floor":11},{"not_picked":["Chaos","Conserve Battery"],"picked":"Melter","floor":13},{"not_picked":["Redo","Stack"],"picked":"Compile Driver","floor":14},{"not_picked":["Multi-Cast","Amplify"],"picked":"Seek","floor":16},{"not_picked":["Conserve Battery","Turbo"],"picked":"Static Discharge+1","floor":18},{"not_picked":["Sweeping Beam","Hologram"],"picked":"Streamline+1","floor":20},{"not_picked":["Leap","Force Field+1"],"picked":"Cold Snap","floor":22},{"not_picked":["Leap","Double Energy"],"picked":"All For One","floor":23},{"not_picked":["Beam Cell","Aggregate"],"picked":"Self Repair","floor":24},{"not_picked":["Scrape+1","Streamline"],"picked":"Sweeping Beam","floor":25},{"not_picked":["Heatsinks","Compile Driver+1"],"picked":"Tempest","floor":28},{"not_picked":["Storm","Turbo"],"picked":"Genetic Algorithm","floor":31},{"not_picked":["Biased Cognition","Hyperbeam+1"],"picked":"Machine Learning","floor":33},{"not_picked":["Double Energy+1","Glacier+1"],"picked":"Ball Lightning+1","floor":35},{"not_picked":["Stack+1","Beam Cell+1"],"picked":"Melter+1","floor":37},{"not_picked":["Steam","Reinforced Body+1"],"picked":"Defragment+1","floor":39},{"not_picked":["Reboot","Loop+1"],"picked":"Melter+1","floor":40}],"player_experience":252001,"relics_obtained":[{"floor":6,"key":"Blood Vial"},{"floor":9,"key":"DataDisk"},{"floor":10,"key":"FossilizedHelix"},{"floor":14,"key":"Bag of Marbles"},{"floor":23,"key":"Whetstone"},{"floor":25,"key":"Molten Egg 2"},{"floor":26,"key":"Sundial"},{"floor":28,"key":"Smiling Mask"},{"floor":31,"key":"The Courier"},{"floor":34,"key":"Vajra"},{"floor":34,"key":"Singing Bowl"},{"floor":34,"key":"Gambling Chip"},{"floor":40,"key":"Darkstone Periapt"}],"event_choices":[{"damage_healed":0,"gold_gain":0,"player_choice":"Box","damage_taken":0,"relics_obtained":["Lantern"],"max_hp_gain":0,"max_hp_loss":0,"event_name":"Big Fish","floor":2,"gold_loss":0,"cards_obtained":["Regret"]},{"cards_removed":["Regret"],"damage_healed":0,"gold_gain":0,"player_choice":"Card Removal","damage_taken":0,"max_hp_gain":0,"max_hp_loss":0,"event_name":"Wheel of Change","floor":5,"gold_loss":0},{"damage_healed":18,"gold_gain":0,"player_choice":"Healed","damage_taken":0,"max_hp_gain":0,"max_hp_loss":0,"event_name":"The Cleric","floor":12,"gold_loss":35},{"damage_healed":0,"gold_gain":0,"player_choice":"Became a vampire (Vial)","damage_taken":0,"max_hp_gain":0,"max_hp_loss":0,"event_name":"Vampires","floor":19,"relics_lost":["Blood Vial"],"gold_loss":0,"cards_obtained":["Bite","Bite","Bite","Bite","Bite"]},{"damage_healed":0,"gold_gain":0,"player_choice":"Upgraded Two","damage_taken":0,"max_hp_gain":0,"max_hp_loss":0,"event_name":"Designer","floor":21,"gold_loss":40,"cards_upgraded":["Conserve Battery","Bite"]},{"damage_healed":0,"gold_gain":0,"player_choice":"Simplicity","damage_taken":0,"max_hp_gain":0,"max_hp_loss":0,"event_name":"Back to Basics","floor":27,"gold_loss":0,"cards_upgraded":["Defend_B","Defend_B","Defend_B","Defend_B"]},{"damage_healed":0,"gold_gain":0,"player_choice":"Opened","damage_taken":0,"relics_obtained":["Matryoshka"],"max_hp_gain":0,"max_hp_loss":0,"event_name":"The Mausoleum","floor":30,"gold_loss":0,"cards_obtained":["Writhe"]},{"damage_healed":0,"gold_gain":0,"player_choice":"2 cards matched","damage_taken":0,"max_hp_gain":0,"max_hp_loss":0,"event_name":"Match and Keep!","floor":36,"gold_loss":0,"cards_obtained":["Zap","Creative AI"]}],"is_beta":false,"boss_relics":[{"not_picked":["Empty Cage","Coffee Dripper"],"picked":"Sozu"},{"not_picked":["Astrolabe","Black Star"],"picked":"Calling Bell"}],"items_purged_floors":[38],"is_endless":false,"potions_floor_spawned":[3,7,10,14,18,20,28,31,33,39],"killed_by":"Spire Growth","ascension_level":3}