{"gold_per_floor":[116,116,66,66,86,114,126,160,160,171,200,220,220,236,236,332,332,346,359,459,475,488,514,514,545,545,545,269,285,297,58,58,159,159,171,181,81,101,101,135,135,0,0,0,35,84,84,109,109,109,109,109,34,68,68],"floor_reached":55,"playtime":2529,"items_purged":["Strike_R","Defend_R"],"score":790,"play_id":"01be9c7b-ab95-4936-a49f-7bae7facef78","local_time":"20190317163422","is_ascension_mode":false,"campfire_choices":[{"data":"Searing Blow","floor":13,"key":"SMITH"},{"data":"Searing Blow+1","floor":15,"key":"SMITH"},{"data":"Searing Blow+2","floor":24,"key":"SMITH"},{"data":"Searing Blow+3","floor":27,"key":"SMITH"},{"data":"Demon Form","floor":32,"key":"SMITH"},{"floor":41,"key":"REST"},{"floor":44,"key":"RECALL"},{"floor":49,"key":"REST"},{"data":"Heavy Blade","floor":52,"key":"SMITH"}],"neow_cost":"TEN_PERCENT_HP_LOSS","seed_source_timestamp":319546649331496,"circlet_count":0,"master_deck":["Strike_R","Defend_R","Defend_R","Bash","Warcry","Ghostly Armor","Clothesline","Ghostly Armor","Shockwave","Searing Blow+4","Double Tap","Armaments","Demon Form+1","Feel No Pain","Inflame+1","Heavy Blade+1","Dark Shackles","Limit Break+1","Purity","Heavy Blade+1","Seeing Red+1"],"relics":["Burning Blood","Omamori","Pocketwatch","Question Card","Ornamental Fan","Regal Pillow","Velvet Choker","Strawberry","Lantern","ClockworkSouvenir","Anchor","Busted Crown","Frozen Egg 2","Red Mask","Bird Faced Urn","Juzu Bracelet","Smiling Mask","Bag of Preparation","Charon\u0027s Ashes"],"potions_floor_usage":[21,23,40,40,54,55,55],"damage_taken":[{"damage":0,"enemies":"2 Louse","floor":1,"turns":3},{"damage":0,"enemies":"Jaw Worm","floor":5,"turns":3},{"damage":21,"enemies":"Gremlin Nob","floor":6,"turns":5},{"damage":0,"enemies":"Cultist","floor":7,"turns":3},{"damage":5,"enemies":"3 Sentries","floor":8,"turns":10},{"damage":0,"enemies":"Blue Slaver","floor":10,"turns":4},{"damage":15,"enemies":"Lagavulin","floor":11,"turns":7},{"damage":3,"enemies":"2 Fungi Beasts","floor":12,"turns":5},{"damage":4,"enemies":"Red Slaver","floor":14,"turns":4},{"damage":37,"enemies":"Hexaghost","floor":16,"turns":9},{"damage":0,"enemies":"Chosen","floor":18,"turns":4},{"damage":13,"enemies":"Spheric Guardian","floor":19,"turns":4},{"damage":16,"enemies":"Snake Plant","floor":21,"turns":5},{"damage":1,"enemies":"Snecko","floor":22,"turns":4},{"damage":12,"enemies":"Gremlin Leader","floor":23,"turns":7},{"damage":21,"enemies":"Book of Stabbing","floor":25,"turns":6},{"damage":5,"enemies":"Sentry and Sphere","floor":29,"turns":6},{"damage":16,"enemies":"Cultist and Chosen","floor":30,"turns":4},{"damage":19,"enemies":"Collector","floor":33,"turns":6},{"damage":32,"enemies":"3 Darklings","floor":35,"turns":7},{"damage":0,"enemies":"Orb Walker","floor":36,"turns":4},{"damage":21,"enemies":"Transient","floor":38,"turns":5},{"damage":42,"enemies":"Reptomancer","floor":40,"turns":6},{"damage":28,"enemies":"Nemesis","floor":45,"turns":5},{"damage":17,"enemies":"Giant Head","floor":48,"turns":5},{"damage":58,"enemies":"Awakened One","floor":50,"turns":7},{"damage":51,"enemies":"Shield and Spear","floor":54,"turns":5},{"damage":40,"enemies":"The Heart","floor":55,"turns":5}],"seed_played":"3000152402188085034","potions_obtained":[{"floor":7,"key":"Dexterity Potion"},{"floor":10,"key":"Fire Potion"},{"floor":11,"key":"GamblersBrew"},{"floor":14,"key":"BloodPotion"},{"floor":22,"key":"SkillPotion"},{"floor":29,"key":"FearPotion"},{"floor":45,"key":"SkillPotion"},{"floor":54,"key":"Strength Potion"}],"is_trial":false,"path_per_floor":["M","?","?","?","M","E","M","E","T","M","E","M","R","M","R","B",null,"M","M","?","M","M","E","R","E","T","R","$","M","M","$","R","B",null,"M","M","$","M","?","E","R","?","T","R","E","T","?","E","R","B",null,"R","$","E","B"],"character_chosen":"IRONCLAD","items_purchased":["ClockworkSouvenir","Anchor","Dark Shackles","LiquidBronze"],"campfire_rested":2,"item_purchase_floors":[28,31,31,53],"current_hp_per_floor":[72,72,72,60,66,51,57,58,58,64,55,58,58,60,60,29,72,72,65,65,62,67,68,68,53,53,53,53,54,44,44,44,31,79,53,59,59,44,44,8,46,46,46,46,30,30,30,25,63,15,79,79,79,34,0],"gold":68,"neow_bonus":"TRANSFORM_TWO_CARDS","is_prod":false,"is_daily":false,"chose_seed":false,"campfire_upgraded":6,"win_rate":0,"timestamp":1552854862,"path_taken":["M","?","?","?","M","E","M","E","T","M","E","M","R","M","R","BOSS","M","M","?","M","M","E","R","E","T","R","$","M","M","?","R","BOSS","M","M","$","M","?","E","R","?","T","R","E","?","?","E","R","BOSS","R","$","E","BOSS"],"build_version":"2019-01-23","purchased_purges":2,"victory":false,"max_hp_per_floor":[72,72,72,72,72,72,72,72,72,72,72,72,72,72,72,72,72,72,72,72,72,72,79,79,79,79,79,79,79,79,79,79,79,79,79,79,79,79,79,79,79,79,79,79,79,79,79,79,79,79,79,79,79,79,79],"card_choices":[{"not_picked":["Cleave","Perfected Strike"],"picked":"Clothesline","floor":1},{"not_picked":["Warcry","Power Through"],"picked":"Ghostly Armor","floor":5},{"not_picked":["Heavy Blade","Thunderclap"],"picked":"Shockwave","floor":6},{"not_picked":["Evolve","Pummel"],"picked":"Searing Blow","floor":7},{"not_picked":["Pummel","Inflame"],"picked":"Double Tap","floor":8},{"not_picked":["Clash","Warcry","Twin Strike"],"picked":"Armaments","floor":10},{"not_picked":["Disarm","True Grit","Havoc","Clash"],"picked":"SKIP","floor":11},{"not_picked":["Perfected Strike","Dual Wield","Thunderclap","Seeing Red"],"picked":"SKIP","floor":12},{"not_picked":["Metallicize","Battle Trance","Perfected Strike","Searing Blow"],"picked":"SKIP","floor":14},{"not_picked":["Offering","Dark Embrace","Fiend Fire"],"picked":"Demon Form","floor":16},{"not_picked":["Armaments","Twin Strike","Uppercut","Warcry"],"picked":"SKIP","floor":18},{"not_picked":["Pommel Strike+1","Metallicize","Havoc","Sword Boomerang"],"picked":"SKIP","floor":19},{"not_picked":["Twin Strike","Heavy Blade","Disarm+1","Havoc+1"],"picked":"SKIP","floor":21},{"not_picked":["Sentinel","Clothesline","Sword Boomerang","Havoc"],"picked":"SKIP","floor":22},{"not_picked":["Shockwave","Entrench","Clothesline"],"picked":"Feel No Pain","floor":23},{"not_picked":["Reaper","Evolve","Body Slam"],"picked":"Inflame+1","floor":25},{"not_picked":["Rupture","Twin Strike","Sword Boomerang"],"picked":"Heavy Blade","floor":29},{"not_picked":["Flex","Pommel Strike+1","Searing Blow+1","Rupture"],"picked":"SKIP","floor":30},{"not_picked":["Demon Form","Double Tap","Impervious"],"picked":"Limit Break","floor":33},{"not_picked":["Anger+1","Fire Breathing+1"],"picked":"SKIP","floor":35},{"not_picked":["Metallicize","Wild Strike+1"],"picked":"SKIP","floor":36},{"not_picked":["Intimidate","Blood for Blood+1"],"picked":"SKIP","floor":38},{"not_picked":["HandOfGreed"],"picked":"Purity","floor":39},{"not_picked":["Wild Strike+1","Clothesline"],"picked":"SKIP","floor":40},{"not_picked":["Pommel Strike","Sentinel+1"],"picked":"SKIP","floor":45},{"not_picked":["Warcry"],"picked":"Heavy Blade+1","floor":48},{"not_picked":["Body Slam+1"],"picked":"Seeing Red+1","floor":54}],"player_experience":312891,"relics_obtained":[{"floor":6,"key":"Pocketwatch"},{"floor":8,"key":"Question Card"},{"floor":9,"key":"Ornamental Fan"},{"floor":11,"key":"Regal Pillow"},{"floor":23,"key":"Strawberry"},{"floor":25,"key":"Lantern"},{"floor":40,"key":"Frozen Egg 2"},{"floor":43,"key":"Bird Faced Urn"},{"floor":45,"key":"Juzu Bracelet"},{"floor":46,"key":"Smiling Mask"},{"floor":48,"key":"Bag of Preparation"},{"floor":54,"key":"Charon\u0027s Ashes"}],"event_choices":[{"cards_removed":["Defend_R"],"damage_healed":0,"gold_gain":0,"player_choice":"Forget","damage_taken":0,"max_hp_gain":0,"max_hp_loss":0,"event_name":"Living Wall","floor":2,"gold_loss":0},{"cards_removed":["Strike_R"],"damage_healed":0,"gold_gain":0,"player_choice":"Card Removal","damage_taken":0,"max_hp_gain":0,"max_hp_loss":0,"event_name":"The Cleric","floor":3,"gold_loss":50},{"damage_healed":0,"gold_gain":0,"player_choice":"Success","damage_taken":12,"relics_obtained":["Omamori"],"max_hp_gain":0,"max_hp_loss":0,"event_name":"Scrap Ooze","floor":4,"gold_loss":0},{"damage_healed":0,"gold_gain":100,"player_choice":"Pray","damage_taken":0,"max_hp_gain":0,"max_hp_loss":0,"event_name":"Golden Shrine","floor":20,"gold_loss":0},{"damage_healed":0,"gold_gain":0,"player_choice":"Memory 1","damage_taken":0,"max_hp_gain":0,"max_hp_loss":0,"event_name":"SensoryStone","floor":39,"gold_loss":0},{"damage_healed":0,"gold_gain":0,"player_choice":"Paid","damage_taken":0,"relics_obtained":["Red Mask"],"max_hp_gain":0,"max_hp_loss":0,"event_name":"Tomb of Lord Red Mask","floor":42,"gold_loss":135},{"damage_healed":0,"gold_gain":0,"player_choice":"Upgraded","damage_taken":0,"max_hp_gain":0,"max_hp_loss":0,"event_name":"Upgrade Shrine","floor":47,"gold_loss":0,"cards_upgraded":["Limit Break"]}],"is_beta":false,"boss_relics":[{"not_picked":["Philosopher\u0027s Stone","Runic Dome"],"picked":"Velvet Choker"},{"not_picked":["Black Blood","Empty Cage"],"picked":"Busted Crown"}],"items_purged_floors":[28,37],"is_endless":false,"potions_floor_spawned":[7,10,11,14,18,22,29,30,38,45,54],"killed_by":"The Heart","ascension_level":0}