{"gold_per_floor":[114,45,63,82,157,157,173,190,190,204,204,220,220,235,235,339,339,321,341,352,372,372,372,391,403,427,150,167,167,167,185,185,284,284,303,303,303,11,11,11,27,27,27,27,0,25,25,25,25,25],"floor_reached":51,"playtime":4268,"items_purged":["Strike_G"],"score":671,"play_id":"eafaa6ea-968c-4a14-aa3d-61b3a6fca159","local_time":"20190318000650","is_ascension_mode":false,"campfire_choices":[{"data":"Footwork","floor":11,"key":"SMITH"},{"data":"Neutralize","floor":13,"key":"SMITH"},{"data":"Leg Sweep","floor":15,"key":"SMITH"},{"data":"Deadly Poison","floor":23,"key":"SMITH"},{"floor":29,"key":"REST"},{"floor":32,"key":"REST"},{"data":"Discovery","floor":40,"key":"SMITH"},{"data":"A Thousand Cuts","floor":49,"key":"SMITH"}],"neow_cost":"NONE","seed_source_timestamp":16127611668394,"circlet_count":0,"master_deck":["Defend_G+1","Defend_G+1","Defend_G+1","Defend_G+1","Strike_G+1","Strike_G+1","Strike_G+1","Strike_G+1","Survivor","Neutralize+1","Distraction","Footwork+1","Deflect","Terror","Deadly Poison+1","Backflip","Predator","Infinite Blades","Leg Sweep+1","Tools of the Trade","Deadly Poison+1","Outmaneuver+1","Choke+1","Dodge and Roll+1","Underhanded Strike","Underhanded Strike","Acrobatics","Poisoned Stab+1","Poisoned Stab+1","A Thousand Cuts+1","Dagger Spray+1","Bandage Up","Discovery+1","Good Instincts","Dash+1","Leg Sweep"],"relics":["Ring of the Snake","Regal Pillow","Bottled Tornado","Snecko Eye","Omamori","Oddly Smooth Stone","Velvet Choker","Du-Vu Doll","FaceOfCleric","Ornamental Fan","Red Mask","The Courier"],"potions_floor_usage":[12,16,33,33,41,41],"damage_taken":[{"damage":0,"enemies":"2 Louse","floor":1,"turns":3},{"damage":2,"enemies":"Jaw Worm","floor":3,"turns":6},{"damage":0,"enemies":"Cultist","floor":4,"turns":5},{"damage":0,"enemies":"Looter","floor":7,"turns":5},{"damage":0,"enemies":"Lots of Slimes","floor":8,"turns":1},{"damage":7,"enemies":"Blue Slaver","floor":10,"turns":4},{"damage":0,"enemies":"Looter","floor":12,"turns":4},{"damage":0,"enemies":"Exordium Wildlife","floor":14,"turns":5},{"damage":1,"enemies":"Slime Boss","floor":16,"turns":12},{"damage":5,"enemies":"2 Thieves","floor":18,"turns":4},{"damage":0,"enemies":"Chosen","floor":19,"turns":4},{"damage":0,"enemies":"Snecko","floor":20,"turns":5},{"damage":0,"enemies":"Chosen and Byrds","floor":21,"turns":5},{"damage":19,"enemies":"Cultist and Chosen","floor":24,"turns":6},{"damage":7,"enemies":"3 Cultists","floor":25,"turns":6},{"damage":21,"enemies":"Snake Plant","floor":28,"turns":5},{"damage":21,"enemies":"Cultist and Chosen","floor":31,"turns":7},{"damage":31,"enemies":"Champ","floor":33,"turns":10},{"damage":2,"enemies":"Orb Walker","floor":35,"turns":4},{"damage":0,"enemies":"3 Darklings","floor":41,"turns":6},{"damage":54,"enemies":"Giant Head","floor":46,"turns":9},{"damage":31,"enemies":"Awakened One","floor":50,"turns":20}],"seed_played":"2712210315402661327","potions_obtained":[{"floor":1,"key":"Ancient Potion"},{"floor":8,"key":"Energy Potion"},{"floor":10,"key":"Poison Potion"},{"floor":12,"key":"SpeedPotion"},{"floor":24,"key":"SteroidPotion"},{"floor":33,"key":"Weak Potion"},{"floor":35,"key":"Block Potion"}],"is_trial":false,"path_per_floor":["M","$","M","M","?","?","M","M","T","M","R","M","R","M","R","B",null,"M","M","M","M","?","R","M","M","T","$","M","R","?","M","R","B",null,"M","?","?","$","?","R","M","?","T","$","?","E","?","?","R","B",null],"character_chosen":"THE_SILENT","items_purchased":["Footwork","Oddly Smooth Stone","Acrobatics","Du-Vu Doll"],"campfire_rested":2,"item_purchase_floors":[2,27,27,38],"current_hp_per_floor":[70,70,68,68,57,57,57,57,57,50,50,50,50,50,50,49,70,65,65,65,65,65,65,46,39,39,39,18,54,54,33,69,38,70,68,58,70,70,70,70,71,71,71,71,71,22,63,63,63,33],"gold":25,"neow_bonus":"RANDOM_COMMON_RELIC","is_prod":false,"is_daily":false,"chose_seed":false,"campfire_upgraded":6,"win_rate":0,"timestamp":1552889210,"path_taken":["M","$","M","M","?","?","?","M","T","M","R","M","R","M","R","BOSS","M","M","M","M","?","R","?","M","T","$","M","R","?","M","R","BOSS","M","?","?","?","?","R","?","?","T","$","?","E","?","?","R","BOSS"],"build_version":"2019-01-23","purchased_purges":1,"victory":true,"max_hp_per_floor":[70,70,70,70,70,70,70,70,70,70,70,70,70,70,70,70,70,70,70,70,70,70,70,70,70,70,70,70,70,70,70,70,70,70,70,70,70,70,70,70,71,71,71,71,71,72,63,63,63,64],"card_choices":[{"not_picked":["Heel Hook","Acrobatics"],"picked":"Distraction","floor":1},{"not_picked":["Tactician","Underhanded Strike"],"picked":"Deflect","floor":3},{"not_picked":["PiercingWail","Prepared"],"picked":"Terror","floor":4},{"not_picked":["Dagger Spray","Dodge and Roll"],"picked":"Deadly Poison","floor":7},{"not_picked":["Blade Dance","Prepared"],"picked":"Backflip","floor":8},{"not_picked":["Choke","Heel Hook"],"picked":"Predator","floor":10},{"not_picked":["Endless Agony","Deflect"],"picked":"Infinite Blades","floor":12},{"not_picked":["Quick Slash","Blade Dance"],"picked":"Leg Sweep","floor":14},{"not_picked":["Adrenaline","Grand Finale"],"picked":"Tools of the Trade","floor":16},{"not_picked":["PiercingWail","Catalyst"],"picked":"Deadly Poison","floor":18},{"not_picked":["Acrobatics+1","Setup"],"picked":"Outmaneuver+1","floor":19},{"not_picked":["Slice+1","Outmaneuver+1"],"picked":"Choke+1","floor":20},{"not_picked":["Blade Dance","Outmaneuver"],"picked":"Dodge and Roll+1","floor":21},{"not_picked":["Sucker Punch","Calculated Gamble"],"picked":"Underhanded Strike","floor":24},{"not_picked":["Blade Dance","Dodge and Roll+1"],"picked":"Underhanded Strike","floor":25},{"not_picked":["Terror","Backstab+1"],"picked":"Poisoned Stab+1","floor":28},{"not_picked":["Reflex","Blur"],"picked":"Poisoned Stab+1","floor":31},{"not_picked":["Adrenaline","Malaise"],"picked":"A Thousand Cuts","floor":33},{"not_picked":["Escape Plan+1","Prepared"],"picked":"Dagger Spray+1","floor":35},{"not_picked":["Purity","Forethought"],"picked":"Bandage Up","floor":36},{"not_picked":["Trip","Good Instincts"],"picked":"Discovery","floor":36},{"not_picked":["Panache","Deep Breath"],"picked":"Good Instincts","floor":36},{"not_picked":["Dagger Throw+1","Concentrate"],"picked":"Dash+1","floor":41},{"not_picked":["Storm of Steel","Grand Finale"],"picked":"Leg Sweep","floor":46}],"player_experience":1064447,"relics_obtained":[{"floor":9,"key":"Bottled Tornado"},{"floor":26,"key":"Omamori"},{"floor":43,"key":"Ornamental Fan"},{"floor":46,"key":"The Courier"}],"event_choices":[{"damage_healed":0,"gold_gain":75,"player_choice":"Gather Gold","damage_taken":11,"max_hp_gain":0,"max_hp_loss":0,"event_name":"World of Goop","floor":5,"gold_loss":0},{"damage_healed":0,"gold_gain":0,"player_choice":"Ignored","damage_taken":0,"max_hp_gain":0,"max_hp_loss":0,"event_name":"NoteForYourself","floor":6,"gold_loss":0},{"damage_healed":0,"gold_gain":0,"player_choice":"Upgraded","damage_taken":0,"max_hp_gain":0,"max_hp_loss":0,"event_name":"Upgrade Shrine","floor":22,"gold_loss":0,"cards_upgraded":["Deadly Poison"]},{"damage_healed":0,"gold_gain":0,"player_choice":"Simplicity","damage_taken":0,"max_hp_gain":0,"max_hp_loss":0,"event_name":"Back to Basics","floor":30,"gold_loss":0,"cards_upgraded":["Defend_G","Defend_G","Defend_G","Defend_G","Defend_G","Strike_G","Strike_G","Strike_G","Strike_G"]},{"damage_healed":0,"gold_gain":0,"player_choice":"Memory 3","damage_taken":10,"max_hp_gain":0,"max_hp_loss":0,"event_name":"SensoryStone","floor":36,"gold_loss":0},{"damage_healed":18,"gold_gain":0,"player_choice":"Writhe","damage_taken":0,"max_hp_gain":0,"max_hp_loss":0,"event_name":"Winding Halls","floor":37,"gold_loss":0,"cards_obtained":["Writhe"]},{"damage_healed":0,"gold_gain":0,"player_choice":"Trade","damage_taken":0,"relics_obtained":["FaceOfCleric"],"max_hp_gain":0,"max_hp_loss":0,"event_name":"FaceTrader","floor":39,"gold_loss":0},{"cards_removed":["Defend_G"],"damage_healed":0,"gold_gain":0,"player_choice":"Removed Skill","damage_taken":0,"max_hp_gain":0,"max_hp_loss":0,"event_name":"Falling","floor":42,"gold_loss":0},{"damage_healed":0,"gold_gain":0,"player_choice":"Paid","damage_taken":0,"relics_obtained":["Red Mask"],"max_hp_gain":0,"max_hp_loss":0,"event_name":"Tomb of Lord Red Mask","floor":45,"gold_loss":27},{"damage_healed":63,"gold_gain":0,"player_choice":"Heal","damage_taken":0,"max_hp_gain":0,"max_hp_loss":9,"event_name":"The Moai Head","floor":47,"gold_loss":0},{"damage_healed":0,"gold_gain":0,"player_choice":"Ignored","damage_taken":0,"max_hp_gain":0,"max_hp_loss":0,"event_name":"Mysterious Sphere","floor":48,"gold_loss":0}],"is_beta":false,"boss_relics":[{"not_picked":["HoveringKite","Tiny House"],"picked":"Snecko Eye"},{"not_picked":["Lizard Tail","WristBlade"],"picked":"Velvet Choker"}],"items_purged_floors":[27],"is_endless":false,"potions_floor_spawned":[1,8,10,12,24,25,28,33,35],"ascension_level":0}