{"path_per_floor":["M","M","?","M","$","R","E","$","T","R","E","?","M","M","R","B",null,"M","$","M","$","M","R","M","M","T","M","$","?","?","M","R"],"character_chosen":"IRONCLAD","items_purchased":["Armaments","Panacea","Shrug It Off"],"gold_per_floor":[116,135,85,98,45,45,76,1,83,83,116,116,135,146,146,249,249,236,85,98,2,16,16,33,52,76,89,39,39,39,50,50],"floor_reached":33,"campfire_rested":1,"playtime":2722,"current_hp_per_floor":[72,75,75,80,80,80,60,60,60,60,36,29,34,39,39,11,80,80,80,80,80,63,63,57,53,53,33,33,33,33,21,45],"items_purged":["Strike_R","Bash","Defend_R","Defend_R"],"gold":50,"score":285,"play_id":"ec037499-f3bf-49dc-a0b7-313d78e24297","is_prod":false,"is_daily":false,"is_ascension_mode":false,"campfire_upgraded":4,"path_taken":["M","M","?","M","?","R","E","$","T","R","E","?","M","M","R","BOSS","M","$","M","?","M","R","M","M","T","M","$","?","?","?","R","BOSS"],"build_version":"2018-02-12-PROD1","purchased_purges":4,"victory":false,"master_deck":["Strike_R","Defend_R","Defend_R","Intimidate","Iron Wave","Infernal Blade+1","Armaments+1","Shockwave+1","Iron Wave","Armaments","Shrug It Off+1","Demon Form","Headbutt","Panacea","Rampage+1","Shrug It Off","Shrug It Off","Body Slam+1","Iron Wave","Shrug It Off","Injury","Fire Breathing+1"],"max_hp_per_floor":[80,80,80,80,80,80,80,80,80,80,80,80,80,80,80,80,80,80,80,80,80,80,80,80,80,80,80,80,80,80,80,80],"relics":["Burning Blood","Pen Nib","Smiling Mask","Charon\u0027s Ashes","Mark of Pain","Prayer Wheel"],"card_choices":[{"not_picked":["Flex","Headbutt"],"picked":"Intimidate"},{"not_picked":["Havoc","Clothesline"],"picked":"Iron Wave"},{"not_picked":["Dark Embrace","Twin Strike"],"picked":"Infernal Blade"},{"not_picked":["Uppercut","Dual Wield"],"picked":"Shockwave"},{"not_picked":["Heavy Blade","Intimidate"],"picked":"Iron Wave"},{"not_picked":["Pommel Strike","Uppercut"],"picked":"Armaments"},{"not_picked":["Heavy Blade","Rupture"],"picked":"Shrug It Off"},{"not_picked":["Immolate","Limit Break"],"picked":"Demon Form"},{"not_picked":["Armaments","Intimidate"],"picked":"Headbutt"},{"not_picked":["Flame Barrier","Flex"],"picked":"Rampage"},{"not_picked":["Perfected Strike","Reckless Charge"],"picked":"Shrug It Off"},{"not_picked":["Searing Blow","Bloodletting"],"picked":"Body Slam"},{"not_picked":["Flame Barrier","Bloodletting"],"picked":"Iron Wave"},{"not_picked":["Cleave","Hemokinesis"],"picked":"Fire Breathing"}],"player_experience":139905,"potions_floor_usage":[16,16,27,33,33,33],"damage_taken":[{"damage":14,"enemies":"Jaw Worm","floor":1,"turns":5},{"damage":3,"enemies":"Small Slimes","floor":2,"turns":4},{"damage":0,"enemies":"Cultist","floor":4,"turns":4},{"damage":26,"enemies":"Gremlin Nob","floor":7,"turns":4},{"damage":30,"enemies":"3 Sentries","floor":11,"turns":12},{"damage":1,"enemies":"Large Slime","floor":13,"turns":6},{"damage":1,"enemies":"2 Fungi Beasts","floor":14,"turns":4},{"damage":34,"enemies":"Slime Boss","floor":16,"turns":18},{"damage":4,"enemies":"2 Thieves","floor":18,"turns":4},{"damage":3,"enemies":"Shell Parasite","floor":20,"turns":5},{"damage":23,"enemies":"Sentry and Sphere","floor":22,"turns":8},{"damage":12,"enemies":"3 Cultists","floor":24,"turns":7},{"damage":10,"enemies":"Snecko","floor":25,"turns":5},{"damage":26,"enemies":"Cultist and Chosen","floor":27,"turns":7},{"damage":18,"enemies":"Sentry and Sphere","floor":31,"turns":8},{"damage":46,"enemies":"Automaton","floor":33,"turns":12}],"event_choices":[{"event_name":"The Cleric","player_choice":"Card Removal","floor":3,"damage_taken":0},{"event_name":"Golden Wing","player_choice":"Card Removal","floor":12,"damage_taken":0},{"event_name":"The Library","player_choice":"Read","floor":29,"damage_taken":0},{"event_name":"Accursed Blacksmith","player_choice":"Forge","floor":30,"damage_taken":0}],"boss_relics":[{"not_picked":["Ectoplasm","Snecko Eye"],"picked":"Mark of Pain"}],"potions_floor_spawned":[2,4,11,22,24,25,27],"seed_played":"-1274925040207349416","killed_by":"Automaton","ascension_level":0,"is_trial":false}