{"gold_per_floor":[116,128,128,4,179,179,207,207,207,207,68,83,83,95,95,168,218,230,240,256,256,269,269,33,33],"floor_reached":25,"playtime":833,"items_purged":["Strike_R","Doubt"],"score":384,"play_id":"2bb0572b-5be8-4a74-b189-e6449eaca5b4","local_time":"20190314215654","is_ascension_mode":true,"campfire_choices":[{"data":"Armaments","floor":6,"key":"SMITH"},{"data":"Bash","floor":8,"key":"SMITH"},{"data":"Searing Blow","floor":13,"key":"SMITH"},{"data":"Rage","floor":15,"key":"SMITH"},{"floor":23,"key":"REST"}],"neow_cost":"NONE","seed_source_timestamp":80913570116500,"circlet_count":0,"master_deck":["AscendersBane","Strike_R","Strike_R","Strike_R+1","Strike_R","Defend_R","Defend_R","Defend_R","Defend_R","Bash+1","Iron Wave","Armaments+1","Searing Blow+1","Cleave","Rage+1","Offering","Searing Blow","Intimidate","Armaments+1","Flash of Steel"],"relics":["Burning Blood","NeowsBlessing","Sundial","Happy Flower","Oddly Smooth Stone","Tiny House","Blood Vial"],"potions_floor_usage":[16,17,25],"damage_taken":[{"damage":0,"enemies":"Cultist","floor":1,"turns":1},{"damage":0,"enemies":"Jaw Worm","floor":2,"turns":1},{"damage":0,"enemies":"3 Sentries","floor":7,"turns":2},{"damage":0,"enemies":"Small Slimes","floor":12,"turns":4},{"damage":0,"enemies":"Looter","floor":14,"turns":3},{"damage":45,"enemies":"Hexaghost","floor":16,"turns":13},{"damage":33,"enemies":"Spheric Guardian","floor":18,"turns":7},{"damage":13,"enemies":"Shell Parasite","floor":19,"turns":7},{"damage":38,"enemies":"Snake Plant","floor":20,"turns":5},{"damage":8,"enemies":"Centurion and Healer","floor":22,"turns":9},{"damage":34,"enemies":"Gremlin Leader","floor":25,"turns":5}],"seed_played":"3630729867459626575","potions_obtained":[{"floor":2,"key":"Swift Potion"},{"floor":7,"key":"SpeedPotion"},{"floor":17,"key":"Fruit Juice"},{"floor":22,"key":"Energy Potion"}],"is_trial":false,"path_per_floor":["M","M","T","$","?","R","E","R","T","T","$","M","R","M","R","B",null,"M","M","M","?","M","R","$","E"],"character_chosen":"IRONCLAD","items_purchased":["Armaments","Searing Blow","Blood Vial","Flash of Steel"],"campfire_rested":1,"item_purchase_floors":[4,11,24,24],"current_hp_per_floor":[74,75,75,75,75,75,75,75,75,75,75,75,75,75,75,36,75,48,41,9,9,7,32,32,0],"gold":33,"neow_bonus":"THREE_ENEMY_KILL","is_prod":false,"is_daily":false,"chose_seed":false,"campfire_upgraded":4,"win_rate":0,"timestamp":1552600614,"path_taken":["M","M","?","$","?","R","E","R","T","?","$","M","R","M","R","BOSS","M","M","M","?","M","R","$","E"],"build_version":"2019-01-23","purchased_purges":2,"victory":false,"max_hp_per_floor":[75,75,75,75,75,75,75,75,75,75,75,75,75,75,75,75,85,85,85,85,85,85,85,85,85],"card_choices":[{"not_picked":["Cleave","Shockwave"],"picked":"Iron Wave","floor":1},{"not_picked":["Anger","Burning Pact","Heavy Blade"],"picked":"SKIP","floor":2},{"not_picked":["Anger","Body Slam","Sword Boomerang"],"picked":"SKIP","floor":7},{"not_picked":["Seeing Red","Perfected Strike"],"picked":"Cleave","floor":12},{"not_picked":["Hemokinesis","Double Tap"],"picked":"Rage","floor":14},{"not_picked":["Barricade","Impervious"],"picked":"Offering","floor":16},{"not_picked":["Wild Strike","Havoc"],"picked":"Searing Blow","floor":17},{"not_picked":["Twin Strike","Second Wind","Rampage"],"picked":"SKIP","floor":18},{"not_picked":["Wild Strike+1","Perfected Strike+1","Cleave"],"picked":"SKIP","floor":19},{"not_picked":["Havoc","Fire Breathing"],"picked":"Intimidate","floor":20},{"not_picked":["Sword Boomerang","Havoc"],"picked":"Armaments+1","floor":22}],"player_experience":609195,"relics_obtained":[{"floor":3,"key":"Sundial"},{"floor":7,"key":"Happy Flower"},{"floor":10,"key":"Oddly Smooth Stone"}],"event_choices":[{"damage_healed":0,"gold_gain":175,"player_choice":"AGREE","damage_taken":0,"max_hp_gain":0,"max_hp_loss":0,"event_name":"Liars Game","floor":5,"gold_loss":0,"cards_obtained":["Doubt"]},{"damage_healed":0,"gold_gain":0,"player_choice":"Ignored","damage_taken":0,"max_hp_gain":0,"max_hp_loss":0,"event_name":"Cursed Tome","floor":21,"gold_loss":0}],"is_beta":false,"boss_relics":[{"not_picked":["Sozu","Runic Cube"],"picked":"Tiny House"}],"items_purged_floors":[4,11],"is_endless":false,"potions_floor_spawned":[2,7,22],"killed_by":"Gremlin Leader","ascension_level":14}