{"gold_per_floor":[113,263,188,3,14,49,49,64,64,102,130,156,168,191,203,291,303,327,254,286,398,420,432,335,345,345,345],"floor_reached":27,"playtime":1461,"items_purged":["Strike_B"],"score":438,"play_id":"5bd25b07-f5bd-41ba-8808-964dcc8dd0d4","local_time":"20190310182318","is_ascension_mode":true,"campfire_choices":[{"data":"Chaos","floor":7,"key":"SMITH"},{"data":"Chaos","floor":13,"key":"SMITH"},{"data":"Self Repair","floor":15,"key":"SMITH"},{"data":"Buffer","floor":23,"key":"SMITH"}],"neow_cost":"NONE","seed_source_timestamp":604599228848100,"circlet_count":0,"master_deck":["AscendersBane","Strike_B","Strike_B","Strike_B","Defend_B","Defend_B","Defend_B","Defend_B","Zap","Dualcast","Chaos+1","FTL","Ball Lightning","Glacier","Redo","Chaos+1","Coolheaded","Self Repair+1","Buffer+1","Loop","Coolheaded","FTL","Hello World","BootSequence"],"relics":["Cracked Core","NeowsBlessing","Oddly Smooth Stone","Bottled Flame","MawBank","DataDisk","Eternal Feather","Strawberry","StoneCalendar","Cables"],"potions_floor_usage":[10,21,21,27],"damage_taken":[{"damage":0,"enemies":"2 Louse","floor":1,"turns":1},{"damage":0,"enemies":"Jaw Worm","floor":5,"turns":1},{"damage":0,"enemies":"3 Sentries","floor":6,"turns":1},{"damage":0,"enemies":"Small Slimes","floor":8,"turns":2},{"damage":18,"enemies":"Lagavulin","floor":10,"turns":6},{"damage":0,"enemies":"Blue Slaver","floor":11,"turns":3},{"damage":0,"enemies":"Looter","floor":12,"turns":3},{"damage":3,"enemies":"2 Fungi Beasts","floor":14,"turns":4},{"damage":29,"enemies":"Hexaghost","floor":16,"turns":13},{"damage":10,"enemies":"Shell Parasite","floor":18,"turns":8},{"damage":1,"enemies":"Spheric Guardian","floor":20,"turns":6},{"damage":12,"enemies":"Colosseum Slavers","floor":21,"turns":8},{"damage":47,"enemies":"Colosseum Nobs","floor":21,"turns":6},{"damage":6,"enemies":"Centurion and Healer","floor":22,"turns":7},{"damage":8,"enemies":"Snake Plant","floor":25,"turns":6},{"damage":46,"enemies":"Gremlin Leader","floor":27,"turns":6}],"seed_played":"4572318680041736787","potions_obtained":[{"floor":1,"key":"PowerPotion"},{"floor":11,"key":"AttackPotion"},{"floor":12,"key":"Fire Potion"},{"floor":21,"key":"Fire Potion"},{"floor":25,"key":"Ancient Potion"}],"is_trial":false,"path_per_floor":["M","?","?","$","M","E","R","M","T","E","M","M","R","M","R","B",null,"M","?","M","?","M","R","$","M","T","E"],"character_chosen":"DEFECT","items_purchased":["Oddly Smooth Stone","FTL","Hello World"],"campfire_rested":0,"item_purchase_floors":[4,4,24],"current_hp_per_floor":[64,64,64,64,64,64,64,64,64,46,46,46,46,43,43,24,59,59,66,75,36,40,52,52,44,44,0],"gold":345,"neow_bonus":"THREE_ENEMY_KILL","is_prod":false,"is_daily":false,"chose_seed":false,"campfire_upgraded":4,"win_rate":0,"timestamp":1552242198,"path_taken":["M","?","?","$","M","E","R","M","T","E","M","M","R","M","R","BOSS","M","?","M","?","M","R","$","M","T","E"],"build_version":"2019-01-23","purchased_purges":1,"victory":false,"max_hp_per_floor":[71,71,71,71,71,71,71,71,71,71,71,71,71,71,71,71,71,71,78,78,78,78,78,78,78,78,78],"card_choices":[{"not_picked":["Rebound","Chill"],"picked":"Chaos","floor":1},{"not_picked":["Stack","Sweeping Beam"],"picked":"Ball Lightning","floor":5},{"not_picked":["Hello World","Fusion"],"picked":"Glacier","floor":6},{"not_picked":["Leap","Fusion"],"picked":"Redo","floor":8},{"not_picked":["Reinforced Body","Doom and Gloom"],"picked":"Chaos","floor":10},{"not_picked":["Streamline","Leap"],"picked":"Coolheaded","floor":11},{"not_picked":["Turbo","Streamline","Reprogram"],"picked":"SKIP","floor":12},{"not_picked":["Force Field","Leap"],"picked":"Self Repair","floor":14},{"not_picked":["Amplify","Meteor Strike"],"picked":"Buffer","floor":16},{"not_picked":["Steam","Melter"],"picked":"Loop","floor":18},{"not_picked":["Self Repair+1","Leap"],"picked":"Coolheaded","floor":20},{"not_picked":["Thunder Strike","Barrage"],"picked":"FTL","floor":22},{"not_picked":["Stack+1","Consume"],"picked":"BootSequence","floor":25}],"player_experience":600846,"relics_obtained":[{"floor":6,"key":"Bottled Flame"},{"floor":9,"key":"MawBank"},{"floor":10,"key":"DataDisk"},{"floor":21,"key":"StoneCalendar"},{"floor":21,"key":"Cables"}],"event_choices":[{"damage_healed":0,"gold_gain":150,"player_choice":"AGREE","damage_taken":0,"max_hp_gain":0,"max_hp_loss":0,"event_name":"Liars Game","floor":2,"gold_loss":0,"cards_obtained":["Doubt"]},{"cards_removed":["Doubt"],"damage_healed":0,"gold_gain":0,"player_choice":"Card Removal","damage_taken":0,"max_hp_gain":0,"max_hp_loss":0,"event_name":"The Cleric","floor":3,"gold_loss":75},{"damage_healed":0,"gold_gain":0,"player_choice":"Obtained Relic","damage_taken":0,"relics_obtained":["Strawberry"],"max_hp_gain":0,"max_hp_loss":0,"event_name":"Addict","floor":19,"gold_loss":85},{"damage_healed":0,"gold_gain":0,"player_choice":"Fight","damage_taken":0,"max_hp_gain":0,"max_hp_loss":0,"event_name":"Colosseum","floor":21,"gold_loss":0},{"damage_healed":0,"gold_gain":0,"player_choice":"Fought Nobs","damage_taken":0,"max_hp_gain":0,"max_hp_loss":0,"event_name":"Colosseum","floor":21,"gold_loss":0}],"is_beta":false,"boss_relics":[{"not_picked":["Black Star","Tiny House"],"picked":"Eternal Feather"}],"items_purged_floors":[24],"is_endless":false,"potions_floor_spawned":[1,11,12,14,21,25],"killed_by":"Gremlin Leader","ascension_level":15}