{"gold_per_floor":[114,289,289,307,257,282,282,313,339,351,386,404,432,432,432,533,533,551,551,650,680,668,668,697,697,697,726,14,114,114,130,130,233,233,250,297,297,310,12,47,64,97,97,8,42,42,264,264,264,264,264,264,13,38,38],"floor_reached":55,"playtime":4649,"items_purged":["Decay"],"score":1195,"play_id":"68307f11-cb16-4197-8af8-529b5f57f0a1","local_time":"20190314195501","is_ascension_mode":true,"campfire_choices":[{"floor":15,"key":"REST"},{"floor":23,"key":"RECALL"},{"floor":30,"key":"REST"},{"floor":32,"key":"REST"},{"floor":46,"key":"DIG"},{"floor":49,"key":"REST"},{"floor":52,"key":"DIG"}],"neow_cost":"NONE","seed_source_timestamp":167615969137200,"circlet_count":0,"master_deck":["Survivor","Neutralize","Cloak And Dagger","Doubt","Dagger Throw","Footwork","Backstab","Cloak And Dagger","Flying Knee","Flying Knee","Envenom+1","Night Terror","Dash","Noxious Fumes+1","Poisoned Stab","Dagger Throw","Leg Sweep","Deadly Poison","Backstab","Noxious Fumes+1","Accuracy+1","Infinite Blades+1","Dagger Throw+1","PiercingWail","A Thousand Cuts+1","Finisher","Burst","Outmaneuver","Doppelganger","PiercingWail","PiercingWail","Bullet Time","Glass Knife","Dodge and Roll","Adrenaline","Backstab+1","Dagger Spray+1","Outmaneuver+1","Mind Blast","Infinite Blades+1","Blur+1","Well Laid Plans+1","Slice+1","Noxious Fumes+1","Escape Plan","Accuracy+1","Master of Strategy","Mayhem+1","Magnetism+1","Noxious Fumes+1","Catalyst+1"],"relics":["Ring of the Snake","NeowsBlessing","Bag of Marbles","WarpedTongs","The Courier","Nunchaku","Frozen Egg 2","Black Star","Red Mask","Ancient Tea Set","Happy Flower","Mercury Hourglass","Juzu Bracelet","Bird Faced Urn","Lantern","PreservedInsect","Strawberry","Du-Vu Doll","Blue Candle","Pandora\u0027s Box","Peace Pipe","CultistMask","TwistedFunnel","Shovel","Paper Crane","Ninja Scroll","Smiling Mask","Mummified Hand","Mango","Blood Vial","Vajra","Bottled Tornado","Kunai","Bronze Scales","Orichalcum"],"potions_floor_usage":[11,21,22,22,29,50,50,50,55],"damage_taken":[{"damage":0,"enemies":"2 Louse","floor":1,"turns":1},{"damage":0,"enemies":"Jaw Worm","floor":4,"turns":1},{"damage":0,"enemies":"3 Sentries","floor":6,"turns":1},{"damage":49,"enemies":"Gremlin Nob","floor":8,"turns":6},{"damage":2,"enemies":"Cultist","floor":10,"turns":3},{"damage":3,"enemies":"3 Sentries","floor":11,"turns":6},{"damage":1,"enemies":"Blue Slaver","floor":12,"turns":1},{"damage":9,"enemies":"Gremlin Nob","floor":13,"turns":4},{"damage":7,"enemies":"The Guardian","floor":16,"turns":10},{"damage":1,"enemies":"Shell Parasite","floor":18,"turns":5},{"damage":16,"enemies":"Masked Bandits","floor":21,"turns":7},{"damage":1,"enemies":"2 Thieves","floor":22,"turns":4},{"damage":32,"enemies":"Book of Stabbing","floor":24,"turns":6},{"damage":11,"enemies":"Gremlin Leader","floor":27,"turns":7},{"damage":0,"enemies":"Colosseum Slavers","floor":29,"turns":3},{"damage":12,"enemies":"Colosseum Nobs","floor":29,"turns":3},{"damage":5,"enemies":"Centurion and Healer","floor":31,"turns":3},{"damage":63,"enemies":"Collector","floor":33,"turns":8},{"damage":13,"enemies":"Orb Walker","floor":35,"turns":3},{"damage":8,"enemies":"2 Orb Walkers","floor":36,"turns":5},{"damage":0,"enemies":"3 Shapes","floor":38,"turns":3},{"damage":1,"enemies":"Reptomancer","floor":40,"turns":2},{"damage":0,"enemies":"Sphere and 2 Shapes","floor":41,"turns":2},{"damage":0,"enemies":"Nemesis","floor":42,"turns":1},{"damage":0,"enemies":"Reptomancer","floor":45,"turns":1},{"damage":91,"enemies":"Awakened One","floor":50,"turns":9},{"damage":21,"enemies":"Shield and Spear","floor":54,"turns":5},{"damage":115,"enemies":"The Heart","floor":55,"turns":5}],"seed_played":"7955107507398520283","potions_obtained":[{"floor":1,"key":"Fire Potion"},{"floor":8,"key":"GhostInAJar"},{"floor":10,"key":"Energy Potion"},{"floor":11,"key":"FearPotion"},{"floor":16,"key":"Poison Potion"},{"floor":21,"key":"Strength Potion"},{"floor":33,"key":"Dexterity Potion"},{"floor":36,"key":"Explosive Potion"},{"floor":45,"key":"Energy Potion"},{"floor":54,"key":"PowerPotion"}],"is_trial":false,"path_per_floor":["M","?","?","M","?","E","?","E","T","M","E","M","E","?","R","B",null,"M","?","?","?","M","R","E","?","T","E","$","?","R","M","R","B",null,"M","?","?","M","$","E","M","E","T","$","E","R","?","?","R","B",null,"R","$","E","B"],"character_chosen":"THE_SILENT","items_purchased":["Backstab","Noxious Fumes+1","GhostInAJar","Lantern","PreservedInsect","Strawberry","Accuracy+1","Infinite Blades+1","TwistedFunnel","Mind Blast","Infinite Blades+1","Noxious Fumes+1","Escape Plan","Kunai","Noxious Fumes+1"],"campfire_rested":4,"item_purchase_floors":[28,28,28,28,28,28,28,28,39,39,39,44,44,53,53],"current_hp_per_floor":[70,70,70,70,70,70,70,21,21,19,16,15,6,6,27,20,70,69,69,69,53,52,52,20,20,20,9,16,20,43,44,67,22,77,68,68,68,72,72,76,77,77,77,77,91,91,91,81,91,26,91,91,91,78,0],"gold":38,"neow_bonus":"THREE_ENEMY_KILL","is_prod":false,"is_daily":false,"chose_seed":false,"campfire_upgraded":0,"win_rate":0,"timestamp":1552604101,"path_taken":["M","?","?","?","?","E","?","E","T","M","E","?","E","?","R","BOSS","M","?","?","?","M","R","E","?","T","E","$","?","R","M","R","BOSS","M","?","?","M","$","E","M","E","T","$","E","R","?","?","R","BOSS","R","$","E","BOSS"],"build_version":"2019-01-23","purchased_purges":1,"victory":false,"max_hp_per_floor":[70,70,70,70,70,70,70,70,70,70,70,70,70,70,70,70,70,70,70,70,70,70,70,70,70,70,70,77,77,77,77,77,77,77,77,77,77,77,77,77,77,77,77,77,91,91,91,91,91,91,91,91,91,91,91],"card_choices":[{"not_picked":["Setup","Quick Slash"],"picked":"Cloak And Dagger","floor":1},{"not_picked":["Tactician","Setup"],"picked":"Dagger Throw","floor":4},{"not_picked":["Finisher","Heel Hook"],"picked":"Footwork","floor":6},{"not_picked":["Dash","Die Die Die"],"picked":"Backstab","floor":8},{"not_picked":["Distraction","Deadly Poison"],"picked":"Cloak And Dagger","floor":10},{"not_picked":["All Out Attack","Bane"],"picked":"Flying Knee","floor":11},{"not_picked":["Poisoned Stab","Underhanded Strike"],"picked":"Flying Knee","floor":12},{"not_picked":["Blade Dance","Bane"],"picked":"Envenom","floor":13},{"not_picked":["Wraith Form v2+1","Doppelganger"],"picked":"Night Terror","floor":16},{"not_picked":["Bane+1","Outmaneuver+1"],"picked":"Dash","floor":18},{"not_picked":["Underhanded Strike","Riddle With Holes"],"picked":"Poisoned Stab","floor":21},{"not_picked":["Outmaneuver","Acrobatics"],"picked":"Dagger Throw","floor":22},{"not_picked":["Distraction","PiercingWail"],"picked":"Leg Sweep","floor":24},{"not_picked":["Slice","Backflip"],"picked":"Deadly Poison","floor":27},{"not_picked":["Bullet Time","Flying Knee"],"picked":"Dagger Throw+1","floor":29},{"not_picked":["Slice","Heel Hook"],"picked":"PiercingWail","floor":31},{"not_picked":["Unload","Wraith Form v2+1"],"picked":"A Thousand Cuts+1","floor":33},{"not_picked":["Flying Knee","Reflex+1"],"picked":"Backstab+1","floor":35},{"not_picked":["Outmaneuver+1","Expertise+1"],"picked":"Dagger Spray+1","floor":36},{"not_picked":["Dagger Spray","Masterful Stab"],"picked":"Outmaneuver+1","floor":38},{"not_picked":["Flying Knee","Heel Hook"],"picked":"Blur+1","floor":40},{"not_picked":["Blade Dance+1","Flying Knee"],"picked":"Well Laid Plans+1","floor":41},{"not_picked":["Distraction","Heel Hook"],"picked":"Slice+1","floor":42},{"not_picked":["Quick Slash+1","Dodge and Roll"],"picked":"Accuracy+1","floor":45},{"not_picked":["Chrysalis","Trip"],"picked":"Master of Strategy","floor":48},{"not_picked":["Panacea","Dark Shackles"],"picked":"Mayhem+1","floor":48},{"not_picked":["Thinking Ahead","Swift Strike"],"picked":"Magnetism+1","floor":48},{"not_picked":["Flying Knee","Endless Agony"],"picked":"Catalyst+1","floor":54}],"player_experience":294992,"relics_obtained":[{"floor":6,"key":"Bag of Marbles"},{"floor":8,"key":"The Courier"},{"floor":11,"key":"Nunchaku"},{"floor":13,"key":"Frozen Egg 2"},{"floor":21,"key":"Red Mask"},{"floor":24,"key":"Ancient Tea Set"},{"floor":24,"key":"Happy Flower"},{"floor":26,"key":"Mercury Hourglass"},{"floor":27,"key":"Juzu Bracelet"},{"floor":27,"key":"Bird Faced Urn"},{"floor":29,"key":"Du-Vu Doll"},{"floor":29,"key":"Blue Candle"},{"floor":36,"key":"Peace Pipe"},{"floor":40,"key":"Shovel"},{"floor":40,"key":"Paper Crane"},{"floor":42,"key":"Ninja Scroll"},{"floor":42,"key":"Smiling Mask"},{"floor":43,"key":"Mummified Hand"},{"floor":45,"key":"Mango"},{"floor":45,"key":"Blood Vial"},{"floor":46,"key":"Vajra"},{"floor":52,"key":"Bottled Tornado"},{"floor":54,"key":"Bronze Scales"},{"floor":54,"key":"Orichalcum"}],"event_choices":[{"damage_healed":0,"gold_gain":175,"player_choice":"AGREE","damage_taken":0,"max_hp_gain":0,"max_hp_loss":0,"event_name":"Liars Game","floor":2,"gold_loss":0,"cards_obtained":["Doubt"]},{"damage_healed":0,"gold_gain":0,"player_choice":"Cursed","damage_taken":0,"max_hp_gain":0,"max_hp_loss":0,"event_name":"Wheel of Change","floor":3,"gold_loss":0,"cards_obtained":["Decay"]},{"cards_removed":["Decay"],"damage_healed":0,"gold_gain":0,"player_choice":"Card Removal","damage_taken":0,"max_hp_gain":0,"max_hp_loss":0,"event_name":"The Cleric","floor":5,"gold_loss":50},{"damage_healed":0,"gold_gain":0,"player_choice":"Rummage","damage_taken":0,"relics_obtained":["WarpedTongs"],"max_hp_gain":0,"max_hp_loss":0,"event_name":"Accursed Blacksmith","floor":7,"gold_loss":0,"cards_obtained":["Pain"]},{"cards_removed":["Pain"],"damage_healed":0,"gold_gain":0,"player_choice":"Forget","damage_taken":0,"max_hp_gain":0,"max_hp_loss":0,"event_name":"Living Wall","floor":14,"gold_loss":0},{"damage_healed":0,"gold_gain":0,"player_choice":"Read","damage_taken":0,"max_hp_gain":0,"max_hp_loss":0,"event_name":"The Library","floor":19,"gold_loss":0,"cards_obtained":["Noxious Fumes"]},{"damage_healed":0,"gold_gain":99,"player_choice":"Stole From Cult","damage_taken":0,"max_hp_gain":0,"max_hp_loss":0,"event_name":"Nest","floor":20,"gold_loss":0},{"damage_healed":0,"gold_gain":0,"player_choice":"Fought Bandits","damage_taken":0,"max_hp_gain":0,"max_hp_loss":0,"event_name":"Masked Bandits","floor":21,"gold_loss":0},{"damage_healed":0,"gold_gain":0,"player_choice":"Smashed Altar","damage_taken":0,"max_hp_gain":0,"max_hp_loss":0,"event_name":"Forgotten Altar","floor":25,"gold_loss":0,"cards_obtained":["Decay"]},{"damage_healed":0,"gold_gain":0,"player_choice":"Fight","damage_taken":0,"max_hp_gain":0,"max_hp_loss":0,"event_name":"Colosseum","floor":29,"gold_loss":0},{"damage_healed":0,"gold_gain":0,"player_choice":"Fought Nobs","damage_taken":0,"max_hp_gain":0,"max_hp_loss":0,"event_name":"Colosseum","floor":29,"gold_loss":0},{"damage_healed":0,"gold_gain":0,"player_choice":"Fight","damage_taken":0,"max_hp_gain":0,"max_hp_loss":0,"event_name":"Mysterious Sphere","floor":36,"gold_loss":0},{"damage_healed":0,"gold_gain":0,"player_choice":"Trade","damage_taken":0,"relics_obtained":["CultistMask"],"max_hp_gain":0,"max_hp_loss":0,"event_name":"FaceTrader","floor":37,"gold_loss":0},{"damage_healed":0,"gold_gain":222,"player_choice":"Wore Mask","damage_taken":0,"max_hp_gain":0,"max_hp_loss":0,"event_name":"Tomb of Lord Red Mask","floor":47,"gold_loss":0},{"damage_healed":0,"gold_gain":0,"player_choice":"Memory 3","damage_taken":10,"max_hp_gain":0,"max_hp_loss":0,"event_name":"SensoryStone","floor":48,"gold_loss":0}],"is_beta":false,"boss_relics":[{"not_picked":["Snecko Eye","Coffee Dripper"],"picked":"Black Star"},{"not_picked":["Runic Dome","Tiny House"],"picked":"Pandora\u0027s Box"}],"items_purged_floors":[28],"is_endless":false,"potions_floor_spawned":[1,8,10,11,13,16,18,21,33,36,45,54],"killed_by":"The Heart","ascension_level":3}