{"gold_per_floor":[113,132,82,97,109,109,123,22,22,97,97,111,111,127,127,228,228,245,160,173,173,191,191,191,58,58,74,74,74,74],"floor_reached":30,"playtime":1271,"items_purged":["Strike_B","Hyperbeam"],"score":233,"play_id":"32e909df-0827-47a7-96c5-6930cf96e66e","local_time":"20181005233725","is_ascension_mode":true,"campfire_choices":[{"data":"Conserve Battery","floor":6.0,"key":"SMITH"},{"data":"Zap","floor":11.0,"key":"SMITH"},{"data":"Chill","floor":15.0,"key":"SMITH"},{"data":"Creative AI","floor":24,"key":"SMITH"}],"neow_cost":"NONE","seed_source_timestamp":158523368015250,"circlet_count":0,"master_deck":["Defend_B","Defend_B","Defend_B","Defend_B","Zap+1","Ball Lightning","Loop","White Noise+1","Conserve Battery","Seek","Leap","Melter","Creative AI+1","Capacitor","Fission"],"special_seed":0,"relics":["Cracked Core","Shuriken","Empty Cage","Ancient Tea Set","Bottled Lightning"],"potions_floor_usage":[],"damage_taken":[{"damage":0.0,"enemies":"2 Louse","floor":1.0,"turns":3.0},{"damage":7.0,"enemies":"Small Slimes","floor":2.0,"turns":2.0},{"damage":1.0,"enemies":"Jaw Worm","floor":4.0,"turns":3.0},{"damage":9.0,"enemies":"Red Slaver","floor":5.0,"turns":3.0},{"damage":0.0,"enemies":"Large Slime","floor":7.0,"turns":5.0},{"damage":5.0,"enemies":"Exordium Wildlife","floor":12.0,"turns":4.0},{"damage":0.0,"enemies":"2 Fungi Beasts","floor":14.0,"turns":3.0},{"damage":7.0,"enemies":"Slime Boss","floor":16.0,"turns":8.0},{"damage":5.0,"enemies":"Shell Parasite","floor":18.0,"turns":6.0},{"damage":0.0,"enemies":"Chosen","floor":20.0,"turns":5.0},{"damage":28,"enemies":"Centurion and Healer","floor":22,"turns":26},{"damage":16,"enemies":"Snake Plant","floor":27,"turns":4},{"damage":21,"enemies":"3 Cultists","floor":30,"turns":3}],"seed_played":"-7684602943125754634","potions_obtained":[{"floor":1.0,"key":"Fire Potion"},{"floor":4.0,"key":"PowerPotion"},{"floor":7.0,"key":"FocusPotion"},{"floor":13.0,"key":"Fruit Juice"},{"floor":13.0,"key":"PowerPotion"},{"floor":13.0,"key":"EssenceOfSteel"},{"floor":20.0,"key":"LiquidBronze"},{"floor":22,"key":"GamblersBrew"}],"is_trial":false,"path_per_floor":["M","M","?","M","M","R","M","$","T","?","R","M","?","M","R","B",null,"M","?","M","?","M","?","R","$","T","M","?","?"],"character_chosen":"DEFECT","items_purchased":["Conserve Battery","Capacitor"],"campfire_rested":0,"item_purchase_floors":[8,25],"current_hp_per_floor":[75,68,68,67,58,58,58,58,58,47,47,42,42,42,42,40,80,75,75,75,75,47,47,47,47,47,31,31,16,0],"gold":74,"neow_bonus":"REMOVE_CARD","is_prod":false,"is_daily":false,"chose_seed":false,"campfire_upgraded":4,"win_rate":0,"timestamp":1538793445,"path_taken":["M","M","?","M","M","R","M","$","T","?","R","M","?","M","R","BOSS","M","?","M","?","?","?","R","$","T","M","?","?","M"],"build_version":"2018-09-27","purchased_purges":2,"victory":false,"max_hp_per_floor":[75,75,75,75,75,75,75,75,75,75,75,75,75,75,75,80,80,80,80,80,80,80,80,80,80,80,80,80,85,85],"card_choices":[{"not_picked":["Glacier","Rip and Tear"],"picked":"Conserve Battery","floor":1.0},{"not_picked":["Go for the Eyes","Streamline"],"picked":"Ball Lightning","floor":2.0},{"not_picked":["Reinforced Body","Hologram"],"picked":"Loop","floor":4.0},{"not_picked":["Ball Lightning","Lockon","Rebound"],"picked":"SKIP","floor":5.0},{"not_picked":["Rip and Tear","Leap"],"picked":"White Noise","floor":7.0},{"not_picked":["Turbo","Hologram","Tempest"],"picked":"SKIP","floor":12.0},{"not_picked":["Coolheaded","Rebound"],"picked":"Chill","floor":14.0},{"not_picked":["Meteor Strike","Machine Learning"],"picked":"Seek","floor":16.0},{"not_picked":["Turbo","Coolheaded"],"picked":"Leap","floor":18.0},{"not_picked":["Coolheaded","Ball Lightning+1","Go for the Eyes+1"],"picked":"SKIP","floor":20.0},{"not_picked":["Conserve Battery","Static Discharge+1"],"picked":"Fusion","floor":22},{"not_picked":["Cold Snap","Compile Driver"],"picked":"Fission","floor":27}],"player_experience":203433,"relics_obtained":[{"floor":9.0,"key":"Shuriken"},{"floor":26,"key":"Bottled Lightning"}],"event_choices":[{"event_name":"The Cleric","player_choice":"Card Removal","floor":3.0,"damage_taken":0.0},{"event_name":"World of Goop","player_choice":"Gather Gold","floor":10.0,"damage_taken":0.0},{"event_name":"The Lab","player_choice":"Got Potions","floor":13.0,"damage_taken":0.0},{"event_name":"Addict","player_choice":"Obtained Relic","floor":19.0,"damage_taken":0.0},{"event_name":"Accursed Blacksmith","player_choice":"Forge","floor":21.0,"damage_taken":0.0},{"event_name":"Drug Dealer","player_choice":"Became Test Subject","floor":23,"damage_taken":0},{"event_name":"The Woman in Blue","player_choice":"Bought 0 Potions","floor":28,"damage_taken":0},{"event_name":"Forgotten Altar","player_choice":"Shed Blood","floor":29,"damage_taken":0}],"is_beta":false,"boss_relics":[{"not_picked":["Lizard Tail","Velvet Choker"],"picked":"Empty Cage"}],"items_purged_floors":[8,25],"is_endless":false,"potions_floor_spawned":[1,4,7,12,20,22],"killed_by":"3 Cultists","ascension_level":1}