{"gold_per_floor":[110,126,152,167,186,30,30,30,57,100,112,124,136,148,160,268,280,313,345,35,35,35,65,85,85,110,127,0,13,13,45,45,122,122,132,132,142,142,152,152,177,189,189,189,240,255,155,155,155,155,155,155,30,65,65],"floor_reached":55,"playtime":2687,"items_purged":["Injury","Strike_R","Strike_R"],"score":1271,"play_id":"4abc7640-cc3c-49b5-bb96-77136b9ec75e","local_time":"20190318210908","is_ascension_mode":true,"campfire_choices":[{"data":"Seeing Red","floor":7,"key":"SMITH"},{"data":"Flex","floor":11,"key":"SMITH"},{"floor":13,"key":"REST"},{"data":"Bash","floor":15,"key":"SMITH"},{"data":"Bludgeon","floor":25,"key":"SMITH"},{"data":"Heavy Blade","floor":32,"key":"SMITH"},{"floor":40,"key":"RECALL"},{"data":"Heavy Blade","floor":44,"key":"SMITH"},{"data":"Impervious","floor":49,"key":"SMITH"},{"data":"Iron Wave","floor":52,"key":"SMITH"}],"neow_cost":"CURSE","seed_source_timestamp":87466937649100,"circlet_count":0,"master_deck":["AscendersBane","Strike_R","Strike_R","Strike_R+1","Defend_R","Defend_R","Defend_R","Defend_R","Bash+1","Demon Form+1","Seeing Red+1","Shrug It Off","Iron Wave+1","Impervious+1","Exhume","Iron Wave+1","Ghostly Armor","Shockwave+1","Bludgeon+1","Heavy Blade+1","Barricade","Demon Form+1","Heavy Blade+1","Armaments+1"],"relics":["Black Blood","PreservedInsect","Bloody Idol","MawBank","Mummified Hand","Snecko Eye","Toxic Egg 2","Paper Frog","Orichalcum","Potion Belt","Oddly Smooth Stone","Thread and Needle","Happy Flower"],"potions_floor_usage":[19,23,33,37,50,55,55,55],"damage_taken":[{"damage":15,"enemies":"Cultist","floor":1,"turns":5},{"damage":17,"enemies":"Small Slimes","floor":2,"turns":5},{"damage":7,"enemies":"2 Louse","floor":4,"turns":3},{"damage":5,"enemies":"2 Fungi Beasts","floor":5,"turns":6},{"damage":29,"enemies":"Gremlin Nob","floor":10,"turns":6},{"damage":12,"enemies":"The Guardian","floor":16,"turns":9},{"damage":11,"enemies":"Shell Parasite","floor":18,"turns":4},{"damage":23,"enemies":"3 Byrds","floor":19,"turns":6},{"damage":39,"enemies":"Slavers","floor":23,"turns":7},{"damage":0,"enemies":"Shelled Parasite and Fungi","floor":24,"turns":4},{"damage":5,"enemies":"Snecko","floor":27,"turns":4},{"damage":2,"enemies":"Centurion and Healer","floor":29,"turns":4},{"damage":0,"enemies":"Gremlin Leader","floor":31,"turns":3},{"damage":10,"enemies":"Automaton","floor":33,"turns":6},{"damage":14,"enemies":"3 Shapes","floor":35,"turns":3},{"damage":17,"enemies":"3 Darklings","floor":37,"turns":5},{"damage":18,"enemies":"4 Shapes","floor":39,"turns":8},{"damage":14,"enemies":"Giant Head","floor":41,"turns":5},{"damage":0,"enemies":"Jaw Worm Horde","floor":42,"turns":5},{"damage":27,"enemies":"2 Orb Walkers","floor":45,"turns":4},{"damage":24,"enemies":"3 Darklings","floor":46,"turns":5},{"damage":16,"enemies":"Awakened One","floor":50,"turns":9},{"damage":35,"enemies":"Shield and Spear","floor":54,"turns":6},{"damage":48,"enemies":"The Heart","floor":55,"turns":2}],"seed_played":"3985986963302062679","potions_obtained":[{"floor":1,"key":"SteroidPotion"},{"floor":2,"key":"Fire Potion"},{"floor":16,"key":"FearPotion"},{"floor":24,"key":"PowerPotion"},{"floor":27,"key":"LiquidBronze"},{"floor":37,"key":"Strength Potion"},{"floor":41,"key":"EssenceOfSteel"},{"floor":46,"key":"FearPotion"},{"floor":54,"key":"Swift Potion"}],"is_trial":false,"path_per_floor":["M","M","T","M","M","$","R","?","T","E","R","?","R","?","R","B",null,"M","M","$","?","?","E","M","R","T","M","?","M","?","E","R","B",null,"M","?","M","?","M","R","E","M","T","R","?","M","$","?","R","B",null,"R","$","E","B"],"character_chosen":"IRONCLAD","items_purchased":["Impervious","Toxic Egg 2","Shockwave+1"],"campfire_rested":1,"item_purchase_floors":[6,20,20],"current_hp_per_floor":[59,48,48,47,48,48,48,48,48,25,25,11,31,36,36,30,63,58,41,41,41,41,13,24,24,29,35,35,44,49,60,60,61,71,72,72,70,70,67,67,68,70,70,70,58,49,49,49,49,43,63,63,63,43,0],"gold":65,"neow_bonus":"THREE_RARE_CARDS","is_prod":false,"is_daily":false,"chose_seed":false,"campfire_upgraded":8,"win_rate":0,"timestamp":1552943348,"path_taken":["M","M","?","M","M","?","R","?","T","E","R","?","R","?","R","BOSS","M","M","$","?","?","E","M","R","T","?","?","M","?","E","R","BOSS","M","?","?","?","M","R","E","M","T","R","?","M","$","?","R","BOSS","R","$","E","BOSS"],"build_version":"2019-01-23","purchased_purges":3,"victory":false,"max_hp_per_floor":[75,75,75,75,75,75,75,69,69,69,69,69,69,74,74,74,74,74,74,74,74,74,74,74,74,74,74,74,74,74,74,74,74,74,74,74,74,70,70,70,70,70,70,70,70,70,70,70,70,70,70,70,70,70,70],"card_choices":[{"not_picked":["Dark Embrace","Berserk"],"picked":"Demon Form","floor":0},{"not_picked":["True Grit","Warcry"],"picked":"Seeing Red","floor":1},{"not_picked":["Fire Breathing","Pommel Strike"],"picked":"Shrug It Off","floor":2},{"not_picked":["Pommel Strike","Clash"],"picked":"Iron Wave","floor":4},{"not_picked":["Clash","Uppercut","Warcry"],"picked":"SKIP","floor":5},{"not_picked":["Body Slam","Sword Boomerang"],"picked":"Flex","floor":10},{"not_picked":["Impervious","Brutality"],"picked":"Exhume","floor":16},{"not_picked":["Perfected Strike","Clash"],"picked":"Iron Wave","floor":18},{"not_picked":["Clash","Heavy Blade"],"picked":"Ghostly Armor","floor":19},{"not_picked":["Burning Pact+1","Reckless Charge+1"],"picked":"Bludgeon","floor":23},{"not_picked":["Clash","Body Slam","True Grit+1"],"picked":"SKIP","floor":24},{"not_picked":["Thunderclap","Searing Blow"],"picked":"Heavy Blade","floor":27},{"not_picked":["Flex+1","Double Tap+1","Clash"],"picked":"SKIP","floor":29},{"not_picked":["Iron Wave","Disarm+1","Hemokinesis"],"picked":"SKIP","floor":31},{"not_picked":["Fiend Fire","Offering+1"],"picked":"Barricade","floor":33},{"not_picked":["Thunderclap","Pummel","Warcry+1"],"picked":"SKIP","floor":35},{"not_picked":["Wild Strike","Second Wind+1","Combust+1"],"picked":"SKIP","floor":37},{"not_picked":["Whirlwind","Twin Strike","Shockwave+1"],"picked":"SKIP","floor":39},{"not_picked":["True Grit+1","Sever Soul"],"picked":"Heavy Blade","floor":41},{"not_picked":["Shrug It Off+1","Barricade"],"picked":"Armaments+1","floor":42},{"not_picked":["Thunderclap","Clothesline","Wild Strike"],"picked":"SKIP","floor":46},{"not_picked":["Bloodletting+1","Pommel Strike+1","True Grit+1"],"picked":"SKIP","floor":54}],"player_experience":615163,"relics_obtained":[{"floor":3,"key":"PreservedInsect"},{"floor":9,"key":"MawBank"},{"floor":10,"key":"Mummified Hand"},{"floor":23,"key":"Paper Frog"},{"floor":31,"key":"Orichalcum"},{"floor":41,"key":"Potion Belt"},{"floor":43,"key":"Oddly Smooth Stone"},{"floor":45,"key":"Thread and Needle"},{"floor":54,"key":"Happy Flower"}],"event_choices":[{"damage_healed":0,"gold_gain":0,"player_choice":"Lose Max HP","damage_taken":0,"relics_obtained":["Golden Idol"],"max_hp_gain":0,"max_hp_loss":6,"event_name":"Golden Idol","floor":8,"gold_loss":0},{"damage_healed":0,"gold_gain":0,"player_choice":"Entered Light","damage_taken":14,"max_hp_gain":0,"max_hp_loss":0,"event_name":"Shining Light","floor":12,"gold_loss":0,"cards_upgraded":["Demon Form","Strike_R"]},{"damage_healed":0,"gold_gain":0,"player_choice":"Donut","damage_taken":0,"max_hp_gain":5,"max_hp_loss":0,"event_name":"Big Fish","floor":14,"gold_loss":0},{"damage_healed":0,"gold_gain":0,"player_choice":"Gave Idol","damage_taken":0,"relics_obtained":["Bloody Idol"],"max_hp_gain":0,"max_hp_loss":0,"event_name":"Forgotten Altar","floor":21,"relics_lost":["Golden Idol"],"gold_loss":0},{"damage_healed":0,"gold_gain":0,"player_choice":"Forge","damage_taken":0,"max_hp_gain":0,"max_hp_loss":0,"event_name":"Accursed Blacksmith","floor":22,"gold_loss":0,"cards_upgraded":["Iron Wave"]},{"damage_healed":0,"gold_gain":0,"player_choice":"Paid Fearfully","damage_taken":0,"max_hp_gain":0,"max_hp_loss":0,"event_name":"Masked Bandits","floor":28,"gold_loss":127},{"cards_removed":["Flex"],"damage_healed":5,"gold_gain":0,"player_choice":"Offered Common","damage_taken":0,"max_hp_gain":0,"max_hp_loss":0,"event_name":"Bonfire Elementals","floor":30,"gold_loss":0},{"cards_removed":["Flex"],"damage_healed":5,"gold_gain":0,"player_choice":"Offered Special","damage_taken":0,"max_hp_gain":0,"max_hp_loss":0,"event_name":"Bonfire Elementals","floor":30,"gold_loss":0},{"damage_healed":0,"gold_gain":0,"player_choice":"Copied","damage_taken":0,"max_hp_gain":0,"max_hp_loss":0,"event_name":"Duplicator","floor":36,"gold_loss":0,"cards_obtained":["Demon Form"]},{"damage_healed":0,"gold_gain":0,"player_choice":"Max HP","damage_taken":0,"max_hp_gain":0,"max_hp_loss":4,"event_name":"Winding Halls","floor":38,"gold_loss":0},{"damage_healed":0,"gold_gain":0,"player_choice":"Fight","damage_taken":0,"max_hp_gain":0,"max_hp_loss":0,"event_name":"Mysterious Sphere","floor":45,"gold_loss":0},{"damage_healed":0,"gold_gain":0,"player_choice":"Memory 1","damage_taken":0,"max_hp_gain":0,"max_hp_loss":0,"event_name":"SensoryStone","floor":48,"gold_loss":0}],"is_beta":false,"boss_relics":[{"not_picked":["Runic Cube","Ectoplasm"],"picked":"Snecko Eye"},{"not_picked":["Lizard Tail","Calling Bell"],"picked":"Black Blood"}],"items_purged_floors":[6,47,53],"is_endless":false,"potions_floor_spawned":[1,2,16,24,27,31,37,41,46,54],"killed_by":"The Heart","ascension_level":14}