{"path_per_floor":["M","?","?","?","M","R","E","T","T","R","M","E","?","$","R","B",null,"M","?","M","$","M","R","M","R","T","E","R","M","M","?","R","B",null,"M","M","?","?","M","E","M","?","T","R","M","?","M","$","R","B"],"character_chosen":"DEFECT","items_purchased":["Defragment","Toxic Egg 2","Defragment","Coolheaded","Thunder Strike","Chaos+1"],"gold_per_floor":[115,115,95,45,64,64,98,174,174,174,189,233,408,266,266,387,387,408,408,399,34,50,50,66,66,66,100,100,120,143,143,143,268,268,284,305,305,305,323,361,377,377,377,377,398,398,411,76,76,76],"floor_reached":51,"campfire_rested":2,"playtime":5757,"item_purchase_floors":[14,21,21,21,48,48],"current_hp_per_floor":[74,56,56,56,56,56,33,33,43,68,66,58,58,58,58,52,92,89,89,64,64,64,64,61,61,61,46,46,22,3,3,30,49,92,73,73,73,73,70,36,36,61,61,61,61,49,41,41,41,42],"items_purged":["Doubt","Strike_B"],"gold":76,"score":1025,"play_id":"f50dbc68-632f-40f2-8513-8c9352381631","local_time":"20180609192321","is_prod":false,"is_daily":false,"chose_seed":false,"is_ascension_mode":true,"campfire_upgraded":7,"win_rate":0.0,"timestamp":1528568601,"campfire_choices":[{"data":"Dualcast","floor":6,"key":"SMITH"},{"floor":10,"key":"REST"},{"data":"Defragment","floor":15,"key":"SMITH"},{"data":"Defragment","floor":23,"key":"SMITH"},{"data":"Storm","floor":25,"key":"SMITH"},{"data":"FTL","floor":28,"key":"SMITH"},{"floor":32,"key":"REST"},{"data":"Machine Learning","floor":44,"key":"SMITH"},{"data":"Electrodynamics","floor":49,"key":"SMITH"}],"path_taken":["M","?","?","?","M","R","E","?","T","R","M","E","?","$","R","BOSS","M","?","M","$","M","R","?","R","T","E","R","M","M","?","R","BOSS","M","?","?","?","?","E","M","?","T","R","?","?","M","$","R","BOSS"],"build_version":"2018-06-07v3","seed_source_timestamp":157909290766651,"purchased_purges":2,"victory":true,"master_deck":["Strike_B","Defend_B","Defend_B","Defend_B","Zap","Dualcast+1","Coolheaded","Aggregate","Machine Learning+1","Conserve Battery","FTL+1","Defragment+1","Seek","Lockon+1","Chaos","Gash+1","Defragment+1","Coolheaded+1","Storm+1","Force Field+1","Redo+1","Chill+1","Capacitor+1","Loop+1","Rainbow+1","Electrodynamics+1","Redo+1","Compile Driver+1","Static Discharge+1","Cold Snap+1","Gash+1","Gash","Aggregate+1","Redo+1","Conserve Battery+1","Madness+1","Madness+1","Fusion+1","Conserve Battery+1","Thunder Strike","Chaos+1"],"max_hp_per_floor":[75,75,75,75,75,75,75,75,85,85,85,92,92,92,92,92,92,92,92,92,92,92,92,92,92,92,92,92,92,92,92,92,92,92,92,92,92,92,92,92,92,92,92,92,92,92,92,92,92,92],"relics":["Cracked Core","Golden Idol","Bronze Scales","Pantograph","Pear","Strawberry","Nuclear Battery","Toxic Egg 2","Gremlin Horn","Prayer Wheel","Runic Pyramid","Dream Catcher","Dead Branch","Question Card"],"card_choices":[{"not_picked":["Sweeping Beam","Loop"],"picked":"Coolheaded","floor":1},{"not_picked":["Stack","Ball Lightning"],"picked":"Aggregate","floor":5},{"not_picked":["BootSequence","Barrage"],"picked":"Machine Learning","floor":7},{"not_picked":["Sweeping Beam","Blizzard"],"picked":"Conserve Battery","floor":11},{"not_picked":["Go for the Eyes","Reprogram"],"picked":"FTL","floor":12},{"not_picked":["All For One","Reboot"],"picked":"Seek","floor":16},{"not_picked":["Steam","Beam Cell"],"picked":"Lockon+1","floor":18},{"not_picked":["Consume","Rip and Tear+1"],"picked":"Gash+1","floor":20},{"not_picked":["Skim+1","Heatsinks"],"picked":"Storm","floor":22},{"not_picked":["Skim+1","Steam+1"],"picked":"Force Field+1","floor":24},{"not_picked":["Go for the Eyes","Cold Snap"],"picked":"Redo+1","floor":27},{"not_picked":["Ball Lightning","White Noise+1"],"picked":"Chill+1","floor":29},{"not_picked":["Beam Cell","BootSequence+1"],"picked":"Capacitor+1","floor":29},{"not_picked":["Hologram+1","Leap+1"],"picked":"Loop+1","floor":30},{"not_picked":["Stack+1","Loop"],"picked":"Rainbow+1","floor":30},{"not_picked":["All For One","Rainbow+1"],"picked":"Electrodynamics","floor":33},{"not_picked":["Gash","Leap+1"],"picked":"Redo+1","floor":35},{"not_picked":["Multi-Cast+1","Streamline+1"],"picked":"Compile Driver+1","floor":35},{"not_picked":["Storm+1","Aggregate+1"],"picked":"Static Discharge+1","floor":36},{"not_picked":["Beam Cell+1","BootSequence+1","Reprogram+1"],"picked":"SKIP","floor":36},{"not_picked":["Sweeping Beam+1","Coolheaded+1"],"picked":"Cold Snap+1","floor":39},{"not_picked":["Auto Shields+1","Static Discharge+1","Leap+1"],"picked":"SKIP","floor":39},{"not_picked":["Double Energy+1","Steam+1"],"picked":"Gash+1","floor":40},{"not_picked":["Barrage","Steam+1"],"picked":"Gash","floor":41},{"not_picked":["Stack+1","Cold Snap+1","Compile Driver+1"],"picked":"SKIP","floor":41},{"not_picked":["Auto Shields+1","Buffer"],"picked":"Aggregate+1","floor":42},{"not_picked":["Reprogram+1","Compile Driver+1","Streamline+1"],"picked":"Redo+1","floor":45},{"not_picked":["Storm+1","Auto Shields+1","Redo+1"],"picked":"Conserve Battery+1","floor":45},{"not_picked":["Skim+1","Auto Shields+1","Stack+1"],"picked":"Fusion+1","floor":47},{"not_picked":["Self Repair","Beam Cell","Redo+1"],"picked":"Conserve Battery+1","floor":47}],"player_experience":202794,"potions_floor_usage":[30,41],"damage_taken":[{"damage":1,"enemies":"Jaw Worm","floor":1,"turns":4},{"damage":0,"enemies":"Small Slimes","floor":5,"turns":3},{"damage":23,"enemies":"3 Sentries","floor":7,"turns":10},{"damage":2,"enemies":"2 Louse","floor":11,"turns":2},{"damage":15,"enemies":"Lagavulin","floor":12,"turns":9},{"damage":31,"enemies":"The Guardian","floor":16,"turns":13},{"damage":3,"enemies":"3 Byrds","floor":18,"turns":4},{"damage":25,"enemies":"2 Thieves","floor":20,"turns":4},{"damage":0,"enemies":"Centurion and Healer","floor":22,"turns":8},{"damage":3,"enemies":"Snake Plant","floor":24,"turns":3},{"damage":15,"enemies":"Book of Stabbing","floor":27,"turns":4},{"damage":24,"enemies":"Slaver and Parasite","floor":29,"turns":4},{"damage":19,"enemies":"3 Cultists","floor":30,"turns":5},{"damage":6,"enemies":"Champ","floor":33,"turns":10},{"damage":19,"enemies":"3 Darklings","floor":35,"turns":4},{"damage":0,"enemies":"3 Shapes","floor":36,"turns":3},{"damage":3,"enemies":"Maw","floor":39,"turns":6},{"damage":34,"enemies":"2 Orb Walkers","floor":40,"turns":4},{"damage":0,"enemies":"3 Darklings","floor":41,"turns":3},{"damage":0,"floor":42,"turns":7},{"damage":0,"enemies":"Sphere and 2 Shapes","floor":45,"turns":2},{"damage":8,"enemies":"Maw","floor":47,"turns":5},{"damage":24,"enemies":"Donu and Deca","floor":50,"turns":3}],"relics_obtained":[{"floor":7,"key":"Bronze Scales"},{"floor":8,"key":"Pantograph"},{"floor":9,"key":"Pear"},{"floor":12,"key":"Strawberry"},{"floor":26,"key":"Gremlin Horn"},{"floor":27,"key":"Prayer Wheel"},{"floor":40,"key":"Dream Catcher"},{"floor":42,"key":"Dead Branch"},{"floor":43,"key":"Question Card"}],"event_choices":[{"event_name":"Golden Idol","player_choice":"Take Damage","floor":2,"damage_taken":0},{"event_name":"The Woman in Blue","player_choice":"Bought 1 Potion","floor":3,"damage_taken":0},{"event_name":"The Cleric","player_choice":"Card Removal","floor":4,"damage_taken":0},{"event_name":"Liars Game","player_choice":"agreed","floor":13,"damage_taken":0},{"event_name":"The Library","player_choice":"Read","floor":19,"damage_taken":0},{"event_name":"Cursed Tome","player_choice":"Ignored","floor":31,"damage_taken":0},{"event_name":"Falling","player_choice":"Removed Skill","floor":37,"damage_taken":0},{"event_name":"Purifier","player_choice":"One Purge","floor":38,"damage_taken":0},{"event_name":"MindBloom","player_choice":"Fight","floor":42,"damage_taken":0},{"event_name":"Winding Halls","player_choice":"Embrace Madness","floor":46,"damage_taken":0}],"boss_relics":[{"not_picked":["Orrery","Busted Crown"],"picked":"Nuclear Battery"},{"not_picked":["Eternal Feather","Calling Bell"],"picked":"Runic Pyramid"}],"items_purged_floors":[14,48],"potions_floor_spawned":[11,22,27,30,33,36,39,41],"seed_played":"3826815791768132415","ascension_level":1,"potions_obtained":[{"floor":3,"key":"Poison Potion"},{"floor":11,"key":"SpeedPotion"},{"floor":22,"key":"SteroidPotion"},{"floor":27,"key":"Explosive Potion"},{"floor":30,"key":"Explosive Potion"},{"floor":41,"key":"Ancient Potion"}],"is_trial":false}