{"gold_per_floor":[364,364,25,25,36,36,56,90,114,114,114,114,114,139,139,213,213,227,50,50,50,60,91,105,115,115,125,140,150,150,166,166,244,244,256,256,271,287,287,287,312,312,312,312,331,331,344,344,344,344,344,344,179,179],"floor_reached":54,"playtime":3492,"items_purged":["Regret","Parasite","Madness"],"score":1270,"play_id":"e6a982c8-2c0c-4041-b1f6-f47f76d65075","local_time":"20190223011025","is_ascension_mode":true,"campfire_choices":[{"data":"Go for the Eyes","floor":6,"key":"SMITH"},{"data":"Dualcast","floor":10,"key":"SMITH"},{"data":"Coolheaded","floor":12,"key":"SMITH"},{"floor":15,"key":"RECALL"},{"data":"Defragment","floor":30,"key":"SMITH"},{"data":"Rainbow","floor":32,"key":"SMITH"},{"floor":40,"key":"REST"},{"floor":42,"key":"REST"},{"floor":46,"key":"REST"},{"floor":49,"key":"REST"},{"floor":52,"key":"REST"}],"neow_cost":"TEN_PERCENT_HP_LOSS","seed_source_timestamp":364232402317400,"circlet_count":0,"master_deck":["AscendersBane","Strike_B+1","Strike_B+1","Strike_B+1","Strike_B+1","Defend_B+1","Defend_B+1","Defend_B+1","Defend_B+1","Zap","Dualcast+1","Coolheaded","Hello World","Go for the Eyes+1","Cold Snap","Coolheaded+1","Rainbow+1","Defragment+1","Cold Snap","Ball Lightning","Machine Learning","Chill","Cold Snap","Madness","Conserve Battery+1","Blizzard+1","Static Discharge"],"relics":["Cracked Core","MawBank","Runic Capacitor","Singing Bowl","Ginger","Bird Faced Urn","Velvet Choker","Ornamental Fan","Nunchaku","Shuriken","Fusion Hammer","Blue Candle","Molten Egg 2"],"potions_floor_usage":[8,23,28,33,37,38,47,50],"damage_taken":[{"damage":2,"enemies":"Jaw Worm","floor":1,"turns":3},{"damage":0,"enemies":"Small Slimes","floor":5,"turns":2},{"damage":0,"enemies":"Cultist","floor":7,"turns":3},{"damage":14,"enemies":"Lagavulin","floor":8,"turns":7},{"damage":13,"enemies":"3 Sentries","floor":14,"turns":8},{"damage":0,"enemies":"The Guardian","floor":16,"turns":14},{"damage":5,"enemies":"Chosen","floor":18,"turns":5},{"damage":9,"enemies":"Spheric Guardian","floor":22,"turns":4},{"damage":33,"enemies":"Slavers","floor":23,"turns":11},{"damage":7,"enemies":"Shelled Parasite and Fungi","floor":24,"turns":6},{"damage":12,"enemies":"Snake Plant","floor":25,"turns":5},{"damage":2,"enemies":"Cultist and Chosen","floor":27,"turns":7},{"damage":0,"enemies":"Centurion and Healer","floor":28,"turns":7},{"damage":0,"enemies":"Snake Plant","floor":29,"turns":6},{"damage":0,"enemies":"Cultist and Chosen","floor":31,"turns":6},{"damage":12,"enemies":"Collector","floor":33,"turns":10},{"damage":0,"enemies":"Orb Walker","floor":35,"turns":4},{"damage":12,"enemies":"3 Darklings","floor":37,"turns":7},{"damage":10,"enemies":"Maw","floor":38,"turns":8},{"damage":17,"enemies":"Giant Head","floor":41,"turns":10},{"damage":20,"enemies":"Spire Growth","floor":45,"turns":6},{"damage":0,"enemies":"Transient","floor":47,"turns":5},{"damage":33,"enemies":"Awakened One","floor":50,"turns":15},{"damage":89,"enemies":"Shield and Spear","floor":54,"turns":7}],"seed_played":"-5048406051170553547","potions_obtained":[{"floor":4,"key":"EssenceOfSteel"},{"floor":4,"key":"Weak Potion"},{"floor":16,"key":"Dexterity Potion"},{"floor":27,"key":"GamblersBrew"},{"floor":29,"key":"PowerPotion"},{"floor":33,"key":"EssenceOfSteel"},{"floor":35,"key":"Block Potion"},{"floor":38,"key":"GamblersBrew"},{"floor":41,"key":"FearPotion"}],"is_trial":false,"path_per_floor":["M","?","$","?","M","R","M","E","T","R","?","R","?","E","R","B",null,"M","$","?","T","M","E","M","M","T","M","M","M","R","M","R","B",null,"M","?","M","M","?","R","E","R","T","?","M","R","M","?","R","B",null,"R","$","E"],"character_chosen":"DEFECT","items_purchased":["Runic Capacitor","Hello World","Go for the Eyes","Cold Snap","Ball Lightning","Static Discharge"],"campfire_rested":5,"item_purchase_floors":[3,3,3,19,19,53],"current_hp_per_floor":[62,62,62,62,62,62,62,48,48,48,41,41,57,46,46,48,62,59,59,59,59,52,23,22,14,14,18,26,32,32,38,38,36,64,72,63,59,57,59,81,70,83,83,83,69,83,83,83,83,56,76,83,83,0],"gold":179,"neow_bonus":"TWO_FIFTY_GOLD","is_prod":false,"is_daily":false,"chose_seed":false,"campfire_upgraded":5,"win_rate":0,"timestamp":1550884225,"path_taken":["M","?","$","?","M","R","?","E","T","R","?","R","?","E","R","BOSS","M","$","?","?","M","E","M","M","T","M","M","M","R","M","R","BOSS","M","?","M","M","?","R","E","R","T","?","M","R","M","?","R","BOSS","R","$","E"],"build_version":"2019-01-23","purchased_purges":3,"victory":false,"max_hp_per_floor":[64,64,64,64,64,64,64,64,64,64,64,64,64,66,66,66,66,66,63,63,63,63,63,63,63,63,65,67,69,69,71,71,73,73,75,75,77,79,81,81,83,83,83,83,83,83,83,83,83,83,83,83,83,83],"card_choices":[{"not_picked":["Compile Driver","Cold Snap"],"picked":"Coolheaded","floor":1},{"not_picked":["Aggregate","Redo"],"picked":"Cold Snap","floor":5},{"not_picked":["Streamline","Beam Cell","Capacitor"],"picked":"SKIP","floor":7},{"not_picked":["Stack","Force Field"],"picked":"Coolheaded","floor":8},{"not_picked":["Sweeping Beam","Hello World","Darkness"],"picked":"Singing Bowl","floor":14},{"not_picked":["Creative AI","Hyperbeam"],"picked":"Rainbow","floor":16},{"not_picked":["Cold Snap","Go for the Eyes"],"picked":"Defragment","floor":18},{"not_picked":["Gash+1","Sweeping Beam+1"],"picked":"Undo","floor":22},{"not_picked":["Doom and Gloom","Fusion"],"picked":"Machine Learning","floor":23},{"not_picked":["Steam","Sweeping Beam"],"picked":"Chill","floor":24},{"not_picked":["Go for the Eyes","Leap"],"picked":"Cold Snap","floor":25},{"not_picked":["Ball Lightning","Fusion","Reinforced Body"],"picked":"Singing Bowl","floor":27},{"not_picked":["Double Energy","Gash","Static Discharge"],"picked":"Singing Bowl","floor":28},{"not_picked":["Sweeping Beam","Tempest","Gash"],"picked":"Singing Bowl","floor":29},{"not_picked":["Gash","Steam","Streamline"],"picked":"Singing Bowl","floor":31},{"not_picked":["Amplify","Creative AI","Multi-Cast"],"picked":"Singing Bowl","floor":33},{"not_picked":["Storm","Turbo","Go for the Eyes"],"picked":"Singing Bowl","floor":35},{"not_picked":["Sweeping Beam","Turbo+1","Cold Snap"],"picked":"Singing Bowl","floor":37},{"not_picked":["Turbo","Recycle","Steam"],"picked":"Singing Bowl","floor":38},{"not_picked":["Impatience","Enlightenment","PanicButton"],"picked":"Singing Bowl","floor":39},{"not_picked":["Multi-Cast","Rip and Tear","Lockon+1"],"picked":"Singing Bowl","floor":41},{"not_picked":["Ball Lightning+1","Coolheaded+1"],"picked":"Conserve Battery+1","floor":45},{"not_picked":["Consume","Reinforced Body+1"],"picked":"Blizzard+1","floor":47}],"player_experience":582128,"relics_obtained":[{"floor":8,"key":"Singing Bowl"},{"floor":14,"key":"Bird Faced Urn"},{"floor":21,"key":"Ornamental Fan"},{"floor":23,"key":"Nunchaku"},{"floor":26,"key":"Shuriken"},{"floor":41,"key":"Blue Candle"},{"floor":43,"key":"Molten Egg 2"}],"event_choices":[{"damage_healed":0,"gold_gain":0,"player_choice":"Box","damage_taken":0,"relics_obtained":["MawBank"],"max_hp_gain":0,"max_hp_loss":0,"event_name":"Big Fish","floor":2,"gold_loss":0,"cards_obtained":["Regret"]},{"damage_healed":0,"gold_gain":0,"player_choice":"Got Potions","damage_taken":0,"max_hp_gain":0,"max_hp_loss":0,"event_name":"Lab","floor":4,"gold_loss":0},{"damage_healed":0,"gold_gain":0,"player_choice":"Success","damage_taken":7,"relics_obtained":["Ginger"],"max_hp_gain":0,"max_hp_loss":0,"event_name":"Scrap Ooze","floor":11,"gold_loss":0},{"damage_healed":16,"gold_gain":0,"player_choice":"Healed and dodged fight","damage_taken":0,"max_hp_gain":0,"max_hp_loss":0,"event_name":"Mushrooms","floor":13,"gold_loss":0,"cards_obtained":["Parasite"]},{"damage_healed":0,"gold_gain":0,"player_choice":"Simplicity","damage_taken":0,"max_hp_gain":0,"max_hp_loss":0,"event_name":"Back to Basics","floor":20,"gold_loss":0,"cards_upgraded":["Strike_B","Strike_B","Strike_B","Strike_B","Defend_B","Defend_B","Defend_B","Defend_B"]},{"damage_healed":0,"gold_gain":0,"player_choice":"Embrace Madness","damage_taken":9,"max_hp_gain":0,"max_hp_loss":0,"event_name":"Winding Halls","floor":36,"gold_loss":0,"cards_obtained":["Madness","Madness"]},{"damage_healed":0,"gold_gain":0,"player_choice":"Memory 1","damage_taken":0,"max_hp_gain":0,"max_hp_loss":0,"event_name":"SensoryStone","floor":39,"gold_loss":0},{"cards_removed":["Undo"],"damage_healed":0,"gold_gain":0,"player_choice":"Removed Skill","damage_taken":0,"max_hp_gain":0,"max_hp_loss":0,"event_name":"Falling","floor":44,"gold_loss":0},{"damage_healed":0,"gold_gain":0,"player_choice":"Ignored","damage_taken":0,"max_hp_gain":0,"max_hp_loss":0,"event_name":"Tomb of Lord Red Mask","floor":48,"gold_loss":0}],"is_beta":false,"boss_relics":[{"not_picked":["Calling Bell","Lizard Tail"],"picked":"Velvet Choker"},{"not_picked":["Pandora\u0027s Box","Black Star"],"picked":"Fusion Hammer"}],"items_purged_floors":[3,19,53],"is_endless":false,"potions_floor_spawned":[5,16,22,27,29,33,35,38,41],"killed_by":"Shield and Spear","ascension_level":14}