{"gold_per_floor":[114,125,125,145,164,164,198,223,223,246,246,269,269,269,269,400,400,420,445,468,468,468],"floor_reached":22,"playtime":1635,"items_purged":[],"score":190,"play_id":"0b7ae133-3f31-45d1-8939-1644bc946dc0","local_time":"20190228194045","is_ascension_mode":false,"campfire_choices":[{"data":"Zap","floor":6,"key":"SMITH"},{"data":"White Noise","floor":11,"key":"SMITH"},{"floor":15,"key":"REST"}],"neow_cost":"NONE","seed_source_timestamp":1357925921414500,"circlet_count":0,"master_deck":["Strike_B+1","Strike_B+1","Strike_B+1","Strike_B+1","Defend_B+1","Defend_B+1","Defend_B+1","Defend_B+1","Zap+1","Dualcast","All For One","Ball Lightning+1","White Noise+1","Injury","Gash","Conserve Battery+1","Gash","Darkness","Darkness","Loop+1","Multi-Cast","Gash","Ball Lightning","White Noise"],"relics":["Cracked Core","Golden Idol","Pear","Matryoshka","Inserter"],"potions_floor_usage":[16,16,22],"damage_taken":[{"damage":1,"enemies":"Jaw Worm","floor":1,"turns":4},{"damage":0,"enemies":"Small Slimes","floor":2,"turns":4},{"damage":0,"enemies":"2 Louse","floor":4,"turns":3},{"damage":1,"enemies":"Exordium Wildlife","floor":5,"turns":3},{"damage":33,"enemies":"Lagavulin","floor":7,"turns":7},{"damage":0,"enemies":"Looter","floor":8,"turns":2},{"damage":24,"enemies":"3 Louse","floor":10,"turns":4},{"damage":0,"enemies":"Exordium Wildlife","floor":12,"turns":3},{"damage":4,"enemies":"Slime Boss","floor":16,"turns":7},{"damage":11,"enemies":"Chosen","floor":18,"turns":5},{"damage":22,"enemies":"Spheric Guardian","floor":19,"turns":4},{"damage":38,"enemies":"Centurion and Healer","floor":20,"turns":5},{"damage":14,"enemies":"Snake Plant","floor":22,"turns":2}],"seed_played":"155770786745187173","potions_obtained":[{"floor":4,"key":"Block Potion"},{"floor":12,"key":"FocusPotion"},{"floor":16,"key":"Ancient Potion"}],"is_trial":false,"path_per_floor":["M","M","?","M","M","R","E","M","T","M","R","M","?","?","R","B",null,"M","M","M","?","M"],"character_chosen":"DEFECT","items_purchased":[],"campfire_rested":1,"item_purchase_floors":[],"current_hp_per_floor":[74,74,74,74,73,73,50,50,50,26,26,26,26,9,34,30,85,74,52,14,14,0],"gold":468,"neow_bonus":"ONE_RANDOM_RARE_CARD","is_prod":false,"is_daily":false,"chose_seed":false,"campfire_upgraded":2,"win_rate":0.0,"timestamp":1551400845,"path_taken":["M","M","?","M","M","R","E","M","T","M","R","M","?","?","R","BOSS","M","M","M","?","M"],"build_version":"2019-01-23","purchased_purges":0,"victory":false,"max_hp_per_floor":[75,75,75,75,75,75,85,85,85,85,85,85,85,85,85,85,85,85,85,85,85,85],"card_choices":[{"not_picked":["Cold Snap","Conserve Battery"],"picked":"Ball Lightning","floor":1},{"not_picked":["Beam Cell","Cold Snap"],"picked":"White Noise","floor":2},{"not_picked":["Go for the Eyes","Hello World"],"picked":"Gash","floor":4},{"not_picked":["Rainbow","Steam Power"],"picked":"Conserve Battery","floor":5},{"not_picked":["Reboot","Stack"],"picked":"Gash","floor":7},{"not_picked":["Consume","Defragment"],"picked":"Darkness","floor":8},{"not_picked":["Fusion","Hologram"],"picked":"Darkness","floor":10},{"not_picked":["Compile Driver","Steam"],"picked":"Loop","floor":12},{"not_picked":["Fission","Thunder Strike"],"picked":"Multi-Cast","floor":16},{"not_picked":["Chill","Turbo"],"picked":"Gash","floor":18},{"not_picked":["Cold Snap+1","Chaos"],"picked":"Ball Lightning","floor":19},{"not_picked":["Rebound+1","Go for the Eyes+1"],"picked":"White Noise","floor":20}],"player_experience":13551,"relics_obtained":[{"floor":7,"key":"Pear"},{"floor":9,"key":"Matryoshka"}],"event_choices":[{"damage_healed":0,"gold_gain":0,"player_choice":"Take Wound","damage_taken":0,"relics_obtained":["Golden Idol"],"max_hp_gain":0,"max_hp_loss":0,"event_name":"Golden Idol","floor":3,"gold_loss":0,"cards_obtained":["Injury"]},{"damage_healed":0,"gold_gain":0,"player_choice":"Grow","damage_taken":0,"max_hp_gain":0,"max_hp_loss":0,"event_name":"Living Wall","floor":13,"gold_loss":0,"cards_upgraded":["Loop"]},{"damage_healed":0,"gold_gain":0,"player_choice":"Entered Light","damage_taken":17,"max_hp_gain":0,"max_hp_loss":0,"event_name":"Shining Light","floor":14,"gold_loss":0,"cards_upgraded":["Conserve Battery","Ball Lightning"]},{"damage_healed":0,"gold_gain":0,"player_choice":"Simplicity","damage_taken":0,"max_hp_gain":0,"max_hp_loss":0,"event_name":"Back to Basics","floor":21,"gold_loss":0,"cards_upgraded":["Strike_B","Strike_B","Strike_B","Strike_B","Defend_B","Defend_B","Defend_B","Defend_B"]}],"is_beta":false,"boss_relics":[{"not_picked":["Black Star","Snecko Eye"],"picked":"Inserter"}],"items_purged_floors":[],"is_endless":false,"potions_floor_spawned":[4,12,16],"killed_by":"Snake Plant","ascension_level":0}