{"gold_per_floor":[112,124,124,144,319,319,339,18,18,18,18,33,33,50,50,150,150,163,179,199,199,199],"floor_reached":22,"playtime":1191,"items_purged":["Doubt"],"score":187,"play_id":"0be0af56-199a-4e44-b97f-d9b8f3a5bbb8","local_time":"20190323205525","is_ascension_mode":true,"campfire_choices":[{"data":"Redo","floor":6,"key":"SMITH"},{"data":"Go for the Eyes","floor":11,"key":"SMITH"},{"floor":13,"key":"REST"},{"data":"Zap","floor":15,"key":"SMITH"}],"neow_cost":"PERCENT_DAMAGE","seed_source_timestamp":905712314319200,"circlet_count":0,"master_deck":["Strike_B","Defend_B","Defend_B","Defend_B","Defend_B","Zap+1","Dualcast","BootSequence","Go for the Eyes+1","Redo+1","Cold Snap+1","Coolheaded","Fission","Go for the Eyes+1","Streamline+1"],"relics":["Cracked Core","Pocketwatch","Question Card","Molten Egg 2","Inserter"],"potions_floor_usage":[16,16],"damage_taken":[{"damage":0,"enemies":"2 Louse","floor":1,"turns":3},{"damage":0,"enemies":"Small Slimes","floor":2,"turns":4},{"damage":6,"enemies":"Cultist","floor":4,"turns":4},{"damage":4,"enemies":"2 Fungi Beasts","floor":7,"turns":3},{"damage":7,"enemies":"Gremlin Gang","floor":12,"turns":4},{"damage":2,"enemies":"3 Louse","floor":14,"turns":3},{"damage":5,"enemies":"The Guardian","floor":16,"turns":15},{"damage":4,"enemies":"Shell Parasite","floor":18,"turns":8},{"damage":5,"enemies":"3 Byrds","floor":19,"turns":6},{"damage":20,"enemies":"Centurion and Healer","floor":20,"turns":6},{"damage":52,"enemies":"Cultist and Chosen","floor":22,"turns":6}],"seed_played":"-730297902923584846","potions_obtained":[{"floor":7,"key":"Weak Potion"},{"floor":14,"key":"FocusPotion"},{"floor":16,"key":"Explosive Potion"},{"floor":19,"key":"Fire Potion"}],"is_trial":false,"path_per_floor":["M","M","?","M","?","R","M","$","T","?","R","M","R","M","R","B",null,"M","M","M","?","M"],"character_chosen":"DEFECT","items_purchased":["Question Card"],"campfire_rested":1,"item_purchase_floors":[8],"current_hp_per_floor":[54,54,47,41,41,41,37,37,37,37,37,30,52,50,50,45,75,71,66,46,46,0],"gold":199,"neow_bonus":"ONE_RARE_RELIC","is_prod":false,"is_daily":false,"chose_seed":false,"campfire_upgraded":3,"win_rate":0,"timestamp":1553388925,"path_taken":["M","M","?","M","?","R","M","$","T","?","R","M","R","M","R","BOSS","M","M","?","?","?"],"build_version":"2019-01-23","purchased_purges":1,"victory":false,"max_hp_per_floor":[75,75,75,75,75,75,75,75,75,75,75,75,75,75,75,75,75,75,75,75,75,75],"card_choices":[{"not_picked":["Ball Lightning","Stack"],"picked":"BootSequence","floor":1},{"not_picked":["Consume","Beam Cell"],"picked":"Go for the Eyes","floor":2},{"not_picked":["Beam Cell","Gash"],"picked":"Redo","floor":4},{"not_picked":["Force Field","Turbo","Genetic Algorithm"],"picked":"SKIP","floor":7},{"not_picked":["BootSequence","Heatsinks","Tempest"],"picked":"Cold Snap+1","floor":12},{"not_picked":["Stack","Reprogram","Melter+1"],"picked":"Coolheaded","floor":14},{"not_picked":["Echo Form","Amplify","Core Surge+1"],"picked":"Fission","floor":16},{"not_picked":["Hologram","Gash+1","Storm+1"],"picked":"Go for the Eyes+1","floor":18},{"not_picked":["Double Energy+1","Cold Snap+1","Sweeping Beam+1"],"picked":"Streamline+1","floor":19},{"not_picked":["Ball Lightning+1","Gash+1","Static Discharge","Storm"],"picked":"SKIP","floor":20}],"player_experience":298587,"relics_obtained":[{"floor":9,"key":"Molten Egg 2"}],"event_choices":[{"cards_removed":["Strike_B"],"damage_healed":0,"gold_gain":0,"player_choice":"Card Removal","damage_taken":7,"max_hp_gain":0,"max_hp_loss":0,"event_name":"Golden Wing","floor":3,"gold_loss":0},{"damage_healed":0,"gold_gain":175,"player_choice":"AGREE","damage_taken":0,"max_hp_gain":0,"max_hp_loss":0,"event_name":"Liars Game","floor":5,"gold_loss":0,"cards_obtained":["Doubt"]},{"cards_removed":["Strike_B"],"damage_healed":0,"gold_gain":0,"player_choice":"Purged","damage_taken":0,"max_hp_gain":0,"max_hp_loss":0,"event_name":"Purifier","floor":10,"gold_loss":0},{"cards_removed":["Strike_B"],"damage_healed":0,"gold_gain":0,"player_choice":"Offered Basic","damage_taken":0,"max_hp_gain":0,"max_hp_loss":0,"event_name":"Bonfire Elementals","floor":21,"gold_loss":0}],"is_beta":false,"boss_relics":[{"not_picked":["Sozu","Busted Crown"],"picked":"Inserter"}],"items_purged_floors":[8],"is_endless":false,"potions_floor_spawned":[7,14,16,19],"killed_by":"Cultist and Chosen","ascension_level":1}