{"gold_per_floor":[364,382,105,105,116,116,116,116,116,116,133,133,144,178,178,178],"floor_reached":16,"playtime":536,"items_purged":["Strike_B"],"score":150,"play_id":"9db39ff9-2251-42c7-bc54-2f670d9a5555","local_time":"20181006020059","is_ascension_mode":true,"campfire_choices":[{"data":"Redo","floor":6,"key":"SMITH"},{"data":"Fusion","floor":8,"key":"SMITH"},{"data":"Chill","floor":12,"key":"SMITH"},{"floor":15,"key":"REST"}],"neow_cost":"PERCENT_DAMAGE","seed_source_timestamp":299968357324338,"circlet_count":0,"master_deck":["Strike_B","Strike_B","Defend_B","Defend_B","Defend_B","Defend_B","Zap","Dualcast","AscendersBane","Redo+1","Coolheaded","Ball Lightning","Fusion+1","Chill+1","Darkness","Steam"],"relics":["Cracked Core","Happy Flower","Matryoshka","Orichalcum"],"potions_floor_usage":[16],"damage_taken":[{"damage":3,"enemies":"2 Louse","floor":1,"turns":3},{"damage":1,"enemies":"Cultist","floor":2,"turns":3},{"damage":12,"enemies":"Jaw Worm","floor":5,"turns":3},{"damage":9,"enemies":"Blue Slaver","floor":11,"turns":3},{"damage":0,"enemies":"3 Louse","floor":13,"turns":4},{"damage":25,"enemies":"Lagavulin","floor":14,"turns":6},{"damage":52,"enemies":"Hexaghost","floor":16,"turns":11}],"seed_played":"-5464700092287528391","potions_obtained":[{"floor":11,"key":"FearPotion"},{"floor":13,"key":"Dexterity Potion"},{"floor":14,"key":"FocusPotion"}],"is_trial":false,"path_per_floor":["M","M","$","?","M","R","?","R","T","?","M","R","M","E","R"],"character_chosen":"DEFECT","items_purchased":["Happy Flower","Ball Lightning"],"campfire_rested":1,"item_purchase_floors":[3,3],"current_hp_per_floor":[47,46,46,46,34,34,34,34,34,59,50,50,50,25,47,0],"gold":178,"neow_bonus":"TWO_FIFTY_GOLD","is_prod":false,"is_daily":false,"chose_seed":false,"campfire_upgraded":3,"win_rate":0,"timestamp":1538787659,"path_taken":["M","M","$","?","M","R","?","R","T","?","M","R","?","E","R","BOSS"],"build_version":"2018-10-04","purchased_purges":1,"victory":false,"max_hp_per_floor":[75,75,75,75,75,75,75,75,75,75,75,75,75,75,75,75],"card_choices":[{"not_picked":["Sweeping Beam","Steam"],"picked":"Redo","floor":1},{"not_picked":["Turbo","Gash"],"picked":"Coolheaded","floor":2},{"not_picked":["Force Field","Turbo","Redo"],"picked":"SKIP","floor":5},{"not_picked":["Compile Driver","Lockon"],"picked":"Chill","floor":11},{"not_picked":["Beam Cell","Fusion"],"picked":"Darkness","floor":13},{"not_picked":["Melter","Leap"],"picked":"Steam","floor":14}],"player_experience":452840,"relics_obtained":[{"floor":9,"key":"Matryoshka"},{"floor":14,"key":"Orichalcum"}],"event_choices":[{"event_name":"The Woman in Blue","player_choice":"Bought 0 Potions","floor":4,"damage_taken":0},{"event_name":"Living Wall","player_choice":"Change","floor":7,"damage_taken":0},{"event_name":"Big Fish","player_choice":"Banana","floor":10,"damage_taken":0}],"is_beta":false,"boss_relics":[],"items_purged_floors":[3],"is_endless":false,"potions_floor_spawned":[11,13,14],"killed_by":"Hexaghost","ascension_level":10}