{"gold_per_floor":[109,123,133,133,83,83,113,128,128,140,154,5,5,32,32,132,132,150,150,150,161,90,123,85,85,85,45,58,58],"floor_reached":29,"playtime":1167,"items_purged":[],"score":377,"play_id":"63e1f9a3-35d2-42b2-92cf-7bab75eda5b6","local_time":"20181102212828","is_ascension_mode":true,"campfire_choices":[{"data":"Dualcast","floor":6,"key":"SMITH"},{"data":"Go for the Eyes","floor":15,"key":"SMITH"},{"floor":25,"key":"REST"}],"neow_cost":"TEN_PERCENT_HP_LOSS","seed_source_timestamp":543967263481701,"circlet_count":0,"master_deck":["AscendersBane","Strike_B","Strike_B+1","Defend_B","Defend_B+1","Defend_B","Zap","Dualcast+1","Rainbow+1","Hologram","Auto Shields","Self Repair","Coolheaded","Undo","Cold Snap","Go for the Eyes+1","Discovery","Electrodynamics+1","Cold Snap","Buffer+1","Sweeping Beam","Lockon","Core Surge"],"relics":["Cracked Core","Frozen Egg 2","Blue Candle","Singing Bowl","Strawberry","Snecko Eye","Meat on the Bone","MutagenicStrength","Blood Vial","Kunai"],"potions_floor_usage":[7,16,23],"damage_taken":[{"damage":6,"enemies":"Small Slimes","floor":1,"turns":3},{"damage":10,"enemies":"2 Louse","floor":2,"turns":2},{"damage":0,"enemies":"Cultist","floor":3,"turns":5},{"damage":22,"enemies":"Lagavulin","floor":7,"turns":6},{"damage":2,"enemies":"3 Louse","floor":8,"turns":4},{"damage":0,"enemies":"Exordium Wildlife","floor":10,"turns":3},{"damage":0,"enemies":"Large Slime","floor":11,"turns":5},{"damage":6,"enemies":"The Guardian","floor":16,"turns":11},{"damage":2,"enemies":"3 Byrds","floor":18,"turns":2},{"damage":4,"enemies":"Spheric Guardian","floor":21,"turns":5},{"damage":59,"enemies":"Gremlin Leader","floor":23,"turns":7},{"damage":6,"enemies":"Cultist and Chosen","floor":28,"turns":6},{"damage":59,"enemies":"Slavers","floor":29,"turns":3}],"seed_played":"-3540572898109042893","potions_obtained":[{"floor":2,"key":"Fire Potion"},{"floor":3,"key":"Fire Potion"},{"floor":10,"key":"Strength Potion"},{"floor":16,"key":"Swift Potion"},{"floor":28,"key":"SteroidPotion"}],"is_trial":false,"path_per_floor":["M","M","M","?","?","R","E","M","T","M","M","$","?","T","R","B",null,"M","T","?","M","$","E","$","R","T","?","M","E"],"character_chosen":"DEFECT","items_purchased":["Go for the Eyes","Discovery","Buffer+1","Lockon"],"campfire_rested":1,"item_purchase_floors":[12,12,22,24],"current_hp_per_floor":[62,52,52,52,52,52,37,42,42,42,49,49,49,56,56,57,71,69,69,69,74,74,27,27,50,50,50,53,0],"gold":58,"neow_bonus":"TRANSFORM_TWO_CARDS","is_prod":false,"is_daily":false,"chose_seed":false,"campfire_upgraded":2,"win_rate":0,"timestamp":1541194108,"path_taken":["M","M","M","?","?","R","E","M","T","M","M","$","?","?","R","BOSS","M","?","?","M","$","E","?","R","T","?","M","E"],"build_version":"2018-11-01","purchased_purges":0,"victory":false,"max_hp_per_floor":[68,68,68,68,68,68,68,68,68,68,68,68,68,75,75,75,75,75,75,75,77,77,77,77,77,77,77,77,77],"card_choices":[{"not_picked":["Stack","Steam"],"picked":"Auto Shields","floor":1},{"not_picked":["Auto Shields","Storm"],"picked":"Self Repair","floor":2},{"not_picked":["Turbo","Leap"],"picked":"Coolheaded","floor":3},{"not_picked":["Hologram","Rebound","Darkness"],"picked":"SKIP","floor":7},{"not_picked":["Tempest","Melter"],"picked":"Undo","floor":8},{"not_picked":["Barrage","Redo"],"picked":"Cold Snap","floor":10},{"not_picked":["Sunder","Turbo","Steam Power"],"picked":"SKIP","floor":11},{"not_picked":["Machine Learning+1","Meteor Strike"],"picked":"Electrodynamics+1","floor":16},{"not_picked":["Gash","Streamline"],"picked":"Cold Snap","floor":18},{"not_picked":["Auto Shields","Hologram","Heatsinks+1"],"picked":"Singing Bowl","floor":21},{"not_picked":["Aggregate","Barrage"],"picked":"Sweeping Beam","floor":23},{"not_picked":["Melter","Reprogram"],"picked":"Core Surge","floor":28}],"player_experience":490919,"relics_obtained":[{"floor":7,"key":"Frozen Egg 2"},{"floor":9,"key":"Blue Candle"},{"floor":14,"key":"Strawberry"},{"floor":19,"key":"Meat on the Bone"},{"floor":23,"key":"Blood Vial"},{"floor":26,"key":"Kunai"}],"event_choices":[{"damage_healed":0,"gold_gain":0,"player_choice":"Grow","damage_taken":0,"max_hp_gain":0,"max_hp_loss":0,"event_name":"Living Wall","floor":4,"gold_loss":0,"cards_upgraded":["Rainbow"]},{"cards_removed":["Defend_B"],"damage_healed":0,"gold_gain":0,"player_choice":"Card Removal","damage_taken":0,"max_hp_gain":0,"max_hp_loss":0,"event_name":"The Cleric","floor":5,"gold_loss":50},{"damage_healed":0,"gold_gain":0,"player_choice":"Searched \u00271\u0027 times","damage_taken":0,"relics_obtained":["Singing Bowl"],"max_hp_gain":0,"max_hp_loss":0,"event_name":"Dead Adventurer","floor":13,"gold_loss":0},{"damage_healed":0,"gold_gain":0,"player_choice":"Inject Mutagens","damage_taken":0,"relics_obtained":["MutagenicStrength"],"max_hp_gain":0,"max_hp_loss":0,"event_name":"Drug Dealer","floor":20,"gold_loss":0},{"damage_healed":0,"gold_gain":0,"player_choice":"Upgraded Two","damage_taken":0,"max_hp_gain":0,"max_hp_loss":0,"event_name":"Designer","floor":27,"gold_loss":40,"cards_upgraded":["Defend_B","Strike_B"]}],"is_beta":false,"boss_relics":[{"not_picked":["Calling Bell","Lizard Tail"],"picked":"Snecko Eye"}],"items_purged_floors":[],"is_endless":false,"potions_floor_spawned":[2,3,10,16,28],"killed_by":"Slavers","ascension_level":11}