{"gold_per_floor":[359,13,13,24,36,62,62,73,103,133,133,153,170,180,180,180],"floor_reached":16,"playtime":1063,"items_purged":[],"score":114,"play_id":"e6e25dfc-61ee-4717-be33-3741506b4c34","local_time":"20190323131057","is_ascension_mode":false,"campfire_choices":[{"data":"All Out Attack","floor":7,"key":"SMITH"},{"floor":15,"key":"REST"}],"neow_cost":"TEN_PERCENT_HP_LOSS","seed_source_timestamp":580087831706400,"circlet_count":0,"master_deck":["Defend_G","Defend_G","Defend_G","Defend_G","Defend_G","Strike_G","Strike_G","Strike_G","Strike_G+1","Strike_G","Survivor+1","Neutralize","PiercingWail","Dagger Spray","All Out Attack+1","Leg Sweep","Dash","Bouncing Flask","Dodge and Roll","Backflip","Cloak And Dagger"],"relics":["Ring of the Snake","Mummified Hand","Art of War","Tiny Chest","Bottled Flame"],"potions_floor_usage":[6,6,10,10,16],"damage_taken":[{"damage":7,"enemies":"Small Slimes","floor":1,"turns":5},{"damage":6,"enemies":"Cultist","floor":4,"turns":4},{"damage":0,"enemies":"Jaw Worm","floor":5,"turns":6},{"damage":4,"enemies":"Gremlin Nob","floor":6,"turns":4},{"damage":0,"enemies":"Blue Slaver","floor":8,"turns":4},{"damage":8,"enemies":"Lagavulin","floor":10,"turns":9},{"damage":0,"enemies":"Exordium Thugs","floor":12,"turns":7},{"damage":0,"enemies":"Large Slime","floor":13,"turns":6},{"damage":8,"enemies":"Looter","floor":14,"turns":3},{"damage":36,"enemies":"Hexaghost","floor":16,"turns":14}],"seed_played":"3191378843103419710","potions_obtained":[{"floor":1,"key":"FearPotion"},{"floor":4,"key":"Block Potion"},{"floor":5,"key":"Energy Potion"},{"floor":8,"key":"SpeedPotion"},{"floor":14,"key":"Explosive Potion"}],"is_trial":false,"path_per_floor":["M","$","?","M","M","E","R","M","T","E","?","M","M","M","R","B"],"character_chosen":"THE_SILENT","items_purchased":["Mummified Hand","Dagger Spray","All Out Attack"],"campfire_rested":1,"item_purchase_floors":[2,2,2],"current_hp_per_floor":[56,56,43,37,37,33,33,33,33,25,25,25,25,17,35,0],"gold":180,"neow_bonus":"TWO_FIFTY_GOLD","is_prod":false,"is_daily":false,"chose_seed":false,"campfire_upgraded":1,"win_rate":0.0,"timestamp":1553361057,"path_taken":["M","$","?","M","M","E","R","M","T","E","?","?","M","M","R","BOSS"],"build_version":"2019-01-23","purchased_purges":0,"victory":false,"max_hp_per_floor":[63,63,63,63,63,63,63,63,63,63,63,63,63,63,63,63],"card_choices":[{"not_picked":["Tactician","Riddle With Holes"],"picked":"PiercingWail","floor":1},{"not_picked":["Dagger Throw","Backflip"],"picked":"Leg Sweep","floor":4},{"not_picked":["Dagger Spray","Reflex","Slice"],"picked":"SKIP","floor":5},{"not_picked":["Dagger Throw","Deflect"],"picked":"Dash","floor":6},{"not_picked":["Blade Dance","Outmaneuver","All Out Attack"],"picked":"SKIP","floor":8},{"not_picked":["Malaise","Quick Slash"],"picked":"Bouncing Flask","floor":10},{"not_picked":["Eviscerate","Bane"],"picked":"Dodge and Roll","floor":12},{"not_picked":["PiercingWail","Flechettes"],"picked":"Backflip","floor":13},{"not_picked":["Sucker Punch","Deflect"],"picked":"Cloak And Dagger","floor":14}],"player_experience":50930,"relics_obtained":[{"floor":6,"key":"Art of War"},{"floor":9,"key":"Tiny Chest"},{"floor":10,"key":"Bottled Flame"}],"event_choices":[{"damage_healed":0,"gold_gain":0,"player_choice":"Entered Light","damage_taken":13,"max_hp_gain":0,"max_hp_loss":0,"event_name":"Shining Light","floor":3,"gold_loss":0,"cards_upgraded":["Survivor","Strike_G"]},{"damage_healed":0,"gold_gain":0,"player_choice":"Ignored","damage_taken":0,"max_hp_gain":0,"max_hp_loss":0,"event_name":"NoteForYourself","floor":11,"gold_loss":0}],"is_beta":false,"boss_relics":[],"items_purged_floors":[],"is_endless":false,"potions_floor_spawned":[1,4,5,8,14],"killed_by":"Hexaghost","ascension_level":0}