{"gold_per_floor":[119,44,44,56,206,206,237,21,21,48,48,48,48,80,80,159,159,175,89,89,4,21,50,50,50,50,50,61,61],"floor_reached":29,"playtime":1111,"items_purged":["Doubt"],"score":549,"play_id":"f8be6942-e577-488d-8a0f-ad38452e6f55","local_time":"20190324224404","is_ascension_mode":true,"campfire_choices":[{"data":"PiercingWail","floor":6,"key":"SMITH"},{"data":"Footwork","floor":11,"key":"SMITH"},{"data":"A Thousand Cuts","floor":15,"key":"SMITH"},{"floor":25,"key":"REST"}],"neow_cost":"NONE","seed_source_timestamp":1711144940400,"circlet_count":0,"master_deck":["AscendersBane","Defend_G+1","Defend_G+1","Defend_G+1","Defend_G+1","Defend_G+1","Strike_G+1","Strike_G+1","Strike_G+1","Strike_G+1","Survivor","Neutralize+1","Backflip","PiercingWail+1","Dodge and Roll","Infinite Blades","Flying Knee","Footwork+1","A Thousand Cuts+1","After Image","Noxious Fumes","Footwork","Corpse Explosion","Poisoned Stab+1","Accuracy"],"relics":["Ring of the Snake","NeowsBlessing","Blood Vial","Molten Egg 2","Omamori","Dodecahedron","Shuriken","Philosopher\u0027s Stone","Sundial","Vajra","Ninja Scroll"],"potions_floor_usage":[10,10,14,29],"damage_taken":[{"damage":0,"enemies":"2 Louse","floor":1,"turns":1},{"damage":0,"enemies":"Small Slimes","floor":4,"turns":1},{"damage":0,"enemies":"3 Sentries","floor":7,"turns":1},{"damage":38,"enemies":"Gremlin Nob","floor":10,"turns":6},{"damage":0,"enemies":"Lagavulin","floor":14,"turns":9},{"damage":19,"enemies":"The Guardian","floor":16,"turns":11},{"damage":15,"enemies":"3 Byrds","floor":18,"turns":5},{"damage":0,"enemies":"Shell Parasite","floor":22,"turns":6},{"damage":14,"enemies":"Slavers","floor":23,"turns":6},{"damage":21,"enemies":"Shelled Parasite and Fungi","floor":28,"turns":5},{"damage":25,"enemies":"Snecko","floor":29,"turns":5}],"seed_played":"-7086779162935021512","potions_obtained":[{"floor":1,"key":"Swift Potion"},{"floor":7,"key":"Block Potion"},{"floor":10,"key":"Fire Potion"},{"floor":23,"key":"SpeedPotion"},{"floor":28,"key":"Ancient Potion"}],"is_trial":false,"path_per_floor":["M","?","?","M","?","R","E","$","T","E","R","?","$","E","R","B",null,"M","$","?","?","M","E","?","R","T","?","M","M"],"character_chosen":"THE_SILENT","items_purchased":["Infinite Blades","Flying Knee","Footwork"],"campfire_rested":1,"item_purchase_floors":[8,8,19],"current_hp_per_floor":[59,59,59,59,59,59,59,59,59,23,23,23,23,25,25,8,52,39,39,39,39,41,29,11,32,32,32,13,0],"gold":61,"neow_bonus":"THREE_ENEMY_KILL","is_prod":false,"is_daily":false,"chose_seed":false,"campfire_upgraded":3,"win_rate":0,"timestamp":1553467444,"path_taken":["M","?","?","M","?","R","E","$","T","E","R","?","?","E","R","BOSS","M","$","?","?","M","E","?","R","T","?","?","M"],"build_version":"2019-01-23","purchased_purges":1,"victory":false,"max_hp_per_floor":[66,66,66,66,66,66,66,66,66,66,66,66,66,66,66,66,66,66,66,66,66,66,66,71,71,71,71,71,71],"card_choices":[{"not_picked":["Bouncing Flask","Caltrops"],"picked":"Backflip","floor":1},{"not_picked":["Prepared","Dodge and Roll"],"picked":"PiercingWail","floor":4},{"not_picked":["Wraith Form v2","Expertise"],"picked":"Dodge and Roll","floor":7},{"not_picked":["Concentrate","Setup"],"picked":"Footwork","floor":10},{"not_picked":["PiercingWail","Riddle With Holes+1"],"picked":"A Thousand Cuts","floor":14},{"not_picked":["Burst","Night Terror"],"picked":"After Image","floor":16},{"not_picked":["Concentrate+1","Dagger Spray+1"],"picked":"Noxious Fumes","floor":18},{"not_picked":["Leg Sweep","Skewer+1","Concentrate+1"],"picked":"SKIP","floor":22},{"not_picked":["Sucker Punch+1","Calculated Gamble"],"picked":"Corpse Explosion","floor":23},{"not_picked":["Flying Knee+1","Slice+1"],"picked":"Accuracy","floor":28}],"player_experience":632166,"relics_obtained":[{"floor":7,"key":"Blood Vial"},{"floor":9,"key":"Molten Egg 2"},{"floor":10,"key":"Omamori"},{"floor":14,"key":"Shuriken"},{"floor":23,"key":"Vajra"},{"floor":26,"key":"Ninja Scroll"}],"event_choices":[{"cards_removed":["Strike_G"],"damage_healed":0,"gold_gain":0,"player_choice":"Card Removal","damage_taken":0,"max_hp_gain":0,"max_hp_loss":0,"event_name":"The Cleric","floor":2,"gold_loss":75},{"damage_healed":0,"gold_gain":0,"player_choice":"Grow","damage_taken":0,"max_hp_gain":0,"max_hp_loss":0,"event_name":"Living Wall","floor":3,"gold_loss":0,"cards_upgraded":["Neutralize"]},{"damage_healed":0,"gold_gain":150,"player_choice":"AGREE","damage_taken":0,"max_hp_gain":0,"max_hp_loss":0,"event_name":"Liars Game","floor":5,"gold_loss":0,"cards_obtained":["Doubt"]},{"damage_healed":0,"gold_gain":0,"player_choice":"Box","damage_taken":0,"relics_obtained":["Dodecahedron"],"max_hp_gain":0,"max_hp_loss":0,"event_name":"Big Fish","floor":12,"gold_loss":0,"cards_obtained":["Regret"]},{"damage_healed":0,"gold_gain":0,"player_choice":"Simplicity","damage_taken":0,"max_hp_gain":0,"max_hp_loss":0,"event_name":"Back to Basics","floor":20,"gold_loss":0,"cards_upgraded":["Defend_G","Defend_G","Defend_G","Defend_G","Defend_G","Strike_G","Strike_G","Strike_G","Strike_G"]},{"damage_healed":0,"gold_gain":0,"player_choice":"Obtained Relic","damage_taken":0,"relics_obtained":["Sundial"],"max_hp_gain":0,"max_hp_loss":0,"event_name":"Addict","floor":21,"gold_loss":85},{"damage_healed":0,"gold_gain":0,"player_choice":"Shed Blood","damage_taken":23,"max_hp_gain":5,"max_hp_loss":0,"event_name":"Forgotten Altar","floor":24,"gold_loss":0},{"damage_healed":0,"gold_gain":0,"player_choice":"Read","damage_taken":0,"max_hp_gain":0,"max_hp_loss":0,"event_name":"The Library","floor":27,"gold_loss":0,"cards_obtained":["Poisoned Stab"]}],"is_beta":false,"boss_relics":[{"not_picked":["Runic Pyramid","Ring of the Serpent"],"picked":"Philosopher\u0027s Stone"}],"items_purged_floors":[8],"is_endless":false,"potions_floor_spawned":[1,7,10,23,28],"killed_by":"Snecko","ascension_level":16}