{"path_per_floor":["M","?","?","M","M","R","M","E","T","R","?","M","M","M","R","B",null,"M","$","M","?","M","E","?"],"character_chosen":"THE_SILENT","items_purchased":["Toxic Egg 2","Outmaneuver","Dodge and Roll"],"gold_per_floor":[109,109,109,128,148,148,168,196,196,196,221,240,260,275,275,372,372,391,65,80,80,100,134,134],"floor_reached":25,"campfire_rested":2,"playtime":3766,"current_hp_per_floor":[64,61,66,66,62,62,49,33,33,55,47,38,30,39,61,29,75,64,64,55,55,42,17,17],"items_purged":[],"gold":134,"play_id":"33cfe598-bd73-4c90-8247-32bc6e2666e8","is_prod":false,"is_daily":false,"is_ascension_mode":false,"campfire_upgraded":1,"path_taken":["M","?","?","M","M","R","M","E","T","R","?","M","?","M","R","BOSS","M","$","M","?","M","E","?","M"],"build_version":"2018-02-01-PROD3","purchased_purges":1,"victory":false,"master_deck":["Defend_G","Defend_G","Defend_G","Defend_G","Defend_G","Strike_G","Strike_G","Strike_G","Strike_G","Strike_G","Survivor","Neutralize","Riddle With Holes","Footwork","Infinite Blades+1","Footwork","Burst","Prepared","Deadly Poison","Bouncing Flask","Deflect","Envenom","Predator","Outmaneuver+1","Dodge and Roll+1","Outmaneuver+1","Finisher","Skewer","Writhe"],"max_hp_per_floor":[70,70,75,75,75,75,75,75,75,75,75,75,75,75,75,75,75,75,75,75,75,75,75,75],"relics":["Ring of the Snake","Dodecahedron","Meat on the Bone","Mercury Hourglass","Odd Mushroom","The Specimen","Toxic Egg 2","Ginger","Bag of Marbles"],"card_choices":[{"not_picked":["Poisoned Stab","Deflect"],"picked":"Riddle With Holes"},{"not_picked":["Finisher","Endless Agony"],"picked":"Footwork"},{"not_picked":["PiercingWail","Acrobatics"],"picked":"Infinite Blades"},{"not_picked":["Dagger Throw","Poisoned Stab"],"picked":"Footwork"},{"not_picked":["Sucker Punch","Choke"],"picked":"Burst"},{"not_picked":["Acrobatics","Quick Slash"],"picked":"Prepared"},{"not_picked":["Slice","Outmaneuver"],"picked":"Deadly Poison"},{"not_picked":["Slice","Endless Agony"],"picked":"Bouncing Flask"},{"not_picked":["Sucker Punch","Skewer"],"picked":"Deflect"},{"not_picked":["Burst","Doppelganger"],"picked":"Envenom"},{"not_picked":["Quick Slash","Skewer"],"picked":"Predator"},{"not_picked":["Slice","Dagger Spray"],"picked":"Outmaneuver"},{"not_picked":["Prepared","Heel Hook"],"picked":"Finisher"},{"not_picked":["Heel Hook","Slice"],"picked":"Skewer"}],"player_experience":6817,"potions_floor_usage":[23,23,25],"damage_taken":[{"damage":6,"enemies":"2 Louse","floor":1,"turns":4},{"damage":0,"enemies":"Small Slimes","floor":4,"turns":2},{"damage":4,"enemies":"Blue Slaver","floor":5,"turns":5},{"damage":13,"enemies":"2 Fungi Beasts","floor":7,"turns":4},{"damage":16,"enemies":"Lagavulin","floor":8,"turns":13},{"damage":8,"enemies":"The Mushroom Lair","floor":11,"turns":4},{"damage":9,"enemies":"Large Slime","floor":12,"turns":7},{"damage":20,"enemies":"Exordium Thugs","floor":13,"turns":6},{"damage":3,"enemies":"Exordium Wildlife","floor":14,"turns":4},{"damage":44,"enemies":"Slime Boss","floor":16,"turns":12},{"damage":11,"enemies":"2 Thieves","floor":18,"turns":5},{"damage":9,"enemies":"Spheric Guardian","floor":20,"turns":7},{"damage":13,"enemies":"Centurion and Healer","floor":22,"turns":10},{"damage":37,"enemies":"Gremlin Leader","floor":23,"turns":8},{"damage":23,"enemies":"3 Cultists","floor":25,"turns":3}],"event_choices":[{"event_name":"Scrap Ooze","player_choice":"success","floor":2,"damage_taken":3},{"event_name":"Big Fish","player_choice":"Donut","floor":3,"damage_taken":0},{"event_name":"Mushrooms","player_choice":"Fought Mushrooms","floor":11,"damage_taken":0},{"event_name":"The Lab","player_choice":"Got Potions","floor":21,"damage_taken":0},{"event_name":"The Mausoleum","player_choice":"Yes","floor":24,"damage_taken":0}],"boss_relics":[{"not_picked":["Snecko Eye","Orrery"],"picked":"The Specimen"}],"potions_floor_spawned":[5,13,14,16,18,23],"seed_played":"3683530305843905036","killed_by":"3 Cultists","ascension_level":0,"is_trial":false}