{"gold_per_floor":[117,117,117,44,9,41,41,60,137,137,152,169,181,191,191,288,288,301,314,314,314],"floor_reached":21,"playtime":769,"items_purged":[],"score":235,"play_id":"119b5b1d-b989-4023-b631-75f914345f3d","local_time":"20180906173241","is_ascension_mode":true,"campfire_choices":[{"data":"Noxious Fumes","floor":7,"key":"SMITH"},{"data":"Crippling Poison","floor":10,"key":"SMITH"},{"floor":15,"key":"REST"}],"neow_cost":"","seed_source_timestamp":11754489012857,"circlet_count":0,"master_deck":["Defend_G+1","Defend_G+1","Defend_G+1","Defend_G+1","Defend_G+1","Strike_G+1","Strike_G+1","Strike_G+1","Strike_G+1","Survivor","Neutralize","Noxious Fumes+1","Crippling Poison+1","Caltrops","Bouncing Flask","Acrobatics","Quick Slash","Catalyst","Corpse Explosion","Noxious Fumes","Deadly Poison+1"],"relics":["Ring of the Snake","Potion Belt","Blue Candle","Question Card","Black Star"],"potions_floor_usage":[16,18,19],"damage_taken":[{"damage":5,"enemies":"Small Slimes","floor":1,"turns":4},{"damage":19,"enemies":"3 Sentries","floor":6,"turns":7},{"damage":4,"enemies":"Cultist","floor":8,"turns":4},{"damage":2,"enemies":"Jaw Worm","floor":11,"turns":4},{"damage":4,"enemies":"Blue Slaver","floor":12,"turns":4},{"damage":6,"enemies":"Looter","floor":13,"turns":4},{"damage":14,"enemies":"Large Slime","floor":14,"turns":6},{"damage":7,"enemies":"The Guardian","floor":16,"turns":8},{"damage":14,"enemies":"Chosen","floor":18,"turns":6},{"damage":36,"enemies":"3 Byrds","floor":19,"turns":3},{"damage":7,"enemies":"3 Cultists","floor":21,"turns":4}],"seed_played":"-6581195725171874032","potions_obtained":[{"floor":1,"key":"Ancient Potion"},{"floor":8,"key":"Explosive Potion"},{"floor":11,"key":"Block Potion"},{"floor":12,"key":"Block Potion"},{"floor":16,"key":"LiquidBronze"},{"floor":18,"key":"GamblersBrew"}],"is_trial":false,"path_per_floor":["M","?","?","$","?","E","R","M","T","R","M","M","M","M","R","B",null,"M","M","?"],"character_chosen":"THE_SILENT","items_purchased":["Crippling Poison"],"campfire_rested":1,"item_purchase_floors":[4],"current_hp_per_floor":[58,58,55,55,70,51,51,47,47,47,45,41,35,21,42,35,61,47,11,11,4],"gold":314,"neow_bonus":"","is_prod":false,"is_daily":false,"chose_seed":false,"campfire_upgraded":2,"win_rate":0,"timestamp":1536251561,"path_taken":["M","?","?","$","?","E","R","?","T","R","M","M","M","?","R","BOSS","M","?","?","M"],"build_version":"2018-08-30","purchased_purges":0,"victory":false,"max_hp_per_floor":[70,70,70,70,70,70,70,70,70,70,70,70,70,70,70,70,70,70,70,70,70],"card_choices":[{"not_picked":["Quick Slash","Infinite Blades"],"picked":"Noxious Fumes","floor":1},{"not_picked":["Cloak And Dagger","Concentrate"],"picked":"Caltrops","floor":6},{"not_picked":["Dagger Spray","Choke"],"picked":"Bouncing Flask","floor":8},{"not_picked":["Underhanded Strike","Reflex","Eviscerate","Slice"],"picked":"SKIP","floor":11},{"not_picked":["Dagger Spray","Underhanded Strike","Blade Dance"],"picked":"Acrobatics","floor":12},{"not_picked":["Phantasmal Killer","Acrobatics","Underhanded Strike"],"picked":"Quick Slash","floor":13},{"not_picked":["Cloak And Dagger","Eviscerate","Masterful Stab"],"picked":"Catalyst","floor":14},{"not_picked":["Burst","Glass Knife","Night Terror"],"picked":"Corpse Explosion","floor":16},{"not_picked":["Flying Knee","Endless Agony+1","Concentrate"],"picked":"Noxious Fumes","floor":18},{"not_picked":["Quick Slash","Acrobatics","Dagger Throw+1"],"picked":"Deadly Poison+1","floor":19}],"player_experience":328123,"relics_obtained":[{"floor":6,"key":"Blue Candle"},{"floor":9,"key":"Question Card"}],"event_choices":[{"event_name":"Purifier","player_choice":"One Purge","floor":2,"damage_taken":0},{"event_name":"Scrap Ooze","player_choice":"success","floor":3,"damage_taken":3},{"event_name":"The Cleric","player_choice":"Healed","floor":5,"damage_taken":0},{"event_name":"Back to Basics","player_choice":"Simplicity","floor":20,"damage_taken":0}],"is_beta":false,"boss_relics":[{"not_picked":["Velvet Choker","Pandora\u0027s Box"],"picked":"Black Star"}],"items_purged_floors":[],"is_endless":false,"potions_floor_spawned":[1,8,11,12,16,18],"killed_by":"3 Cultists","ascension_level":6}