{"gold_per_floor":[364,364,37,112,1,34,34,34,34,53,63,63,83,83,83,179,179,164,176,209,209,84,84,100,24,24,34,34,61,72,82,82,183,183,201,201,201,220,233,233,280,355,382,400,400,48,48,66,66,66],"floor_reached":51,"playtime":2434,"items_purged":["Strike_G"],"score":986,"play_id":"3c4fe911-98c5-4ed0-994d-f608831deb74","local_time":"20180921011840","is_ascension_mode":true,"campfire_choices":[{"floor":7.0,"key":"REST"},{"data":"Neutralize","floor":12.0,"key":"SMITH"},{"data":"Defend_G","floor":15.0,"key":"SMITH"},{"data":"Crippling Poison","floor":23.0,"key":"SMITH"},{"data":"Shame","floor":32,"key":"PURGE"},{"data":"Doppelganger","floor":40,"key":"SMITH"},{"data":"Normality","floor":45,"key":"PURGE"},{"data":"PiercingWail","floor":49,"key":"SMITH"}],"neow_cost":"CURSE","seed_source_timestamp":0,"circlet_count":0,"master_deck":["Defend_G+1","Defend_G","Defend_G","Defend_G","Defend_G+1","Strike_G+1","Survivor","Neutralize+1","Leg Sweep","Leg Sweep","Noxious Fumes+1","Noxious Fumes+1","Quick Slash","Infinite Blades+1","Doppelganger+1","Heel Hook","Footwork+1","Noxious Fumes+1","Crippling Poison+1","Bane","Flying Knee","Caltrops+1","PiercingWail+1","Backflip","Envenom+1","Envenom+1","Outmaneuver+1","Eviscerate+1","Heel Hook+1","Sadistic Nature+1","Backstab+1","Footwork+1","Dodge and Roll+1","Noxious Fumes+1","Adrenaline","Glass Knife","Madness","Madness","Tools of the Trade+1"],"special_seed":0,"relics":["Ring of the Snake","Frozen Egg 2","Bag of Preparation","Pear","Cursed Key","Red Mask","Peace Pipe","Mercury Hourglass","Meat on the Bone","Astrolabe","Bird Faced Urn","Prayer Wheel","Bronze Scales"],"potions_floor_usage":[27,29,30,33,33,44,50,50],"damage_taken":[{"damage":0.0,"enemies":"Cultist","floor":1.0,"turns":4.0},{"damage":27.0,"enemies":"3 Sentries","floor":6.0,"turns":8.0},{"damage":0.0,"enemies":"2 Louse","floor":10.0,"turns":4.0},{"damage":3.0,"enemies":"Jaw Worm","floor":11.0,"turns":5.0},{"damage":1.0,"enemies":"Blue Slaver","floor":13.0,"turns":4.0},{"damage":9.0,"enemies":"The Guardian","floor":16.0,"turns":9.0},{"damage":14.0,"enemies":"2 Thieves","floor":18.0,"turns":4.0},{"damage":3.0,"enemies":"3 Byrds","floor":19.0,"turns":4.0},{"damage":13.0,"enemies":"Masked Bandits","floor":20.0,"turns":4.0},{"damage":8.0,"enemies":"Shelled Parasite and Fungi","floor":24.0,"turns":5.0},{"damage":1,"enemies":"Chosen and Byrds","floor":27,"turns":4},{"damage":8,"enemies":"Book of Stabbing","floor":29,"turns":5},{"damage":3,"enemies":"Snake Plant","floor":30,"turns":4},{"damage":5,"enemies":"Snecko","floor":31,"turns":6},{"damage":22,"enemies":"Collector","floor":33,"turns":9},{"damage":24,"enemies":"3 Darklings","floor":35,"turns":4},{"damage":1,"enemies":"Mind Bloom Boss Battle","floor":37,"turns":6},{"damage":16,"enemies":"Orb Walker","floor":38,"turns":4},{"damage":21,"enemies":"Sphere and 2 Shapes","floor":39,"turns":5},{"damage":21,"enemies":"Mysterious Sphere","floor":41,"turns":5},{"damage":9,"enemies":"4 Shapes","floor":44,"turns":4},{"damage":20,"enemies":"Spire Growth","floor":48,"turns":6},{"damage":57,"enemies":"Donu and Deca","floor":50,"turns":8}],"seed_played":"-3709507732987119558","potions_obtained":[{"floor":6.0,"key":"SpeedPotion"},{"floor":10.0,"key":"Explosive Potion"},{"floor":16.0,"key":"LiquidBronze"},{"floor":18.0,"key":"FearPotion"},{"floor":20.0,"key":"SkillPotion"},{"floor":27,"key":"LiquidBronze"},{"floor":29,"key":"FearPotion"},{"floor":31,"key":"SkillPotion"},{"floor":37,"key":"Explosive Potion"},{"floor":38,"key":"SmokeBomb"},{"floor":44,"key":"Energy Potion"}],"is_trial":false,"path_per_floor":["M","?","$","?","$","E","R","?","T","M","M","R","M","?","R","B",null,"M","M","?","?","$","R","M","$","T","M","?","E","M","M","R","B",null,"M","?","?","M","M","R","?","?","T","M","R","$","?","M","R","B"],"character_chosen":"THE_SILENT","items_purchased":["Frozen Egg 2","Leg Sweep","Noxious Fumes+1","Crippling Poison","Bane","Caltrops+1","Noxious Fumes+1","Adrenaline","Glass Knife"],"campfire_rested":1,"item_purchase_floors":[3,3,5,22,22,25,46,46,46],"current_hp_per_floor":[63,63,63,52,52,25,46,32,42,42,39,39,38,64,64,55,74,60,57,44,44,44,44,36,36,36,35,35,27,36,43,43,33,68,44,44,43,51,44,44,51,43,43,44,44,44,34,48,48,23],"gold":66,"neow_bonus":"TWO_FIFTY_GOLD","is_prod":false,"is_daily":false,"chose_seed":false,"campfire_upgraded":5,"win_rate":0,"timestamp":1537489120,"path_taken":["M","?","$","?","$","E","R","?","T","M","?","R","M","?","R","BOSS","M","M","?","?","$","R","M","?","T","M","?","E","M","M","R","BOSS","M","?","?","M","M","R","?","?","T","M","R","$","?","M","R","BOSS"],"build_version":"2018-09-20","purchased_purges":1,"victory":true,"max_hp_per_floor":[70,70,70,70,70,70,70,70,80,80,80,80,80,80,80,80,80,80,80,80,80,80,80,80,80,80,80,80,80,80,80,80,80,80,80,80,80,80,80,80,80,80,80,80,80,80,80,80,80,80],"card_choices":[{"not_picked":["Flying Knee","Cloak And Dagger"],"picked":"Leg Sweep","floor":1.0},{"not_picked":["Slice","Burst"],"picked":"Noxious Fumes+1","floor":6.0},{"not_picked":["Dagger Throw","Slice"],"picked":"Quick Slash","floor":10.0},{"not_picked":["Deadly Poison","Dagger Throw","Sucker Punch"],"picked":"SKIP","floor":11.0},{"not_picked":["Blade Dance","Slice"],"picked":"Infinite Blades+1","floor":13.0},{"not_picked":["Wraith Form v2+1","Unload"],"picked":"Doppelganger","floor":16.0},{"not_picked":["Flying Knee","Expertise+1"],"picked":"Heel Hook","floor":18.0},{"not_picked":["Setup","Expertise","Sucker Punch"],"picked":"SKIP","floor":19.0},{"not_picked":["Underhanded Strike","Noxious Fumes+1"],"picked":"Footwork+1","floor":20.0},{"not_picked":["Outmaneuver","Crippling Poison"],"picked":"Flying Knee","floor":24},{"not_picked":["Outmaneuver","Quick Slash"],"picked":"PiercingWail","floor":27},{"not_picked":["Masterful Stab","Deflect","Poisoned Stab"],"picked":"SKIP","floor":29},{"not_picked":["Caltrops+1","Sucker Punch"],"picked":"Backflip","floor":30},{"not_picked":["Bouncing Flask","Outmaneuver+1","Deflect"],"picked":"SKIP","floor":31},{"not_picked":["Burst","Unload"],"picked":"Envenom+1","floor":33},{"not_picked":["Dodge and Roll+1","Deflect+1"],"picked":"Heel Hook+1","floor":35},{"not_picked":["Chrysalis","Secret Weapon"],"picked":"Sadistic Nature+1","floor":36},{"not_picked":["Slice","Underhanded Strike"],"picked":"Backstab+1","floor":37},{"not_picked":["Skewer+1","Outmaneuver+1","Flying Knee"],"picked":"SKIP","floor":38},{"not_picked":["Underhanded Strike","Deadly Poison","Quick Slash"],"picked":"SKIP","floor":39},{"not_picked":["Quick Slash","Infinite Blades+1"],"picked":"Footwork+1","floor":44},{"not_picked":["Footwork+1","Accuracy+1"],"picked":"Dodge and Roll+1","floor":44},{"not_picked":["Leg Sweep+1","Caltrops+1"],"picked":"Tools of the Trade+1","floor":48},{"not_picked":["Flechettes","Tactician","Prepared"],"picked":"SKIP","floor":48}],"player_experience":403704,"relics_obtained":[{"floor":6.0,"key":"Bag of Preparation"},{"floor":9.0,"key":"Pear"},{"floor":20.0,"key":"Red Mask"},{"floor":26,"key":"Peace Pipe"},{"floor":29,"key":"Meat on the Bone"},{"floor":37,"key":"Bird Faced Urn"},{"floor":41,"key":"Prayer Wheel"},{"floor":43,"key":"Bronze Scales"}],"event_choices":[{"event_name":"Living Wall","player_choice":"Forget","floor":2.0,"damage_taken":0.0},{"event_name":"World of Goop","player_choice":"Gather Gold","floor":4.0,"damage_taken":0.0},{"event_name":"Shining Light","player_choice":"Entered Light","floor":8.0,"damage_taken":0.0},{"event_name":"Big Fish","player_choice":"Banana","floor":14.0,"damage_taken":0.0},{"event_name":"Masked Bandits","player_choice":"Fought Bandits","floor":20.0,"damage_taken":0.0},{"event_name":"Duplicator","player_choice":"One dupe","floor":21.0,"damage_taken":0.0},{"event_name":"The Mausoleum","player_choice":"Yes","floor":28,"damage_taken":0},{"event_name":"SensoryStone","player_choice":"Memory 1","floor":36,"damage_taken":0},{"event_name":"MindBloom","player_choice":"Fight","floor":37,"damage_taken":0},{"event_name":"Mysterious Sphere","player_choice":"Fight","floor":41,"damage_taken":0},{"event_name":"FaceTrader","player_choice":"Touch","floor":42,"damage_taken":0},{"event_name":"Winding Halls","player_choice":"Embrace Madness","floor":47,"damage_taken":0}],"is_beta":false,"boss_relics":[{"not_picked":["Calling Bell","Coffee Dripper"],"picked":"Cursed Key"},{"not_picked":["Fusion Hammer","Lizard Tail"],"picked":"Astrolabe"}],"items_purged_floors":[5],"is_endless":false,"potions_floor_spawned":[6,10,16,18,20,27,29,31,37,38,44],"ascension_level":8}