{"gold_per_floor":[110,129,144,144,156,156,166,176,200,235,235,235,270,102,102,179,179,198,198,29,45,45,45,74,74,74,74,109,109,109,34,34,34],"floor_reached":33,"playtime":1657,"items_purged":["Strike_R"],"score":632,"play_id":"de9b712f-5114-4ffb-99bf-a958eaf87cd0","local_time":"20190325012014","is_ascension_mode":true,"campfire_choices":[{"data":"Rampage","floor":6,"key":"SMITH"},{"floor":12,"key":"REST"},{"data":"Disarm","floor":15,"key":"SMITH"},{"data":"Ghostly","floor":23,"key":"SMITH"},{"data":"Ghostly","floor":25,"key":"SMITH"},{"data":"1","floor":27,"key":"LIFT"},{"data":"2","floor":30,"key":"LIFT"},{"data":"Ghostly","floor":32,"key":"SMITH"}],"neow_cost":"NONE","seed_source_timestamp":17586101274174,"circlet_count":0,"master_deck":["AscendersBane","Strike_R","Strike_R","Defend_R","Defend_R","Defend_R","Defend_R","Bash","Twin Strike","Rampage+1","Anger","Fiend Fire","Headbutt","Battle Trance","Uppercut","Disarm+1","Impervious","Ghostly+1","Ghostly+1","Ghostly+1","Cleave+1","RitualDagger","Pommel Strike+1"],"relics":["Burning Blood","Red Skull","Pen Nib","Regal Pillow","Lantern","Velvet Choker","PreservedInsect","Anchor","Girya","Orichalcum","MutagenicStrength"],"potions_floor_usage":[5,7,7,13,18,33],"damage_taken":[{"damage":2,"enemies":"2 Louse","floor":1,"turns":3},{"damage":1,"enemies":"Cultist","floor":2,"turns":3},{"damage":8,"enemies":"Small Slimes","floor":3,"turns":4},{"damage":2,"enemies":"3 Louse","floor":5,"turns":4},{"damage":18,"enemies":"Large Slime","floor":7,"turns":8},{"damage":2,"enemies":"Exordium Wildlife","floor":8,"turns":3},{"damage":31,"enemies":"Gremlin Nob","floor":10,"turns":4},{"damage":0,"enemies":"Lagavulin","floor":13,"turns":4},{"damage":34,"enemies":"Hexaghost","floor":16,"turns":8},{"damage":28,"enemies":"Spheric Guardian","floor":18,"turns":4},{"damage":2,"enemies":"2 Thieves","floor":21,"turns":4},{"damage":12,"enemies":"Slavers","floor":24,"turns":5},{"damage":3,"enemies":"Book of Stabbing","floor":28,"turns":4},{"damage":48,"enemies":"Champ","floor":33,"turns":10}],"seed_played":"5627154040847248022","potions_obtained":[{"floor":0,"key":"EssenceOfSteel"},{"floor":0,"key":"FearPotion"},{"floor":3,"key":"Block Potion"},{"floor":5,"key":"SpeedPotion"},{"floor":10,"key":"AttackPotion"},{"floor":13,"key":"SmokeBomb"},{"floor":18,"key":"EssenceOfSteel"},{"floor":28,"key":"Regen Potion"}],"is_trial":false,"path_per_floor":["M","M","M","?","M","R","M","M","T","E","?","R","E","$","R","B",null,"M","?","$","M","?","R","E","R","T","R","E","?","R","?","R","B"],"character_chosen":"IRONCLAD","items_purchased":["Disarm","PowerPotion","PreservedInsect"],"campfire_rested":1,"item_purchase_floors":[14,14,20],"current_hp_per_floor":[72,75,73,47,51,51,39,43,43,18,18,55,61,61,61,33,65,43,37,37,37,31,31,25,25,25,25,28,28,28,28,28,0],"gold":34,"neow_bonus":"THREE_SMALL_POTIONS","is_prod":false,"is_daily":false,"chose_seed":false,"campfire_upgraded":5,"win_rate":0,"timestamp":1553469614,"path_taken":["M","M","M","?","M","R","M","M","T","E","?","R","E","$","R","BOSS","M","?","$","M","?","R","E","R","T","R","E","?","R","?","R","BOSS"],"build_version":"2019-01-23","purchased_purges":1,"victory":false,"max_hp_per_floor":[75,75,75,75,75,75,75,75,75,75,75,75,75,75,75,75,75,75,37,37,37,37,37,37,37,37,37,37,37,37,37,37,37],"card_choices":[{"not_picked":["Armaments","Wild Strike"],"picked":"Twin Strike","floor":1},{"not_picked":["Perfected Strike","Sword Boomerang"],"picked":"Rampage","floor":2},{"not_picked":["Infernal Blade","Havoc"],"picked":"Anger","floor":3},{"not_picked":["Searing Blow","Clash"],"picked":"Fiend Fire","floor":5},{"not_picked":["Infernal Blade","Twin Strike"],"picked":"Headbutt","floor":7},{"not_picked":["Clothesline","Carnage"],"picked":"Battle Trance","floor":8},{"not_picked":["True Grit","Perfected Strike"],"picked":"Uppercut","floor":10},{"not_picked":["Brutality","Rupture","Perfected Strike"],"picked":"SKIP","floor":13},{"not_picked":["Juggernaut","Berserk"],"picked":"Impervious","floor":16},{"not_picked":["Twin Strike","Clothesline","Warcry"],"picked":"SKIP","floor":18},{"not_picked":["Entrench","Second Wind"],"picked":"Cleave+1","floor":21},{"not_picked":["Body Slam","Clothesline"],"picked":"Pommel Strike+1","floor":24},{"not_picked":["Dark Embrace","Fire Breathing","Second Wind"],"picked":"SKIP","floor":28}],"player_experience":1603215,"relics_obtained":[{"floor":9,"key":"Pen Nib"},{"floor":10,"key":"Regal Pillow"},{"floor":13,"key":"Lantern"},{"floor":24,"key":"Anchor"},{"floor":26,"key":"Girya"},{"floor":28,"key":"Orichalcum"}],"event_choices":[{"damage_healed":0,"gold_gain":0,"player_choice":"Success","damage_taken":26,"relics_obtained":["Red Skull"],"max_hp_gain":0,"max_hp_loss":0,"event_name":"Scrap Ooze","floor":4,"gold_loss":0},{"cards_removed":["Strike_R"],"damage_healed":0,"gold_gain":0,"player_choice":"Purged","damage_taken":0,"max_hp_gain":0,"max_hp_loss":0,"event_name":"Purifier","floor":11,"gold_loss":0},{"damage_healed":0,"gold_gain":0,"player_choice":"Became a Ghost","damage_taken":0,"max_hp_gain":0,"max_hp_loss":38,"event_name":"Ghosts","floor":19,"gold_loss":0,"cards_obtained":["Ghostly","Ghostly","Ghostly"]},{"damage_healed":0,"gold_gain":0,"player_choice":"Joined the Cult","damage_taken":6,"max_hp_gain":0,"max_hp_loss":0,"event_name":"Nest","floor":22,"gold_loss":0,"cards_obtained":["RitualDagger"]},{"damage_healed":0,"gold_gain":0,"player_choice":"Inject Mutagens","damage_taken":0,"relics_obtained":["MutagenicStrength"],"max_hp_gain":0,"max_hp_loss":0,"event_name":"Drug Dealer","floor":29,"gold_loss":0},{"cards_removed":["Strike_R"],"damage_healed":0,"gold_gain":0,"player_choice":"Gave Gold","damage_taken":0,"max_hp_gain":0,"max_hp_loss":0,"event_name":"Beggar","floor":31,"gold_loss":75}],"is_beta":false,"boss_relics":[{"not_picked":["Tiny House","Pandora\u0027s Box"],"picked":"Velvet Choker"}],"items_purged_floors":[14],"is_endless":false,"potions_floor_spawned":[3,5,10,13,18,24,28],"killed_by":"Champ","ascension_level":20}