{"gold_per_floor":[116,116,44,68,79,79,112,112,192,3,23,43,43,43,43,138,138,157,157,157,169,219,219,236,236],"floor_reached":25,"playtime":1204,"items_purged":[],"score":386,"play_id":"13c576c3-052a-4fc6-856f-7db2f79763e6","local_time":"20181023214854","is_ascension_mode":true,"campfire_choices":[{"data":"Noxious Fumes","floor":6,"key":"SMITH"},{"floor":8,"key":"REST"},{"data":"Bouncing Flask","floor":15,"key":"SMITH"},{"data":"Tools of the Trade","floor":23,"key":"SMITH"}],"neow_cost":"NONE","seed_source_timestamp":22678113744771,"circlet_count":0,"master_deck":["Defend_G","Defend_G","Defend_G","Defend_G","Defend_G","Strike_G","Strike_G","Strike_G","Survivor","Neutralize","AscendersBane","Blind","Prepared","Noxious Fumes+1","Leg Sweep","Bouncing Flask+1","Infinite Blades","Escape Plan","Dagger Spray","Corpse Explosion","Accuracy","Tools of the Trade+1","Distraction"],"relics":["Ring of the Snake","Potion Belt","Peace Pipe","Question Card","Happy Flower","Runic Pyramid","Enchiridion"],"potions_floor_usage":[7,16,24,24,25,25],"damage_taken":[{"damage":11,"enemies":"Jaw Worm","floor":1,"turns":7},{"damage":5,"enemies":"Cultist","floor":5,"turns":5},{"damage":13,"enemies":"Lagavulin","floor":7,"turns":9},{"damage":1,"enemies":"Small Slimes","floor":11,"turns":5},{"damage":0,"enemies":"3 Louse","floor":12,"turns":3},{"damage":0,"enemies":"Hexaghost","floor":16,"turns":8},{"damage":0,"enemies":"Chosen","floor":18,"turns":5},{"damage":0,"enemies":"Spheric Guardian","floor":21,"turns":3},{"damage":20,"enemies":"Cultist and Chosen","floor":24,"turns":6},{"damage":34,"enemies":"Book of Stabbing","floor":25,"turns":7}],"seed_played":"8888581012940171707","potions_obtained":[{"floor":1,"key":"Block Potion"},{"floor":5,"key":"Swift Potion"},{"floor":7,"key":"SpeedPotion"},{"floor":12,"key":"SkillPotion"},{"floor":19,"key":"Swift Potion"},{"floor":19,"key":"SmokeBomb"},{"floor":24,"key":"Block Potion"}],"is_trial":false,"path_per_floor":["M","?","$","T","M","R","E","R","T","$","M","M","?","?","R","B",null,"M","?","?","M","?","R","M"],"character_chosen":"THE_SILENT","items_purchased":["Noxious Fumes","Happy Flower","Infinite Blades"],"campfire_rested":1,"item_purchase_floors":[3,10,10],"current_hp_per_floor":[52,52,52,52,47,47,34,55,55,55,54,54,54,54,54,54,66,66,66,50,50,50,50,30,0],"gold":236,"neow_bonus":"RANDOM_COLORLESS","is_prod":false,"is_daily":false,"chose_seed":false,"campfire_upgraded":3,"win_rate":0,"timestamp":1540327734,"path_taken":["M","?","?","?","?","R","E","R","T","$","M","M","?","?","R","BOSS","M","?","?","M","?","R","M","E"],"build_version":"2018-10-18","purchased_purges":0,"victory":false,"max_hp_per_floor":[70,70,70,70,70,70,70,70,70,70,70,70,70,70,70,70,70,70,70,70,70,70,70,70,70],"card_choices":[{"not_picked":["Finisher","Deflect"],"picked":"Prepared","floor":1},{"not_picked":["All Out Attack","Sucker Punch"],"picked":"Leg Sweep","floor":5},{"not_picked":["Bane","Cloak And Dagger"],"picked":"Bouncing Flask","floor":7},{"not_picked":["Masterful Stab","Dagger Throw","Sucker Punch"],"picked":"Escape Plan","floor":11},{"not_picked":["Outmaneuver","Blade Dance","Riddle With Holes"],"picked":"Dagger Spray","floor":12},{"not_picked":["Burst","Unload","Doppelganger"],"picked":"Corpse Explosion","floor":16},{"not_picked":["Well Laid Plans","Blade Dance+1","Slice"],"picked":"Accuracy","floor":18},{"not_picked":["PiercingWail","Dagger Spray","Acrobatics"],"picked":"Tools of the Trade","floor":21},{"not_picked":["Deflect+1","Crippling Poison","Deadly Poison"],"picked":"Distraction","floor":24}],"player_experience":469500,"relics_obtained":[{"floor":4,"key":"Potion Belt"},{"floor":7,"key":"Peace Pipe"},{"floor":9,"key":"Question Card"},{"floor":20,"key":"Enchiridion"}],"event_choices":[{"damage_healed":0,"gold_gain":0,"player_choice":"Bought 0 Potions","damage_taken":0,"max_hp_gain":0,"max_hp_loss":0,"event_name":"The Woman in Blue","floor":2,"gold_loss":0},{"cards_removed":["Strike_G"],"damage_healed":0,"gold_gain":0,"player_choice":"Purged","damage_taken":0,"max_hp_gain":0,"max_hp_loss":0,"event_name":"Purifier","floor":13,"gold_loss":0},{"cards_removed":["Strike_G"],"damage_healed":0,"gold_gain":0,"player_choice":"Card Removal","damage_taken":0,"max_hp_gain":0,"max_hp_loss":0,"event_name":"Wheel of Change","floor":14,"gold_loss":0},{"damage_healed":0,"gold_gain":0,"player_choice":"Got Potions","damage_taken":0,"max_hp_gain":0,"max_hp_loss":0,"event_name":"The Lab","floor":19,"gold_loss":0},{"damage_healed":0,"gold_gain":0,"player_choice":"Obtained Book","damage_taken":16,"max_hp_gain":0,"max_hp_loss":0,"event_name":"Cursed Tome","floor":20,"gold_loss":0},{"damage_healed":0,"gold_gain":100,"player_choice":"Bet on Murderer","damage_taken":0,"max_hp_gain":0,"max_hp_loss":0,"event_name":"The Joust","floor":22,"gold_loss":50}],"is_beta":false,"boss_relics":[{"not_picked":["Ectoplasm","Lizard Tail"],"picked":"Runic Pyramid"}],"items_purged_floors":[],"is_endless":false,"potions_floor_spawned":[1,5,7,12,24],"killed_by":"Book of Stabbing","ascension_level":11}