{"path_per_floor":["M","?","M","?","M","E","M","R","T","M","R","$","M","?","R","B",null,"M","?","M","M","?","R","$","M","T","?","R","E","M","$","R","B",null,"M","M","?","M","?","E","M","E","T","?","E","M","M","M","R","B"],"character_chosen":"IRONCLAD","items_purchased":["Shuriken","Clothesline"],"gold_per_floor":[116,66,82,257,275,306,322,322,322,341,341,7,18,18,18,115,115,86,86,101,119,119,119,19,32,32,32,32,59,75,53,53,155,155,166,177,232,247,0,31,45,77,148,148,183,199,214,230,230,230],"floor_reached":51,"campfire_rested":3,"playtime":5648,"current_hp_per_floor":[72,72,70,70,68,63,64,64,64,65,65,65,55,48,48,29,84,53,37,29,35,35,35,35,26,26,26,54,38,36,36,66,64,104,79,70,76,81,81,87,95,65,65,114,78,73,61,62,97,92],"items_purged":["Doubt","Strike_R"],"gold":230,"score":687,"play_id":"28e6bcaa-7033-4a2b-9aae-0a1496e6e898","is_prod":false,"is_daily":false,"is_ascension_mode":false,"campfire_upgraded":4,"path_taken":["M","?","?","?","M","E","M","R","T","M","R","$","M","?","R","BOSS","M","?","?","M","?","R","$","M","T","?","R","E","M","$","R","BOSS","M","M","?","M","?","E","M","E","T","?","E","M","M","M","R","BOSS"],"build_version":"2018-02-08-PROD1","purchased_purges":3,"victory":true,"master_deck":["Strike_R+1","Strike_R+1","Defend_R+1","Defend_R+1","Defend_R+1","Bash","Armaments","Spot Weakness","Heavy Blade+1","Metallicize+1","Feed","Cleave","Pommel Strike","Inflame","Flame Barrier+1","Demon Form+1","Disarm+1","Headbutt+1","Shrug It Off+1","Shrug It Off+1","Shrug It Off+1","Clothesline","Limit Break+1","Evolve+1","Headbutt+1","Shrug It Off+1","Heavy Blade+1","Impervious+1","Shrug It Off+1"],"max_hp_per_floor":[72,72,72,72,72,75,78,78,78,78,78,78,81,81,81,84,84,87,87,87,91,91,91,91,94,94,94,94,98,101,101,101,104,104,107,107,124,124,124,124,127,130,130,114,114,117,117,117,117,117],"relics":["Burning Blood","Prayer Wheel","Letter Opener","Shuriken","Toxic Egg 2","Mark of Pain","Enchiridion","Unceasing Top","Pantograph","Runic Cube","Mango","Red Mask","Self Forming Clay","Vajra","Matryoshka","Omamori"],"card_choices":[{"not_picked":["Twin Strike","Body Slam"],"picked":"Heavy Blade"},{"not_picked":["Sever Soul","Shrug It Off"],"picked":"Metallicize"},{"not_picked":["Feel No Pain","Clash"],"picked":"Feed"},{"not_picked":["Rage","Flame Barrier"],"picked":"Cleave"},{"not_picked":["Perfected Strike","Sword Boomerang"],"picked":"Pommel Strike"},{"not_picked":["Heavy Blade","Sword Boomerang"],"picked":"Inflame"},{"not_picked":["Body Slam","Warcry"],"picked":"Flame Barrier"},{"not_picked":["Bludgeon","Barricade"],"picked":"Demon Form"},{"not_picked":["Spot Weakness","Perfected Strike"],"picked":"Disarm"},{"not_picked":["Bloodletting","Sword Boomerang"],"picked":"Headbutt"},{"not_picked":["Metallicize","Warcry"],"picked":"Shrug It Off"},{"not_picked":["Perfected Strike","Whirlwind"],"picked":"Shrug It Off"},{"not_picked":["Armaments","Searing Blow"],"picked":"Shrug It Off"},{"not_picked":["Dark Embrace","Bludgeon"],"picked":"Limit Break"},{"not_picked":["Inflame","Sword Boomerang"],"picked":"Evolve"},{"not_picked":["Heavy Blade","Burning Pact"],"picked":"Headbutt"},{"not_picked":["True Grit","Perfected Strike"],"picked":"Shrug It Off"},{"not_picked":["Power Through","Fire Breathing"],"picked":"Heavy Blade"},{"not_picked":["Sword Boomerang","Warcry"],"picked":"Impervious"},{"not_picked":["Headbutt","Burning Pact"],"picked":"Shrug It Off"}],"player_experience":91491,"potions_floor_usage":[42,42,50,50,50],"damage_taken":[{"damage":0.0,"enemies":"Jaw Worm","floor":1.0,"turns":3.0},{"damage":8.0,"enemies":"Small Slimes","floor":3.0,"turns":3.0},{"damage":8.0,"enemies":"Blue Slaver","floor":5.0,"turns":4.0},{"damage":29.0,"enemies":"3 Sentries","floor":6.0,"turns":12.0},{"damage":8.0,"enemies":"2 Fungi Beasts","floor":7.0,"turns":4.0},{"damage":5.0,"enemies":"Large Slime","floor":10.0,"turns":5.0},{"damage":19.0,"enemies":"Lots of Slimes","floor":13.0,"turns":4.0},{"damage":28.0,"enemies":"Slime Boss","floor":16.0,"turns":12.0},{"damage":40.0,"enemies":"2 Thieves","floor":18.0,"turns":5.0},{"damage":14.0,"enemies":"Chosen","floor":20.0,"turns":5.0},{"damage":4.0,"enemies":"Centurion and Healer","floor":21.0,"turns":7.0},{"damage":18.0,"enemies":"Snake Plant","floor":25.0,"turns":3.0},{"damage":26.0,"enemies":"Slavers","floor":29.0,"turns":7.0},{"damage":11.0,"enemies":"Chosen and Byrds","floor":30.0,"turns":6.0},{"damage":36.0,"enemies":"Automaton","floor":33.0,"turns":8.0},{"damage":34,"enemies":"3 Shapes","floor":35,"turns":7},{"damage":15,"enemies":"3 Darklings","floor":36,"turns":8},{"damage":17,"enemies":"Mysterious Sphere","floor":37,"turns":6},{"damage":1,"enemies":"Maw","floor":38,"turns":8},{"damage":0,"enemies":"Nemesis","floor":40,"turns":10},{"damage":1,"enemies":"4 Shapes","floor":41,"turns":8},{"damage":39,"enemies":"2 Orb Walkers","floor":42,"turns":6},{"damage":42,"enemies":"Giant Head","floor":45,"turns":10},{"damage":14,"enemies":"3 Darklings","floor":46,"turns":8},{"damage":18,"enemies":"Maw","floor":47,"turns":8},{"damage":5,"enemies":"4 Shapes","floor":48,"turns":10},{"damage":31,"enemies":"Time Eater","floor":50,"turns":11}],"event_choices":[{"event_name":"The Cleric","player_choice":"Card Removal","floor":2.0,"damage_taken":0.0},{"event_name":"Liars Game","player_choice":"agreed","floor":4.0,"damage_taken":0.0},{"event_name":"Scrap Ooze","player_choice":"success","floor":14.0,"damage_taken":7.0},{"event_name":"Cursed Tome","player_choice":"Obtained Book","floor":19.0,"damage_taken":0.0},{"event_name":"Back to Basics","player_choice":"Simplicity","floor":22.0,"damage_taken":0.0},{"event_name":"Upgrade Shrine","player_choice":"Upgraded","floor":27.0,"damage_taken":0.0},{"event_name":"Mysterious Sphere","player_choice":"Fight","floor":37,"damage_taken":0},{"event_name":"Tomb of Lord Red Mask","player_choice":"Paid","floor":39,"damage_taken":0},{"event_name":"The Moai Head","player_choice":"Heal","floor":44,"damage_taken":0}],"boss_relics":[{"not_picked":["Snecko Eye","Pandora\u0027s Box"],"picked":"Runic Cube"}],"potions_floor_spawned":[3,7,13,21,25,36,37,40,46,48],"seed_played":"-3223012748957776440","ascension_level":0,"is_trial":false}