{"gold_per_floor":[117,117,128,78,78,78,109,109,109,134,149,149,149,159,159,231,231,243,40,59,71,83,110,110,110,110,124,137,64,64,78,78,152,152,167,187,36,36,55,55,68,68,68,82,82,108,120,120,120,120,120,120,20,20],"floor_reached":54,"playtime":3468,"items_purged":["Strike_G","Parasite"],"score":1238,"play_id":"4d52ac66-170f-4a0d-9fb5-14016fc17e30","local_time":"20190220142538","is_ascension_mode":true,"campfire_choices":[{"data":"Neutralize","floor":6.0,"key":"SMITH"},{"data":"Dodge and Roll","floor":8,"key":"SMITH"},{"data":"Cloak And Dagger","floor":13,"key":"SMITH"},{"data":"Footwork","floor":15,"key":"SMITH"},{"floor":25,"key":"REST"},{"data":"Cloak And Dagger","floor":32,"key":"SMITH"},{"floor":40,"key":"RECALL"},{"data":"Escape Plan","floor":45,"key":"SMITH"},{"data":"Infinite Blades","floor":49,"key":"SMITH"},{"data":"Master of Strategy","floor":52,"key":"SMITH"}],"neow_cost":"NONE","seed_source_timestamp":0,"circlet_count":0,"master_deck":["AscendersBane","Defend_G+1","Defend_G+1","Defend_G+1","Defend_G+1","Strike_G+1","Strike_G+1","Survivor+1","Neutralize+1","Backstab+1","Dodge and Roll+1","Flying Knee+1","Cloak And Dagger+1","Footwork+1","Cloak And Dagger+1","Accuracy+1","Cloak And Dagger+1","Blade Dance+1","Accuracy+1","Blur+1","Footwork+1","Cloak And Dagger+1","A Thousand Cuts+1","Blur+1","Heel Hook+1","Escape Plan+1","Infinite Blades+1","Master of Strategy+1"],"special_seed":0,"relics":["Ring of the Serpent","NeowsBlessing","NlothsMask","Ancient Tea Set","Ginger","WristBlade","Mummified Hand","Kunai","Vajra","Mark of the Bloom","Regal Pillow"],"potions_floor_usage":[16,21,21,21,22,23,33,44,46,50],"damage_taken":[{"damage":0.0,"enemies":"Small Slimes","floor":1.0,"turns":1.0},{"damage":0.0,"enemies":"2 Louse","floor":3.0,"turns":1.0},{"damage":0.0,"enemies":"Gremlin Nob","floor":7.0,"turns":1.0},{"damage":21,"enemies":"3 Sentries","floor":10,"turns":18},{"damage":0,"enemies":"Cultist","floor":11,"turns":5},{"damage":1,"enemies":"2 Fungi Beasts","floor":14,"turns":5},{"damage":50,"enemies":"Slime Boss","floor":16,"turns":27},{"damage":9,"enemies":"Chosen","floor":18,"turns":8},{"damage":0,"enemies":"Shell Parasite","floor":20,"turns":7},{"damage":3,"enemies":"Chosen and Byrds","floor":21,"turns":10},{"damage":0,"enemies":"Shelled Parasite and Fungi","floor":22,"turns":11},{"damage":40,"enemies":"Book of Stabbing","floor":23,"turns":10},{"damage":3,"enemies":"Centurion and Healer","floor":27,"turns":7},{"damage":0,"enemies":"Snecko","floor":28,"turns":6},{"damage":3,"enemies":"Shelled Parasite and Fungi","floor":31,"turns":5},{"damage":12,"enemies":"Collector","floor":33,"turns":14},{"damage":1,"enemies":"3 Darklings","floor":35,"turns":5},{"damage":0,"enemies":"Orb Walker","floor":36,"turns":3},{"damage":0,"enemies":"Spire Growth","floor":39,"turns":5},{"damage":0,"enemies":"Transient","floor":41,"turns":5},{"damage":13,"enemies":"Writhing Mass","floor":44,"turns":5},{"damage":25,"enemies":"Reptomancer","floor":46,"turns":5},{"damage":0,"enemies":"3 Darklings","floor":47,"turns":5},{"damage":16,"enemies":"Awakened One","floor":50,"turns":8},{"damage":22,"enemies":"Shield and Spear","floor":54,"turns":2}],"seed_played":"-6130555720745995507","potions_obtained":[{"floor":1.0,"key":"Fruit Juice"},{"floor":14,"key":"GamblersBrew"},{"floor":20,"key":"Swift Potion"},{"floor":22,"key":"Fire Potion"},{"floor":35,"key":"EssenceOfSteel"},{"floor":44,"key":"Regen Potion"},{"floor":47,"key":"Swift Potion"}],"is_trial":false,"path_per_floor":["M","?","M","?","?","R","E","R","T","E","M","?","R","M","R","B",null,"M","$","M","M","M","E","?","R","T","M","M","$","?","M","R","B",null,"M","M","$","?","M","R","M","?","T","M","R","E","M","?","R","B",null,"R","$","E"],"character_chosen":"THE_SILENT","items_purchased":["Cloak And Dagger","Accuracy","Footwork","Vajra"],"campfire_rested":1,"item_purchase_floors":[19,19,29,37],"current_hp_per_floor":[64,57,57,57,57,57,57,57,57,36,36,71,71,70,70,20,58,49,49,49,46,46,6,6,27,27,24,24,24,81,78,78,66,77,76,76,76,76,76,76,76,76,76,63,63,38,38,38,38,22,22,22,22,0],"gold":20,"neow_bonus":"THREE_ENEMY_KILL","is_prod":false,"is_daily":false,"chose_seed":false,"campfire_upgraded":8,"win_rate":0,"timestamp":1550672738,"path_taken":["M","?","M","?","?","R","E","R","T","E","?","?","R","M","R","BOSS","M","?","M","M","?","E","?","R","T","M","?","$","?","M","R","BOSS","M","?","$","?","M","R","M","?","T","?","R","E","M","?","R","BOSS","R","$","E"],"build_version":"2019-01-23","purchased_purges":2,"victory":false,"max_hp_per_floor":[71,71,71,71,71,71,71,71,71,71,71,71,71,71,71,71,71,71,71,71,71,71,71,71,71,71,71,71,71,81,81,81,81,81,81,81,81,81,81,81,81,81,81,81,81,81,81,81,81,81,81,81,78,78],"card_choices":[{"not_picked":["Tactician","Blade Dance"],"picked":"Backstab","floor":1.0},{"not_picked":["Underhanded Strike","Poisoned Stab","Calculated Gamble"],"picked":"SKIP","floor":3.0},{"not_picked":["Deflect","Eviscerate"],"picked":"Dodge and Roll","floor":7},{"not_picked":["Caltrops","PiercingWail"],"picked":"Flying Knee","floor":10},{"not_picked":["Deadly Poison","Predator"],"picked":"Cloak And Dagger","floor":11},{"not_picked":["Prepared","Distraction"],"picked":"Footwork","floor":14},{"not_picked":["Night Terror","Grand Finale"],"picked":"Venomology","floor":16},{"not_picked":["Tactician","Deflect","Reflex"],"picked":"SKIP","floor":18},{"not_picked":["Prepared","Catalyst","Eviscerate"],"picked":"SKIP","floor":20},{"not_picked":["Flying Knee","Deflect"],"picked":"Cloak And Dagger","floor":21},{"not_picked":["Dodge and Roll","Dagger Spray"],"picked":"Blade Dance","floor":22},{"not_picked":["Dagger Spray","Finisher"],"picked":"Accuracy","floor":23},{"not_picked":["Caltrops","Concentrate"],"picked":"Blur","floor":27},{"not_picked":["Prepared","Outmaneuver","Reflex"],"picked":"SKIP","floor":28},{"not_picked":["Deadly Poison+1","Bouncing Flask"],"picked":"Cloak And Dagger","floor":31},{"not_picked":["Night Terror","Die Die Die"],"picked":"A Thousand Cuts","floor":33},{"not_picked":["Deflect","Flying Knee+1"],"picked":"Blur","floor":35},{"not_picked":["Deflect","Outmaneuver"],"picked":"Heel Hook","floor":36},{"not_picked":["Skewer","Quick Slash"],"picked":"Escape Plan","floor":39},{"not_picked":["Sucker Punch+1","Prepared+1","Expertise"],"picked":"SKIP","floor":41},{"not_picked":["Choke","Caltrops","Deadly Poison"],"picked":"SKIP","floor":44},{"not_picked":["Prepared","Dagger Spray","Unload"],"picked":"SKIP","floor":46},{"not_picked":["Backflip","Dodge and Roll"],"picked":"Infinite Blades","floor":47},{"not_picked":["Enlightenment","Magnetism"],"picked":"Master of Strategy","floor":48}],"player_experience":578660,"relics_obtained":[{"floor":7,"key":"Ancient Tea Set"},{"floor":10,"key":"Ginger"},{"floor":23,"key":"Mummified Hand"},{"floor":26,"key":"Kunai"},{"floor":46,"key":"Regal Pillow"}],"event_choices":[{"cards_removed":["Strike_G"],"damage_healed":0.0,"max_hp_gain":0.0,"max_hp_loss":0.0,"gold_gain":0.0,"event_name":"Golden Wing","player_choice":"Card Removal","floor":2.0,"gold_loss":0.0,"damage_taken":7.0},{"cards_removed":["Strike_G"],"damage_healed":0.0,"max_hp_gain":0.0,"max_hp_loss":0.0,"gold_gain":0.0,"event_name":"The Cleric","player_choice":"Card Removal","floor":4.0,"gold_loss":50.0,"damage_taken":0.0},{"damage_healed":0.0,"max_hp_gain":0.0,"max_hp_loss":0.0,"gold_gain":0.0,"event_name":"FaceTrader","player_choice":"Trade","floor":5.0,"gold_loss":0.0,"damage_taken":0.0,"relics_obtained":["NlothsMask"]},{"damage_healed":35,"gold_gain":0,"player_choice":"Full Heal","damage_taken":0,"max_hp_gain":0,"max_hp_loss":0,"event_name":"Wheel of Change","floor":12,"gold_loss":0},{"damage_healed":0,"gold_gain":0,"player_choice":"Upgraded","damage_taken":0,"max_hp_gain":0,"max_hp_loss":0,"event_name":"Upgrade Shrine","floor":24,"gold_loss":0,"cards_upgraded":["Cloak And Dagger"]},{"cards_removed":["Venomology"],"damage_healed":47,"gold_gain":0,"player_choice":"Offered Rare","damage_taken":0,"max_hp_gain":10,"max_hp_loss":0,"event_name":"Bonfire Elementals","floor":30,"gold_loss":0},{"damage_healed":0,"gold_gain":0,"player_choice":"Upgrade","damage_taken":0,"relics_obtained":["Mark of the Bloom"],"max_hp_gain":0,"max_hp_loss":0,"event_name":"MindBloom","floor":38,"gold_loss":0,"cards_upgraded":["Defend_G","Defend_G","Defend_G","Defend_G","Defend_G","Strike_G","Strike_G","Survivor","Backstab","Flying Knee","Accuracy","Blade Dance","Accuracy","Blur","Footwork","Cloak And Dagger","A Thousand Cuts","Blur","Heel Hook"]},{"cards_removed":["Defend_G"],"damage_healed":0,"gold_gain":0,"player_choice":"Removed Skill","damage_taken":0,"max_hp_gain":0,"max_hp_loss":0,"event_name":"Falling","floor":42,"gold_loss":0},{"damage_healed":0,"gold_gain":0,"player_choice":"Memory 1","damage_taken":0,"max_hp_gain":0,"max_hp_loss":0,"event_name":"SensoryStone","floor":48,"gold_loss":0}],"is_beta":false,"boss_relics":[{"not_picked":["Lizard Tail","Philosopher\u0027s Stone"],"picked":"WristBlade"},{"not_picked":["Black Star","HoveringKite"],"picked":"Ring of the Serpent"}],"items_purged_floors":[19,53],"is_endless":false,"potions_floor_spawned":[1,14,20,22,31,35,36,44,47],"killed_by":"Shield and Spear","ascension_level":14}