{"gold_per_floor":[367,18,32,49,63,63,92,161,161,186,186,186,186,199,199,304,304,317,327,346,358,358,358,385,395,418,453,464,12,12,30,30,128,428,448,464,474,307,307,337,347,347,347,447,447],"floor_reached":45,"playtime":6936,"items_purged":["Pain","Regret"],"score":622,"play_id":"1ce16879-c129-4d66-8b40-df29439e331f","local_time":"20190329181140","is_ascension_mode":false,"campfire_choices":[{"data":"Pommel Strike","floor":6,"key":"SMITH"},{"data":"Clothesline","floor":13,"key":"SMITH"},{"data":"Feed","floor":15,"key":"SMITH"},{"floor":23,"key":"REST"},{"floor":30,"key":"REST"},{"floor":32,"key":"REST"},{"floor":42,"key":"REST"}],"neow_cost":"CURSE","seed_source_timestamp":21886300417593,"circlet_count":0,"master_deck":["Strike_R","Strike_R","Strike_R","Strike_R","Strike_R","Defend_R","Defend_R","Defend_R","Defend_R","Bash","Shrug It Off","Shrug It Off","Trip","Pommel Strike+1","Anger","Cleave","Clothesline+1","Feed+1","Demon Form","Dropkick+1","Pommel Strike","Ghostly Armor+1","Impervious","Feed+1","Shockwave+1","Armaments","Reaper","Reinforced Body+1","Limit Break","Pain","Writhe","Gash+1","Headbutt+1","Whirlwind+1","Undo+1","Turbo"],"relics":["Burning Blood","Tiny Chest","Sundial","Gremlin Horn","Ornamental Fan","Black Star","Shuriken","Darkstone Periapt","Matryoshka","Art of War","Frozen Egg 2","PrismaticShard","Calling Bell","Lantern","Old Coin","Molten Egg 2","Oddly Smooth Stone","Omamori","Mercury Hourglass","Bottled Flame","Girya"],"potions_floor_usage":[5,7,21,21,24,27,33,33,41,45],"damage_taken":[{"damage":3,"enemies":"Cultist","floor":1,"turns":3},{"damage":1,"enemies":"2 Louse","floor":3,"turns":3},{"damage":4,"enemies":"Small Slimes","floor":4,"turns":4},{"damage":8,"enemies":"Gremlin Gang","floor":5,"turns":6},{"damage":18,"enemies":"3 Sentries","floor":7,"turns":8},{"damage":21,"enemies":"Lagavulin","floor":10,"turns":6},{"damage":5,"enemies":"3 Louse","floor":14,"turns":3},{"damage":46,"enemies":"Hexaghost","floor":16,"turns":12},{"damage":32,"enemies":"Spheric Guardian","floor":18,"turns":7},{"damage":9,"enemies":"2 Thieves","floor":19,"turns":4},{"damage":39,"enemies":"Sentry and Sphere","floor":20,"turns":5},{"damage":15,"enemies":"Snake Plant","floor":21,"turns":4},{"damage":14,"enemies":"Gremlin Leader","floor":24,"turns":5},{"damage":17,"enemies":"Centurion and Healer","floor":25,"turns":8},{"damage":39,"enemies":"Book of Stabbing","floor":27,"turns":7},{"damage":15,"enemies":"Chosen and Byrds","floor":28,"turns":8},{"damage":27,"enemies":"Snake Plant","floor":31,"turns":6},{"damage":14,"enemies":"Champ","floor":33,"turns":11},{"damage":81,"enemies":"3 Darklings","floor":35,"turns":10},{"damage":37,"enemies":"3 Shapes","floor":36,"turns":21},{"damage":69,"enemies":"3 Darklings","floor":37,"turns":13},{"damage":55,"enemies":"Nemesis","floor":40,"turns":9},{"damage":36,"enemies":"Jaw Worm Horde","floor":41,"turns":9},{"damage":81,"enemies":"Mind Bloom Boss Battle","floor":44,"turns":16},{"damage":73,"enemies":"Giant Head","floor":45,"turns":8}],"seed_played":"3370839142164019041","potions_obtained":[{"floor":1,"key":"LiquidBronze"},{"floor":3,"key":"SteroidPotion"},{"floor":7,"key":"Energy Potion"},{"floor":10,"key":"Strength Potion"},{"floor":16,"key":"Strength Potion"},{"floor":21,"key":"Regen Potion"},{"floor":25,"key":"Strength Potion"},{"floor":28,"key":"Dexterity Potion"},{"floor":37,"key":"Fire Potion"},{"floor":40,"key":"Poison Potion"},{"floor":41,"key":"SkillPotion"}],"is_trial":false,"path_per_floor":["M","$","M","M","M","R","E","?","T","E","?","?","R","M","R","B",null,"M","M","M","M","?","R","E","M","T","E","M","$","R","M","R","B",null,"M","M","M","$","?","E","M","R","T","?","E"],"character_chosen":"IRONCLAD","items_purchased":["Tiny Chest","Shrug It Off","Trip","Frozen Egg 2","PrismaticShard","Whirlwind+1"],"campfire_rested":4,"item_purchase_floors":[2,2,2,29,29,38],"current_hp_per_floor":[80,80,80,80,78,78,66,66,66,51,56,56,56,57,57,17,85,59,60,31,22,22,49,59,56,56,27,18,18,50,33,65,57,127,82,82,93,93,93,71,45,87,87,59,0],"gold":447,"neow_bonus":"TWO_FIFTY_GOLD","is_prod":false,"is_daily":false,"chose_seed":false,"campfire_upgraded":3,"win_rate":0,"timestamp":1553879500,"path_taken":["M","$","M","M","?","R","E","?","T","E","?","?","R","M","R","BOSS","M","M","?","M","?","R","E","M","T","E","?","$","R","M","R","BOSS","M","M","M","$","?","E","M","R","T","?","E"],"build_version":"2019-01-23","purchased_purges":2,"victory":false,"max_hp_per_floor":[80,80,80,80,80,80,80,80,80,80,85,85,85,85,85,85,85,85,89,93,93,93,93,97,105,105,109,109,109,109,109,109,109,127,131,139,139,139,139,139,143,143,143,143,143],"card_choices":[{"not_picked":["Havoc","Hemokinesis"],"picked":"Shrug It Off","floor":1},{"not_picked":["Sword Boomerang","Spot Weakness"],"picked":"Pommel Strike","floor":3},{"not_picked":["Wild Strike","Body Slam","Havoc"],"picked":"SKIP","floor":4},{"not_picked":["Shrug It Off","Clash"],"picked":"Anger","floor":5},{"not_picked":["Disarm","Uppercut"],"picked":"Cleave","floor":7},{"not_picked":["Pommel Strike","Second Wind"],"picked":"Clothesline","floor":10},{"not_picked":["Body Slam","Reckless Charge"],"picked":"Feed","floor":14},{"not_picked":["Offering","Limit Break"],"picked":"Demon Form","floor":16},{"not_picked":["Anger+1","Perfected Strike"],"picked":"Dropkick+1","floor":18},{"not_picked":["Entrench","Feel No Pain"],"picked":"Pommel Strike","floor":19},{"not_picked":["Body Slam","Pommel Strike"],"picked":"Ghostly Armor+1","floor":20},{"not_picked":["Perfected Strike","Warcry"],"picked":"Impervious","floor":21},{"not_picked":["Cleave","Body Slam+1"],"picked":"Shockwave+1","floor":24},{"not_picked":["Bloodletting+1","Twin Strike+1"],"picked":"Armaments","floor":27},{"not_picked":["Dual Wield","Sword Boomerang"],"picked":"Reaper","floor":28},{"not_picked":["Bane","Streamline"],"picked":"Reinforced Body+1","floor":31},{"not_picked":["Exhume","Rainbow"],"picked":"Limit Break","floor":33},{"not_picked":["Terror","Reinforced Body+1","Ball Lightning+1"],"picked":"SKIP","floor":35},{"not_picked":["Steam+1","Concentrate"],"picked":"Gash+1","floor":36},{"not_picked":["Scrape+1","Eviscerate+1"],"picked":"Headbutt+1","floor":37},{"not_picked":["Barrage+1","Venomology"],"picked":"Undo+1","floor":40},{"not_picked":["Infinite Blades+1","Hemokinesis+1"],"picked":"Turbo","floor":41}],"player_experience":125115,"relics_obtained":[{"floor":7,"key":"Sundial"},{"floor":9,"key":"Gremlin Horn"},{"floor":10,"key":"Ornamental Fan"},{"floor":24,"key":"Shuriken"},{"floor":24,"key":"Darkstone Periapt"},{"floor":27,"key":"Matryoshka"},{"floor":27,"key":"Art of War"},{"floor":34,"key":"Lantern"},{"floor":34,"key":"Old Coin"},{"floor":34,"key":"Molten Egg 2"},{"floor":40,"key":"Oddly Smooth Stone"},{"floor":40,"key":"Omamori"},{"floor":43,"key":"Mercury Hourglass"},{"floor":43,"key":"Bottled Flame"},{"floor":44,"key":"Girya"}],"event_choices":[{"damage_healed":0,"gold_gain":69,"player_choice":"Gained Gold","damage_taken":0,"max_hp_gain":0,"max_hp_loss":0,"event_name":"Golden Wing","floor":8,"gold_loss":0},{"damage_healed":0,"gold_gain":0,"player_choice":"Donut","damage_taken":0,"max_hp_gain":5,"max_hp_loss":0,"event_name":"Big Fish","floor":11,"gold_loss":0},{"damage_healed":0,"gold_gain":0,"player_choice":"0 cards matched","damage_taken":0,"max_hp_gain":0,"max_hp_loss":0,"event_name":"Match and Keep!","floor":12,"gold_loss":0,"cards_obtained":[]},{"damage_healed":0,"gold_gain":0,"player_choice":"Copied","damage_taken":0,"max_hp_gain":0,"max_hp_loss":0,"event_name":"Duplicator","floor":22,"gold_loss":0,"cards_obtained":["Feed"]},{"damage_healed":0,"gold_gain":0,"player_choice":"Ignored","damage_taken":0,"max_hp_gain":0,"max_hp_loss":0,"event_name":"Tomb of Lord Red Mask","floor":39,"gold_loss":0},{"damage_healed":0,"gold_gain":0,"player_choice":"Fight","damage_taken":0,"max_hp_gain":0,"max_hp_loss":0,"event_name":"MindBloom","floor":44,"gold_loss":0}],"is_beta":false,"boss_relics":[{"not_picked":["White Beast Statue","Coffee Dripper"],"picked":"Black Star"},{"not_picked":["Fusion Hammer","Philosopher\u0027s Stone"],"picked":"Calling Bell"}],"items_purged_floors":[2,38],"is_endless":false,"potions_floor_spawned":[1,3,7,10,16,20,21,25,28,37,40,41],"killed_by":"Giant Head","ascension_level":0}