{"gold_per_floor":[110,15,29,29,29,29,58,58,88,106,125,135,164,182,182,279,279,297,297,297,23,38,38,38],"floor_reached":24,"playtime":1054,"items_purged":[],"score":294,"play_id":"e6796e25-64ba-4901-a460-dc9aabcc2bb2","local_time":"20181006164950","is_ascension_mode":true,"campfire_choices":[{"data":"White Noise","floor":6,"key":"SMITH"},{"data":"Dualcast","floor":8,"key":"SMITH"},{"data":"Redo","floor":15,"key":"SMITH"},{"data":"Chrysalis","floor":23,"key":"SMITH"}],"neow_cost":"NONE","seed_source_timestamp":352780893455757,"circlet_count":0,"master_deck":["Strike_B+1","Strike_B+1","Defend_B+1","Defend_B+1","Defend_B+1","Defend_B+1","Zap","Dualcast+1","AscendersBane","Seek+1","Self Repair","Leap","White Noise+1","Seek","Loop","FTL","Coolheaded","Redo+1","All For One","Double Energy+1","Necronomicurse","Conserve Battery","Chrysalis+1","FTL","Conserve Battery"],"relics":["Cracked Core","Pantograph","Tiny Chest","Odd Mushroom","Empty Cage","Necronomicon"],"potions_floor_usage":[12],"damage_taken":[{"damage":4,"enemies":"Jaw Worm","floor":1,"turns":3},{"damage":1,"enemies":"Cultist","floor":3,"turns":4},{"damage":45,"enemies":"Lagavulin","floor":7,"turns":6},{"damage":0,"enemies":"2 Louse","floor":10,"turns":2},{"damage":1,"enemies":"Exordium Wildlife","floor":11,"turns":4},{"damage":10,"enemies":"Exordium Thugs","floor":12,"turns":4},{"damage":9,"enemies":"The Mushroom Lair","floor":13,"turns":4},{"damage":12,"enemies":"Lots of Slimes","floor":14,"turns":7},{"damage":24,"enemies":"Slime Boss","floor":16,"turns":7},{"damage":15,"enemies":"Chosen","floor":18,"turns":7},{"damage":11,"enemies":"Spheric Guardian","floor":22,"turns":3},{"damage":39,"enemies":"Gremlin Leader","floor":24,"turns":2}],"seed_played":"4753642038834342486","potions_obtained":[{"floor":1,"key":"FocusPotion"},{"floor":11,"key":"Fire Potion"},{"floor":12,"key":"FearPotion"},{"floor":14,"key":"Swift Potion"},{"floor":22,"key":"SkillPotion"}],"is_trial":false,"path_per_floor":["M","$","M","?","$","R","E","R","T","M","M","M","?","M","R","B",null,"M","?","?","$","M","R"],"character_chosen":"DEFECT","items_purchased":["Self Repair","Leap","Conserve Battery","Chrysalis","FTL"],"campfire_rested":0,"item_purchase_floors":[2,2,21,21,21],"current_hp_per_floor":[64,64,70,70,70,70,32,32,32,39,45,42,40,35,35,43,67,59,43,43,43,32,32,0],"gold":38,"neow_bonus":"ONE_RANDOM_RARE_CARD","is_prod":false,"is_daily":false,"chose_seed":false,"campfire_upgraded":4,"win_rate":0,"timestamp":1538840990,"path_taken":["M","$","M","?","$","R","E","R","T","M","M","M","?","?","R","BOSS","M","?","?","$","M","R","E"],"build_version":"2018-10-04v2","purchased_purges":0,"victory":false,"max_hp_per_floor":[75,75,75,75,75,75,75,75,75,75,75,75,75,75,75,75,75,75,75,75,75,75,75,75],"card_choices":[{"not_picked":["Hologram","Steam Power","Barrage"],"picked":"SKIP","floor":1},{"not_picked":["Auto Shields","Turbo"],"picked":"White Noise","floor":3},{"not_picked":["Beam Cell","Double Energy"],"picked":"Seek","floor":7},{"not_picked":["Hologram","Compile Driver"],"picked":"Loop","floor":10},{"not_picked":["Turbo","Barrage"],"picked":"FTL","floor":11},{"not_picked":["Steam","Go for the Eyes"],"picked":"Coolheaded","floor":12},{"not_picked":["Barrage","Leap"],"picked":"Redo","floor":13},{"not_picked":["Hologram","Barrage","Recycle"],"picked":"SKIP","floor":14},{"not_picked":["Thunder Strike","Machine Learning"],"picked":"All For One","floor":16},{"not_picked":["Tempest","Self Repair"],"picked":"Double Energy+1","floor":18},{"not_picked":["Cold Snap","Doom and Gloom"],"picked":"Conserve Battery","floor":22}],"player_experience":457158,"relics_obtained":[{"floor":7,"key":"Pantograph"},{"floor":9,"key":"Tiny Chest"},{"floor":13,"key":"Odd Mushroom"},{"floor":19,"key":"Necronomicon"}],"event_choices":[{"event_name":"Upgrade Shrine","player_choice":"Upgraded","floor":4,"damage_taken":0},{"event_name":"Mushrooms","player_choice":"Fought Mushrooms","floor":13,"damage_taken":0},{"event_name":"Cursed Tome","player_choice":"Obtained Book","floor":19,"damage_taken":0},{"event_name":"Back to Basics","player_choice":"Simplicity","floor":20,"damage_taken":0}],"is_beta":false,"boss_relics":[{"not_picked":["Fusion Hammer","Calling Bell"],"picked":"Empty Cage"}],"items_purged_floors":[],"is_endless":false,"potions_floor_spawned":[1,11,12,14,22],"killed_by":"Gremlin Leader","ascension_level":10}