{"gold_per_floor":[118,70,86,86,36,36,68,68,68,68,101,101,101,121,121,221,221,239,239,239,154,164,164,182,211,211,211,55,109,124,24,24,24],"floor_reached":33,"playtime":1000,"items_purged":["Strike_R","Strike_R"],"score":390,"play_id":"aa2f0430-fe11-45e5-9438-6689e8e97ce6","local_time":"20180918003722","is_ascension_mode":true,"campfire_choices":[{"data":"Iron Wave","floor":6,"key":"SMITH"},{"floor":8,"key":"REST"},{"data":"Shrug It Off","floor":10,"key":"SMITH"},{"data":"Shrug It Off","floor":12,"key":"SMITH"},{"data":"Defend_R","floor":15,"key":"SMITH"},{"data":"Armaments","floor":23,"key":"SMITH"},{"floor":32,"key":"REST"}],"neow_cost":"NONE","seed_source_timestamp":281155612443730,"circlet_count":0,"master_deck":["Strike_R","Strike_R","Defend_R","Defend_R","Defend_R","Defend_R+1","Bash+1","Iron Wave+1","Shrug It Off+1","Shrug It Off+1","Inflame+1","Inflame+1","Fire Breathing+1","Reaper","Heavy Blade","Armaments+1","J.A.X.","Dropkick","Ghostly Armor","Flex+1","Fire Breathing+1","Cleave+1"],"relics":["Burning Blood","Orichalcum","Kunai","Frozen Egg 2","Philosopher\u0027s Stone","Ornamental Fan","Omamori","Turnip","Art of War"],"potions_floor_usage":[11,25],"damage_taken":[{"damage":7,"enemies":"Jaw Worm","floor":1,"turns":3},{"damage":1,"enemies":"2 Louse","floor":3,"turns":3},{"damage":30,"enemies":"Gremlin Nob","floor":7,"turns":5},{"damage":35,"enemies":"Lagavulin","floor":11,"turns":8},{"damage":0,"enemies":"Small Slimes","floor":14,"turns":4},{"damage":18,"enemies":"Slime Boss","floor":16,"turns":10},{"damage":16,"enemies":"Spheric Guardian","floor":18,"turns":5},{"damage":6,"enemies":"Chosen","floor":22,"turns":4},{"damage":26,"enemies":"Snake Plant","floor":24,"turns":5},{"damage":48,"enemies":"Book of Stabbing","floor":25,"turns":6},{"damage":8,"enemies":"Snecko","floor":30,"turns":4},{"damage":61,"enemies":"Collector","floor":33,"turns":6}],"seed_played":"978863798539536087","potions_obtained":[{"floor":7,"key":"Energy Potion"},{"floor":16,"key":"Fire Potion"},{"floor":30,"key":"SteroidPotion"}],"is_trial":false,"path_per_floor":["M","$","M","?","?","R","E","R","T","R","E","R","?","M","R","B",null,"M","?","?","?","M","R","M","E","T","?","$","T","M","$","R"],"character_chosen":"IRONCLAD","items_purchased":["Shrug It Off","Fire Breathing+1"],"campfire_rested":2,"item_purchase_floors":[2,28],"current_hp_per_floor":[71,71,76,81,81,81,57,82,82,82,53,53,53,59,59,47,76,74,74,74,74,74,74,54,27,27,27,27,27,32,32,57,0],"gold":24,"neow_bonus":"UPGRADE_CARD","is_prod":false,"is_daily":false,"chose_seed":false,"campfire_upgraded":5,"win_rate":0,"timestamp":1537227442,"path_taken":["M","$","M","?","?","R","E","R","T","R","E","R","?","M","R","BOSS","M","?","?","?","M","R","?","E","T","?","?","?","M","$","R","BOSS"],"build_version":"2018-09-06","purchased_purges":2,"victory":false,"max_hp_per_floor":[80,80,80,85,85,85,85,85,85,85,85,85,85,85,85,85,85,85,85,85,85,85,85,85,85,85,85,85,85,85,85,85,85],"card_choices":[{"not_picked":["True Grit","Warcry"],"picked":"Iron Wave","floor":1},{"not_picked":["Perfected Strike","Headbutt","Warcry"],"picked":"SKIP","floor":3},{"not_picked":["Intimidate","Sword Boomerang"],"picked":"Shrug It Off","floor":7},{"not_picked":["Heavy Blade","Shrug It Off"],"picked":"Inflame","floor":11},{"not_picked":["Havoc","Evolve+1"],"picked":"Fire Breathing+1","floor":14},{"not_picked":["Immolate","Impervious"],"picked":"Reaper","floor":16},{"not_picked":["Thunderclap+1","Clothesline"],"picked":"Heavy Blade","floor":18},{"not_picked":["Shrug It Off","True Grit"],"picked":"Dropkick","floor":22},{"not_picked":["Sever Soul","Heavy Blade"],"picked":"Ghostly Armor","floor":24},{"not_picked":["Clash+1","Twin Strike"],"picked":"Flex+1","floor":25},{"not_picked":["Anger","Clothesline"],"picked":"Cleave+1","floor":30}],"player_experience":392909,"relics_obtained":[{"floor":7,"key":"Orichalcum"},{"floor":9,"key":"Kunai"},{"floor":11,"key":"Frozen Egg 2"},{"floor":25,"key":"Omamori"},{"floor":26,"key":"Turnip"},{"floor":29,"key":"Art of War"}],"event_choices":[{"event_name":"Big Fish","player_choice":"Donut","floor":4,"damage_taken":0},{"event_name":"The Cleric","player_choice":"Card Removal","floor":5,"damage_taken":0},{"event_name":"Match and Keep!","player_choice":"1 cards matched","floor":13,"damage_taken":0},{"event_name":"The Library","player_choice":"Read","floor":19,"damage_taken":0},{"event_name":"Drug Dealer","player_choice":"Got JAX","floor":20,"damage_taken":0},{"event_name":"Addict","player_choice":"Obtained Relic","floor":21,"damage_taken":0},{"event_name":"Forgotten Altar","player_choice":"Smashed Altar","floor":27,"damage_taken":0}],"is_beta":false,"boss_relics":[{"not_picked":["Astrolabe","White Beast Statue"],"picked":"Philosopher\u0027s Stone"}],"items_purged_floors":[28,31],"is_endless":false,"potions_floor_spawned":[7,16,30],"killed_by":"Collector","ascension_level":9}