{"gold_per_floor":[111,128,128,128,128,128,142,142,224,249,264,279,229,229,229,350,350,363,50,74,74,74],"floor_reached":22,"playtime":750,"items_purged":[],"score":282,"play_id":"1594085b-c7f1-400c-8e4d-c9ecb2a01d8f","local_time":"20181028015633","is_ascension_mode":true,"campfire_choices":[{"data":"Bash","floor":6,"key":"SMITH"},{"data":"Pommel Strike","floor":8,"key":"SMITH"},{"data":"Armaments","floor":15,"key":"SMITH"}],"neow_cost":"PERCENT_DAMAGE","seed_source_timestamp":38456546812081,"circlet_count":0,"master_deck":["Strike_R","Strike_R","Strike_R","Defend_R","Defend_R","Defend_R","Defend_R","Bash+1","AscendersBane","Pommel Strike+1","Dropkick","Immolate","Armaments+1","Demon Form","Metallicize","Flex","Rage","Iron Wave","Armaments","Reaper"],"relics":["Burning Blood","Mango","Golden Idol","Pen Nib","Blue Candle","Singing Bowl","Orrery","Ice Cream"],"potions_floor_usage":[16,16],"damage_taken":[{"damage":16,"enemies":"Small Slimes","floor":1,"turns":5},{"damage":6,"enemies":"2 Louse","floor":2,"turns":3},{"damage":6,"enemies":"Cultist","floor":7,"turns":3},{"damage":11,"enemies":"2 Fungi Beasts","floor":10,"turns":3},{"damage":7,"enemies":"Looter","floor":11,"turns":4},{"damage":0,"enemies":"3 Louse","floor":12,"turns":1},{"damage":45,"enemies":"Hexaghost","floor":16,"turns":11},{"damage":26,"enemies":"Chosen","floor":18,"turns":7},{"damage":27,"enemies":"Shell Parasite","floor":20,"turns":13},{"damage":35,"enemies":"Snake Plant","floor":22,"turns":3}],"seed_played":"2718224671721284255","potions_obtained":[{"floor":1,"key":"SkillPotion"},{"floor":2,"key":"SteroidPotion"}],"is_trial":false,"path_per_floor":["M","M","?","?","?","R","M","R","T","M","M","M","?","?","R","B",null,"M","$","M","?"],"character_chosen":"IRONCLAD","items_purchased":["Ice Cream"],"campfire_rested":0,"item_purchase_floors":[19],"current_hp_per_floor":[55,55,55,55,52,52,52,52,52,47,46,52,52,52,52,13,71,51,51,30,30,0],"gold":74,"neow_bonus":"ONE_RARE_RELIC","is_prod":false,"is_daily":false,"chose_seed":false,"campfire_upgraded":3,"win_rate":0,"timestamp":1540688193,"path_taken":["M","M","?","?","?","R","M","R","T","M","M","M","?","?","R","BOSS","M","$","M","?","M"],"build_version":"2018-10-25v2","purchased_purges":0,"victory":false,"max_hp_per_floor":[94,94,87,87,87,87,87,87,87,87,87,87,87,87,87,87,89,89,89,89,89,89],"card_choices":[{"not_picked":["Bloodletting","Uppercut"],"picked":"Seeing Red","floor":1},{"not_picked":["True Grit","Rupture"],"picked":"Pommel Strike","floor":2},{"not_picked":["True Grit","Rampage","Pommel Strike"],"picked":"SKIP","floor":7},{"not_picked":["Wild Strike","Heavy Blade"],"picked":"Dropkick","floor":10},{"not_picked":["Warcry","Thunderclap"],"picked":"Immolate","floor":11},{"not_picked":["Clash","Cleave"],"picked":"Armaments","floor":12},{"not_picked":["Fiend Fire","Juggernaut"],"picked":"Demon Form","floor":16},{"not_picked":["Wild Strike","Power Through"],"picked":"Metallicize","floor":17},{"not_picked":["Searing Blow","Clash"],"picked":"Flex","floor":17},{"not_picked":["Sentinel","Rupture","Wild Strike"],"picked":"Singing Bowl","floor":17},{"not_picked":["Perfected Strike","Battle Trance"],"picked":"Rage","floor":17},{"not_picked":["Armaments","Flex"],"picked":"Iron Wave","floor":17},{"not_picked":["Spot Weakness","Sentinel"],"picked":"Armaments","floor":18},{"not_picked":["Pommel Strike+1","Bloodletting"],"picked":"Reaper","floor":20}],"player_experience":481546,"relics_obtained":[{"floor":9,"key":"Singing Bowl"}],"event_choices":[{"damage_healed":0,"gold_gain":0,"player_choice":"Lose Max HP","damage_taken":0,"relics_obtained":["Golden Idol"],"max_hp_gain":0,"max_hp_loss":7,"event_name":"Golden Idol","floor":3,"gold_loss":0},{"cards_removed":["Seeing Red"],"damage_healed":0,"gold_gain":0,"player_choice":"Gave Card","damage_taken":0,"relics_obtained":["Pen Nib"],"max_hp_gain":0,"max_hp_loss":0,"event_name":"WeMeetAgain","floor":4,"gold_loss":0},{"damage_healed":0,"gold_gain":0,"player_choice":"Success","damage_taken":3,"relics_obtained":["Blue Candle"],"max_hp_gain":0,"max_hp_loss":0,"event_name":"Scrap Ooze","floor":5,"gold_loss":0},{"cards_removed":["Strike_R"],"damage_healed":0,"gold_gain":0,"player_choice":"Card Removal","damage_taken":0,"max_hp_gain":0,"max_hp_loss":0,"event_name":"The Cleric","floor":13,"gold_loss":50},{"cards_removed":["Strike_R"],"damage_healed":0,"gold_gain":0,"player_choice":"Purged","damage_taken":0,"max_hp_gain":0,"max_hp_loss":0,"event_name":"Purifier","floor":14,"gold_loss":0},{"damage_healed":0,"gold_gain":0,"player_choice":"Ignored","damage_taken":0,"max_hp_gain":0,"max_hp_loss":0,"event_name":"Beggar","floor":21,"gold_loss":0}],"is_beta":false,"boss_relics":[{"not_picked":["Eternal Feather","Ectoplasm"],"picked":"Orrery"}],"items_purged_floors":[],"is_endless":false,"potions_floor_spawned":[1,2,10],"killed_by":"Snake Plant","ascension_level":12}