{"gold_per_floor":[20,195,6,26,26,26,38,70,70,90,64,80,80,142,142,142],"floor_reached":16,"playtime":931,"items_purged":[],"score":138,"play_id":"c3c01749-8849-41db-9af6-2b765466f582","local_time":"20180913185202","is_ascension_mode":true,"campfire_choices":[{"data":"Neutralize","floor":6,"key":"SMITH"},{"data":"Die Die Die","floor":15,"key":"SMITH"}],"neow_cost":"NO_GOLD","seed_source_timestamp":101075839647436,"circlet_count":0,"master_deck":["Defend_G","Defend_G","Defend_G","Defend_G","Defend_G","Strike_G","Strike_G","Strike_G","Strike_G","Strike_G","Survivor","Neutralize+1","Doubt","Leg Sweep","Tactician","PiercingWail","Heel Hook","Die Die Die+1","Dash","Blur"],"relics":["Ring of the Snake","Tingsha","Oddly Smooth Stone","Ornamental Fan","Darkstone Periapt","Centennial Puzzle"],"potions_floor_usage":[8,11,14],"damage_taken":[{"damage":0,"enemies":"Jaw Worm","floor":1,"turns":5},{"damage":2,"enemies":"Cultist","floor":4,"turns":6},{"damage":0,"enemies":"2 Louse","floor":7,"turns":4},{"damage":33,"enemies":"3 Sentries","floor":8,"turns":15},{"damage":1,"enemies":"2 Fungi Beasts","floor":10,"turns":6},{"damage":5,"enemies":"Exordium Thugs","floor":11,"turns":9},{"damage":1,"enemies":"Gremlin Gang","floor":12,"turns":9},{"damage":2,"enemies":"3 Sentries","floor":14,"turns":10},{"damage":45,"enemies":"Hexaghost","floor":16,"turns":15}],"seed_played":"-7611947223994054363","potions_obtained":[{"floor":1,"key":"GhostInAJar"},{"floor":7,"key":"Weak Potion"},{"floor":11,"key":"SpeedPotion"},{"floor":12,"key":"PowerPotion"}],"is_trial":false,"path_per_floor":["M","?","$","M","?","R","M","E","T","M","M","M","?","?","R"],"character_chosen":"THE_SILENT","items_purchased":["Oddly Smooth Stone","Leg Sweep"],"campfire_rested":0,"item_purchase_floors":[3,3],"current_hp_per_floor":[63,63,63,61,61,61,61,28,28,27,22,21,44,42,42,0],"gold":142,"neow_bonus":"ONE_RARE_RELIC","is_prod":false,"is_daily":false,"chose_seed":false,"campfire_upgraded":2,"win_rate":0,"timestamp":1536861122,"path_taken":["M","?","$","M","?","R","M","E","T","M","?","?","?","?","R","BOSS"],"build_version":"2018-09-06","purchased_purges":0,"victory":false,"max_hp_per_floor":[70,70,70,70,70,70,70,70,70,70,70,70,70,70,70,70],"card_choices":[{"not_picked":["Predator","Underhanded Strike","Bane"],"picked":"SKIP","floor":1},{"not_picked":["Riddle With Holes","Slice"],"picked":"Tactician","floor":4},{"not_picked":["Noxious Fumes","Distraction"],"picked":"PiercingWail","floor":7},{"not_picked":["Dodge and Roll","Crippling Poison"],"picked":"Heel Hook","floor":8},{"not_picked":["Deflect","Blade Dance","Deadly Poison"],"picked":"SKIP","floor":10},{"not_picked":["Blade Dance","Dodge and Roll"],"picked":"Die Die Die","floor":11},{"not_picked":["Sucker Punch","PiercingWail"],"picked":"Dash","floor":12},{"not_picked":["Masterful Stab","Quick Slash"],"picked":"Blur","floor":14}],"player_experience":364144,"relics_obtained":[{"floor":8,"key":"Ornamental Fan"},{"floor":9,"key":"Darkstone Periapt"},{"floor":14,"key":"Centennial Puzzle"}],"event_choices":[{"event_name":"Liars Game","player_choice":"agreed","floor":2,"damage_taken":0},{"event_name":"The Cleric","player_choice":"Leave","floor":5,"damage_taken":0},{"event_name":"Big Fish","player_choice":"Banana","floor":13,"damage_taken":0},{"event_name":"Dead Adventurer","player_choice":"Searched \u00271\u0027 times","floor":14,"damage_taken":0}],"is_beta":false,"boss_relics":[],"items_purged_floors":[],"is_endless":false,"potions_floor_spawned":[1,7,11,12],"killed_by":"Hexaghost","ascension_level":7}