{"gold_per_floor":[17,17,17,41,55,90,108,108,108,33,33,58,58,58,58,184,184,207,207,207,221,37,37,72,72,151,151,151,4,17,41,41,162,162,182,200,533,533,548,563,563],"floor_reached":41,"playtime":2465,"items_purged":["Strike_R"],"score":518,"play_id":"3708bbb8-b81a-4e0b-9b25-8c4c3d740c80","local_time":"20180802011432","is_ascension_mode":true,"campfire_choices":[{"data":"Bash","floor":8,"key":"SMITH"},{"data":"Flex","floor":11,"key":"SMITH"},{"data":"Inflame","floor":13,"key":"SMITH"},{"floor":15,"key":"REST"},{"data":"Armaments","floor":23,"key":"SMITH"},{"data":"Battle Trance","floor":25,"key":"SMITH"},{"data":"Bash","floor":28,"key":"SMITH"},{"data":"Evolve","floor":32,"key":"SMITH"}],"neow_cost":"NO_GOLD","seed_source_timestamp":622284402636250,"circlet_count":0,"master_deck":["Strike_R","Defend_R","Defend_R","Defend_R","Defend_R","Bash+1","Immolate","Flex+1","Thunderclap","Battle Trance+1","Inflame+1","Feed","Armaments+1","Impervious","Bash+1","Armaments+1","Enlightenment","Intimidate+1","Evolve+1","Reckless Charge","Barricade","Iron Wave+1","Flex","Dropkick+1"],"relics":["Burning Blood","Oddly Smooth Stone","Centennial Puzzle","Mark of Pain","Ornamental Fan","Bottled Tornado","Empty Cage"],"potions_floor_usage":[6,30,33,33,40,41,41],"damage_taken":[{"damage":7,"enemies":"Small Slimes","floor":1,"turns":2},{"damage":9,"enemies":"Jaw Worm","floor":4,"turns":3},{"damage":0,"enemies":"Cultist","floor":5,"turns":2},{"damage":38,"enemies":"Lagavulin","floor":6,"turns":7},{"damage":1,"enemies":"3 Louse","floor":7,"turns":3},{"damage":8,"enemies":"Exordium Thugs","floor":12,"turns":4},{"damage":22,"enemies":"Slime Boss","floor":16,"turns":6},{"damage":5,"enemies":"Spheric Guardian","floor":18,"turns":3},{"damage":6,"enemies":"Chosen","floor":21,"turns":4},{"damage":53,"enemies":"Gremlin Leader","floor":24,"turns":6},{"damage":5,"enemies":"Snecko","floor":30,"turns":5},{"damage":8,"enemies":"3 Cultists","floor":31,"turns":4},{"damage":51,"enemies":"Collector","floor":33,"turns":10},{"damage":25,"enemies":"3 Shapes","floor":35,"turns":8},{"damage":19,"enemies":"3 Darklings","floor":36,"turns":6},{"damage":34,"enemies":"Sphere and 2 Shapes","floor":39,"turns":4},{"damage":27,"enemies":"Maw","floor":40,"turns":11},{"damage":42,"enemies":"2 Orb Walkers","floor":41,"turns":3}],"seed_played":"5563045701492857251","potions_obtained":[{"floor":1,"key":"Block Potion"},{"floor":4,"key":"Weak Potion"},{"floor":6,"key":"SmokeBomb"},{"floor":7,"key":"Block Potion"},{"floor":24,"key":"Ancient Potion"},{"floor":31,"key":"Regen Potion"},{"floor":33,"key":"SteroidPotion"},{"floor":39,"key":"SteroidPotion"}],"is_trial":false,"path_per_floor":["M","?","?","M","M","E","M","R","T","$","R","M","R","?","R","B",null,"M","?","?","M","$","R","E","R","T","?","R","$","M","M","R","B",null,"M","M","?","?","M","M"],"character_chosen":"IRONCLAD","items_purchased":["Enlightenment","Evolve","Reckless Charge"],"campfire_rested":1,"item_purchase_floors":[22,29,29],"current_hp_per_floor":[79,79,59,56,62,30,35,35,35,35,35,33,33,26,50,34,80,83,83,83,83,83,83,40,40,40,87,87,87,90,91,91,46,93,77,67,67,67,39,33,0],"gold":563,"neow_bonus":"THREE_RARE_CARDS","is_prod":false,"is_daily":false,"chose_seed":false,"campfire_upgraded":7,"win_rate":0,"timestamp":1533168872,"path_taken":["M","?","?","M","M","E","M","R","T","$","R","M","R","?","R","BOSS","M","?","?","M","$","R","E","R","T","?","R","?","M","M","R","BOSS","M","M","?","?","M","M","E"],"build_version":"2018-07-26","purchased_purges":1,"victory":false,"max_hp_per_floor":[80,80,80,80,80,80,80,80,80,80,80,80,80,80,80,80,80,83,83,83,83,83,83,87,87,87,87,87,87,90,93,93,93,93,96,99,99,99,99,99,99],"card_choices":[{"not_picked":["Limit Break","Fiend Fire"],"picked":"Immolate","floor":0},{"not_picked":["Flame Barrier","Rage","Cleave"],"picked":"SKIP","floor":1},{"not_picked":["Headbutt","Clash"],"picked":"Flex","floor":4},{"not_picked":["Headbutt","Havoc"],"picked":"Thunderclap","floor":5},{"not_picked":["Whirlwind","Hemokinesis"],"picked":"Battle Trance","floor":6},{"not_picked":["Sever Soul","Wild Strike"],"picked":"Power Through","floor":7},{"not_picked":["Cleave","Wild Strike"],"picked":"Inflame","floor":12},{"not_picked":["Brutality","Fiend Fire"],"picked":"Feed","floor":16},{"not_picked":["Body Slam","Iron Wave"],"picked":"Armaments","floor":18},{"not_picked":["Burning Pact","Anger"],"picked":"Armaments+1","floor":21},{"not_picked":["True Grit","Reckless Charge+1"],"picked":"Intimidate+1","floor":24},{"not_picked":["Pommel Strike","Sword Boomerang","Anger"],"picked":"SKIP","floor":30},{"not_picked":["Pommel Strike","Twin Strike","Clash"],"picked":"SKIP","floor":31},{"not_picked":["Juggernaut","Bludgeon"],"picked":"Barricade","floor":33},{"not_picked":["Ghostly Armor","Clash+1"],"picked":"Iron Wave+1","floor":35},{"not_picked":["Twin Strike","Burning Pact+1","Heavy Blade"],"picked":"SKIP","floor":36},{"not_picked":["Wild Strike+1","True Grit+1"],"picked":"Flex","floor":39},{"not_picked":["Havoc+1","Headbutt"],"picked":"Dropkick+1","floor":40}],"player_experience":247341,"relics_obtained":[{"floor":6,"key":"Oddly Smooth Stone"},{"floor":9,"key":"Centennial Puzzle"},{"floor":24,"key":"Ornamental Fan"},{"floor":26,"key":"Bottled Tornado"}],"event_choices":[{"event_name":"The Cleric","player_choice":"Leave","floor":2,"damage_taken":0},{"event_name":"Golden Idol","player_choice":"Take Damage","floor":3,"damage_taken":0},{"event_name":"Golden Wing","player_choice":"Card Removal","floor":14,"damage_taken":0},{"event_name":"Match and Keep!","player_choice":"2 cards matched","floor":19,"damage_taken":0},{"event_name":"The Woman in Blue","player_choice":"Bought 0 Potions","floor":20,"damage_taken":0},{"event_name":"Bonfire Elementals","player_choice":"UNCOMMON","floor":27,"damage_taken":0},{"event_name":"The Moai Head","player_choice":"Gave Idol","floor":37,"damage_taken":0},{"event_name":"Tomb of Lord Red Mask","player_choice":"Ignored","floor":38,"damage_taken":0}],"is_beta":false,"boss_relics":[{"not_picked":["Sozu","Ectoplasm"],"picked":"Mark of Pain"},{"not_picked":["Lizard Tail","Tiny House"],"picked":"Empty Cage"}],"items_purged_floors":[10],"is_endless":false,"potions_floor_spawned":[1,4,6,7,21,24,31,33,39],"killed_by":"2 Orb Walkers","ascension_level":4}