{"gold_per_floor":[114,129,144,49,64,79,94,44,44,119,149,149,164,179,179,279,279,279,279,279,279,279,279,279,279,279,279,279,38,38,38,38,38],"floor_reached":33,"playtime":1985,"items_purged":[],"score":375,"play_id":"4581076a-cfcf-4047-aa8d-d0eba0adef69","local_time":"20180918021521","daily_mods":["Brewmaster","Uncertain Future","Hoarder"],"is_ascension_mode":false,"campfire_choices":[{"floor":12,"key":"REST"},{"data":"Envenom","floor":15,"key":"SMITH"},{"data":"Mind Blast","floor":23,"key":"SMITH"},{"floor":27,"key":"REST"},{"data":"Envenom","floor":32,"key":"SMITH"}],"neow_cost":"","seed_source_timestamp":0,"circlet_count":0,"master_deck":["Defend_G","Defend_G","Defend_G","Defend_G","Defend_G","Strike_G","Strike_G","Strike_G","Strike_G","Strike_G","Survivor","Neutralize","Venomology","Venomology","Venomology","Venomology","Venomology","Venomology","Venomology","Venomology","Venomology","Venomology","Venomology","Venomology","Venomology","Venomology","Leg Sweep","Leg Sweep","Leg Sweep","Dash","Dash","Dash","Mind Blast+1","Mind Blast","Outmaneuver","Outmaneuver","Outmaneuver","Envenom+1","Envenom+1","Envenom","Blur","Blur","Blur","Catalyst","Catalyst","Catalyst","Bullet Time","Bullet Time","Bullet Time","Deadly Poison+1","Deadly Poison+1","Deadly Poison+1","Adrenaline","Adrenaline","Adrenaline","Bane+1","Bane+1","Bane+1","Necronomicurse","Necronomicurse","Necronomicurse","Finesse","Finesse","Finesse","Acrobatics","Acrobatics","Acrobatics"],"special_seed":17792,"relics":["Ring of the Snake","White Beast Statue","Snake Skull","Shuriken","Ectoplasm","Anchor","Necronomicon","The Courier","Oddly Smooth Stone"],"potions_floor_usage":[1,1,1,1,1,2,2,2,3,3,3,5,5,5,5,5,5,5,5,6,6,6,6,6,6,6,7,7,7,11,11,11,11,11,11,11,11,11,11,13,13,13,14,14,14,16,16,16,16,16,16,16,16,18,20,20,20,21,21,22,22,22,22,24,24,24,24,28,30,31,31,31,33,33,33,33,33,33,33],"damage_taken":[{"damage":4,"enemies":"Cultist","floor":1,"turns":6},{"damage":0,"enemies":"Small Slimes","floor":2,"turns":1},{"damage":0,"enemies":"Jaw Worm","floor":3,"turns":4},{"damage":3,"enemies":"Exordium Wildlife","floor":5,"turns":6},{"damage":0,"enemies":"Large Slime","floor":6,"turns":6},{"damage":0,"enemies":"Blue Slaver","floor":7,"turns":4},{"damage":21,"enemies":"Gremlin Nob","floor":11,"turns":6},{"damage":2,"enemies":"3 Louse","floor":13,"turns":5},{"damage":0,"enemies":"Large Slime","floor":14,"turns":5},{"damage":9,"enemies":"The Guardian","floor":16,"turns":12},{"damage":0,"enemies":"Shell Parasite","floor":18,"turns":1},{"damage":23,"enemies":"3 Byrds","floor":20,"turns":4},{"damage":0,"enemies":"Snake Plant","floor":21,"turns":1},{"damage":10,"enemies":"Chosen and Byrds","floor":22,"turns":4},{"damage":0,"enemies":"Book of Stabbing","floor":24,"turns":3},{"damage":0,"enemies":"Cultist and Chosen","floor":28,"turns":1},{"damage":0,"enemies":"Centurion and Healer","floor":30,"turns":3},{"damage":0,"enemies":"3 Cultists","floor":31,"turns":4},{"damage":30,"enemies":"Collector","floor":33,"turns":6}],"seed_played":"-276946993801479710","potions_obtained":[{"floor":2,"key":"Swift Potion"},{"floor":6,"key":"EssenceOfSteel"},{"floor":11,"key":"GhostInAJar"},{"floor":13,"key":"Strength Potion"},{"floor":14,"key":"SmokeBomb"},{"floor":18,"key":"Regen Potion"},{"floor":20,"key":"Explosive Potion"},{"floor":21,"key":"LiquidBronze"},{"floor":24,"key":"FearPotion"},{"floor":28,"key":"SteroidPotion"}],"is_trial":false,"path_per_floor":["M","M","M","$","M","M","M","?","T","?","E","R","M","M","R","B",null,"M","?","M","M","M","R","E","?","T","R","M","$","M","M","R"],"character_chosen":"THE_SILENT","items_purchased":["Mind Blast","Finesse","Oddly Smooth Stone","Acrobatics"],"campfire_rested":2,"item_purchase_floors":[4,29,29,29],"current_hp_per_floor":[66,66,66,66,63,63,63,63,63,52,31,52,50,50,50,41,70,70,70,51,51,41,41,41,25,25,46,46,46,46,46,46,16],"gold":38,"neow_bonus":"","is_prod":false,"is_daily":true,"chose_seed":false,"campfire_upgraded":3,"win_rate":0,"timestamp":1537233321,"path_taken":["M","M","?","$","M","M","M","?","T","?","E","R","M","M","R","BOSS","M","?","M","?","M","R","E","?","T","R","M","$","M","M","R","BOSS"],"build_version":"2018-09-06","purchased_purges":0,"victory":false,"max_hp_per_floor":[70,70,70,70,70,70,70,70,70,70,70,70,70,70,70,70,70,70,70,70,70,70,70,70,70,70,70,70,70,70,70,70,70],"card_choices":[{"not_picked":["Calculated Gamble","Dodge and Roll"],"picked":"Leg Sweep","floor":1},{"not_picked":["Predator","Reflex"],"picked":"Dash","floor":2},{"not_picked":["Endless Agony","Cloak And Dagger","Backflip"],"picked":"SKIP","floor":3},{"not_picked":["Choke","Venomology"],"picked":"Outmaneuver","floor":5},{"not_picked":["Dodge and Roll","Acrobatics","Endless Agony"],"picked":"SKIP","floor":6},{"not_picked":["Deadly Poison","All Out Attack","Acrobatics"],"picked":"SKIP","floor":7},{"not_picked":["Setup","Quick Slash"],"picked":"Envenom","floor":11},{"not_picked":["Flechettes","Deflect"],"picked":"Blur","floor":13},{"not_picked":["Backflip","Footwork"],"picked":"Catalyst","floor":14},{"not_picked":["Grand Finale","Envenom"],"picked":"Bullet Time","floor":16},{"not_picked":["Leg Sweep","Calculated Gamble","Dagger Throw"],"picked":"SKIP","floor":18},{"not_picked":["Slice","Poisoned Stab"],"picked":"Deadly Poison+1","floor":20},{"not_picked":["Underhanded Strike","Deflect"],"picked":"Adrenaline","floor":21},{"not_picked":["Blade Dance","Cloak And Dagger"],"picked":"Bane+1","floor":22},{"not_picked":["Distraction","Flying Knee","Blade Dance"],"picked":"SKIP","floor":24},{"not_picked":["Burst","Deadly Poison","Bane"],"picked":"SKIP","floor":28},{"not_picked":["Underhanded Strike+1","Cloak And Dagger","Reflex"],"picked":"SKIP","floor":30},{"not_picked":["Underhanded Strike","Dagger Throw","Corpse Explosion"],"picked":"SKIP","floor":31}],"player_experience":393909,"relics_obtained":[{"floor":9,"key":"Snake Skull"},{"floor":11,"key":"Shuriken"},{"floor":24,"key":"Anchor"},{"floor":25,"key":"Necronomicon"},{"floor":26,"key":"The Courier"}],"event_choices":[{"event_name":"The Cleric","player_choice":"Card Removal","floor":8,"damage_taken":0},{"event_name":"World of Goop","player_choice":"Gather Gold","floor":10,"damage_taken":0},{"event_name":"Purifier","player_choice":"One Purge","floor":19,"damage_taken":0},{"event_name":"Cursed Tome","player_choice":"Obtained Book","floor":25,"damage_taken":0}],"is_beta":false,"boss_relics":[{"not_picked":["HoveringKite","Busted Crown"],"picked":"Ectoplasm"}],"items_purged_floors":[],"is_endless":false,"potions_floor_spawned":[1,2,3,5,6,7,11,13,14,16,18,20,21,22,24,28,30,31],"killed_by":"Collector","ascension_level":0}