{"gold_per_floor":[115,115,115,13,30,49,49,82,130,130,130,130,150,161,161,259,259,273,284,49,49,67,67,95,95,95,111,111,126,141,141,141,243,243,253,72,89,105,105,105,116,116,139,139,139,155,168,193,193,193],"floor_reached":51,"playtime":3164,"items_purged":["Regret"],"score":1044,"play_id":"37416f1d-5c44-481b-ae3d-4e30391e8ef3","local_time":"20180914222610","is_ascension_mode":true,"campfire_choices":[{"data":"Neutralize","floor":7,"key":"SMITH"},{"data":"Dodge and Roll","floor":10,"key":"SMITH"},{"floor":12,"key":"REST"},{"data":"Well Laid Plans","floor":15,"key":"SMITH"},{"floor":23,"key":"REST"},{"floor":25,"key":"REST"},{"floor":32,"key":"REST"},{"floor":40,"key":"REST"},{"floor":42,"key":"REST"},{"floor":49,"key":"REST"}],"neow_cost":"","seed_source_timestamp":11901339760069,"circlet_count":0,"master_deck":["Defend_G","Defend_G+1","Defend_G","Defend_G","Defend_G","Strike_G","Strike_G","Strike_G","Strike_G","Survivor","Neutralize+1","Quick Slash","Backflip+1","Dagger Throw","Dodge and Roll+1","Dodge and Roll","Well Laid Plans+1","Noxious Fumes+1","Flash of Steel","Distraction","Footwork","Caltrops+1","Ghostly","Ghostly","Ghostly","Ghostly","Ghostly","Deadly Poison+1","Crippling Poison","J.A.X.","Envenom","Dagger Spray+1","Secret Technique","Backstab+1","Cloak And Dagger","Noxious Fumes+1","Distraction+1"],"relics":["Ring of the Serpent","Orichalcum","Matryoshka","Happy Flower","Centennial Puzzle","Fusion Hammer","War Paint","Bag of Marbles","Blue Candle","Ancient Tea Set","Snake Skull","Oddly Smooth Stone","Bag of Preparation"],"potions_floor_usage":[8,14,16,24,24,38,50,50],"damage_taken":[{"damage":5,"enemies":"Small Slimes","floor":1,"turns":4},{"damage":0,"enemies":"2 Louse","floor":5,"turns":3},{"damage":4,"enemies":"Cultist","floor":6,"turns":4},{"damage":23,"enemies":"Lagavulin","floor":8,"turns":8},{"damage":2,"enemies":"Looter","floor":13,"turns":3},{"damage":0,"enemies":"Exordium Wildlife","floor":14,"turns":6},{"damage":13,"enemies":"The Guardian","floor":16,"turns":15},{"damage":2,"enemies":"Shell Parasite","floor":18,"turns":8},{"damage":8,"enemies":"3 Byrds","floor":19,"turns":6},{"damage":3,"enemies":"Snake Plant","floor":22,"turns":7},{"damage":56,"enemies":"Gremlin Leader","floor":24,"turns":9},{"damage":4,"enemies":"Shelled Parasite and Fungi","floor":27,"turns":7},{"damage":10,"enemies":"Cultist and Chosen","floor":29,"turns":10},{"damage":0,"enemies":"Snake Plant","floor":30,"turns":5},{"damage":6,"enemies":"Automaton","floor":33,"turns":10},{"damage":2,"enemies":"Orb Walker","floor":35,"turns":5},{"damage":1,"enemies":"3 Shapes","floor":37,"turns":6},{"damage":15,"enemies":"Reptomancer","floor":38,"turns":6},{"damage":20,"enemies":"Maw","floor":41,"turns":8},{"damage":1,"enemies":"Sphere and 2 Shapes","floor":46,"turns":5},{"damage":3,"enemies":"Reptomancer","floor":47,"turns":6},{"damage":3,"enemies":"2 Orb Walkers","floor":48,"turns":7},{"damage":19,"enemies":"Awakened One","floor":50,"turns":12}],"seed_played":"-1585249155799565391","potions_obtained":[{"floor":6,"key":"Fire Potion"},{"floor":8,"key":"Energy Potion"},{"floor":14,"key":"Strength Potion"},{"floor":18,"key":"SteroidPotion"},{"floor":22,"key":"Regen Potion"},{"floor":37,"key":"PowerPotion"},{"floor":38,"key":"Dexterity Potion"},{"floor":47,"key":"Dexterity Potion"}],"is_trial":false,"path_per_floor":["M","?","?","$","M","M","R","E","T","R","?","R","M","M","R","B",null,"M","M","$","?","M","R","E","R","T","M","?","M","M","?","R","B",null,"M","$","M","M","?","R","M","R","T","?","T","M","M","E","R","B"],"character_chosen":"THE_SILENT","items_purchased":["Backflip","War Paint","Flash of Steel","Secret Technique"],"campfire_rested":7,"item_purchase_floors":[4,20,20,36],"current_hp_per_floor":[58,58,58,58,58,54,54,31,31,31,31,52,50,50,50,37,62,60,52,52,52,49,70,23,44,44,40,35,25,25,25,35,29,34,32,32,31,16,45,45,25,38,38,38,38,37,34,31,44,25],"gold":193,"neow_bonus":"","is_prod":false,"is_daily":false,"chose_seed":false,"campfire_upgraded":3,"win_rate":0,"timestamp":1536960370,"path_taken":["M","?","?","?","M","M","R","E","T","R","?","R","?","M","R","BOSS","M","M","$","?","M","R","E","R","T","?","?","M","M","?","R","BOSS","M","?","?","M","?","R","M","R","T","?","?","?","M","E","R","BOSS"],"build_version":"2018-09-06","purchased_purges":1,"victory":true,"max_hp_per_floor":[70,70,70,70,70,70,70,70,70,70,70,70,70,70,70,70,70,70,70,70,70,70,70,70,70,70,70,35,35,35,35,35,35,35,35,35,35,35,45,45,45,45,45,45,45,45,45,45,45,45],"card_choices":[{"not_picked":["Dodge and Roll","Deflect"],"picked":"Quick Slash","floor":1},{"not_picked":["Underhanded Strike","Deadly Poison","Flechettes"],"picked":"SKIP","floor":5},{"not_picked":["Bouncing Flask","Eviscerate"],"picked":"Dagger Throw","floor":6},{"not_picked":["Setup","Sucker Punch"],"picked":"Dodge and Roll","floor":8},{"not_picked":["Skewer","Finisher"],"picked":"Dodge and Roll","floor":13},{"not_picked":["Infinite Blades","Dodge and Roll"],"picked":"Well Laid Plans","floor":14},{"not_picked":["Night Terror","Grand Finale"],"picked":"Burst","floor":16},{"not_picked":["Acrobatics","Setup","Dagger Spray"],"picked":"SKIP","floor":18},{"not_picked":["Dagger Spray+1","Well Laid Plans"],"picked":"Noxious Fumes","floor":19},{"not_picked":["PiercingWail","Slice"],"picked":"Distraction","floor":22},{"not_picked":["Slice","Storm of Steel"],"picked":"Footwork","floor":24},{"not_picked":["Quick Slash","Bouncing Flask"],"picked":"Caltrops+1","floor":27},{"not_picked":["Setup","Dagger Throw"],"picked":"Deadly Poison+1","floor":29},{"not_picked":["All Out Attack","PiercingWail+1"],"picked":"Crippling Poison","floor":30},{"not_picked":["Wraith Form v2","Burst"],"picked":"Envenom","floor":33},{"not_picked":["Quick Slash","Expertise+1"],"picked":"Dagger Spray+1","floor":35},{"not_picked":["Caltrops","Backflip+1"],"picked":"Backstab+1","floor":37},{"not_picked":["Dagger Throw+1","Acrobatics"],"picked":"Cloak And Dagger","floor":38},{"not_picked":["Caltrops+1","Eviscerate+1"],"picked":"Noxious Fumes+1","floor":41},{"not_picked":["Heel Hook","Acrobatics+1"],"picked":"Distraction+1","floor":46},{"not_picked":["All Out Attack","Flechettes+1","Reflex"],"picked":"SKIP","floor":47},{"not_picked":["Poisoned Stab","Cloak And Dagger","Finisher"],"picked":"SKIP","floor":48}],"player_experience":383479,"relics_obtained":[{"floor":8,"key":"Matryoshka"},{"floor":9,"key":"Happy Flower"},{"floor":9,"key":"Centennial Puzzle"},{"floor":24,"key":"Bag of Marbles"},{"floor":26,"key":"Blue Candle"},{"floor":26,"key":"Ancient Tea Set"},{"floor":43,"key":"Snake Skull"},{"floor":45,"key":"Oddly Smooth Stone"},{"floor":48,"key":"Bag of Preparation"}],"event_choices":[{"event_name":"Big Fish","player_choice":"Box","floor":2,"damage_taken":0},{"event_name":"The Woman in Blue","player_choice":"Bought 0 Potions","floor":3,"damage_taken":0},{"event_name":"Upgrade Shrine","player_choice":"Upgraded","floor":11,"damage_taken":0},{"event_name":"Upgrade Shrine","player_choice":"Upgraded","floor":21,"damage_taken":0},{"event_name":"Ghosts","player_choice":"Became a Ghost","floor":28,"damage_taken":0},{"event_name":"Drug Dealer","player_choice":"Got JAX","floor":31,"damage_taken":0},{"event_name":"Bonfire Elementals","player_choice":"RARE","floor":39,"damage_taken":0},{"event_name":"Purifier","player_choice":"One Purge","floor":44,"damage_taken":0}],"is_beta":false,"boss_relics":[{"not_picked":["Lizard Tail","Tiny House"],"picked":"Fusion Hammer"},{"not_picked":["Runic Dome","Busted Crown"],"picked":"Ring of the Serpent"}],"items_purged_floors":[4],"is_endless":false,"potions_floor_spawned":[6,8,14,18,22,37,38,47],"ascension_level":7}