{"gold_per_floor":[12,87,87,99,117,117,133,133,182,202,352,371,396,133,133,205,205,185,185,185,185,85,117,117,117],"floor_reached":25,"playtime":1286,"items_purged":["Doubt","Writhe"],"score":419,"play_id":"b0a136b9-1fea-4717-98e7-49530f5e8a68","local_time":"20190323002042","is_ascension_mode":true,"campfire_choices":[{"data":"Neutralize","floor":6,"key":"SMITH"},{"floor":8,"key":"REST"},{"floor":15,"key":"REST"},{"floor":24,"key":"REST"}],"neow_cost":"NO_GOLD","seed_source_timestamp":187822956313800,"circlet_count":0,"master_deck":["AscendersBane","Defend_G","Defend_G","Defend_G","Defend_G","Defend_G","Survivor+1","Neutralize+1","Dash","Blur","Escape Plan","Blade Dance","Well Laid Plans","Accuracy","PiercingWail","Noxious Fumes","Dramatic Entrance","Glass Knife","Infinite Blades","Bite","Bite","Bite","Bite","Bite"],"relics":["Ring of the Snake","Nunchaku","Happy Flower","Oddly Smooth Stone","Busted Crown","Potion Belt","Smiling Mask"],"potions_floor_usage":[13,23],"damage_taken":[{"damage":3,"enemies":"Jaw Worm","floor":1,"turns":6},{"damage":0,"enemies":"Small Slimes","floor":4,"turns":4},{"damage":0,"enemies":"2 Louse","floor":5,"turns":4},{"damage":4,"enemies":"Large Slime","floor":7,"turns":11},{"damage":3,"enemies":"3 Louse","floor":10,"turns":5},{"damage":5,"enemies":"Exordium Wildlife","floor":12,"turns":7},{"damage":15,"enemies":"3 Sentries","floor":13,"turns":9},{"damage":10,"enemies":"The Guardian","floor":16,"turns":15},{"damage":7,"enemies":"2 Thieves","floor":18,"turns":4},{"damage":40,"enemies":"Book of Stabbing","floor":23,"turns":7},{"damage":37,"enemies":"Gremlin Leader","floor":25,"turns":4}],"seed_played":"539607531846614829","potions_obtained":[{"floor":4,"key":"AttackPotion"},{"floor":5,"key":"Weak Potion"},{"floor":16,"key":"Energy Potion"}],"is_trial":false,"path_per_floor":["M","?","?","M","M","R","M","R","T","M","?","M","E","$","R","B",null,"M","?","?","?","$","E","R","E"],"character_chosen":"THE_SILENT","items_purchased":["Noxious Fumes","Dramatic Entrance"],"campfire_rested":3,"item_purchase_floors":[14,14],"current_hp_per_floor":[56,45,25,25,25,25,21,40,40,37,37,32,17,17,36,26,56,49,46,46,46,46,14,27,0],"gold":117,"neow_bonus":"ONE_RARE_RELIC","is_prod":false,"is_daily":false,"chose_seed":false,"campfire_upgraded":1,"win_rate":0,"timestamp":1553300442,"path_taken":["M","?","?","M","M","R","M","R","T","M","?","M","E","$","R","BOSS","M","?","?","?","$","E","R","E"],"build_version":"2019-01-23","purchased_purges":2,"victory":false,"max_hp_per_floor":[66,66,66,66,66,66,66,66,66,66,66,66,66,66,66,66,66,66,46,46,46,46,46,46,46],"card_choices":[{"not_picked":["Sucker Punch","Outmaneuver"],"picked":"Dash","floor":1},{"not_picked":["Deflect","Deadly Poison"],"picked":"Blur","floor":4},{"not_picked":["Prepared","Deadly Poison"],"picked":"Escape Plan","floor":5},{"not_picked":["Eviscerate","Sucker Punch"],"picked":"Blade Dance","floor":7},{"not_picked":["Backflip","Poisoned Stab"],"picked":"Well Laid Plans","floor":10},{"not_picked":["Skewer","Cloak And Dagger"],"picked":"Accuracy","floor":12},{"not_picked":["Deflect","Setup"],"picked":"PiercingWail","floor":13},{"not_picked":["Grand Finale","Storm of Steel"],"picked":"Glass Knife","floor":16},{"not_picked":[],"picked":"Infinite Blades","floor":18},{"not_picked":["Prepared+1"],"picked":"SKIP","floor":23}],"player_experience":625039,"relics_obtained":[{"floor":9,"key":"Happy Flower"},{"floor":13,"key":"Oddly Smooth Stone"},{"floor":23,"key":"Smiling Mask"}],"event_choices":[{"damage_healed":0,"gold_gain":75,"player_choice":"Gather Gold","damage_taken":11,"max_hp_gain":0,"max_hp_loss":0,"event_name":"World of Goop","floor":2,"gold_loss":0},{"damage_healed":0,"gold_gain":0,"player_choice":"Entered Light","damage_taken":20,"max_hp_gain":0,"max_hp_loss":0,"event_name":"Shining Light","floor":3,"gold_loss":0,"cards_upgraded":["Survivor","Strike_G"]},{"damage_healed":0,"gold_gain":150,"player_choice":"AGREE","damage_taken":0,"max_hp_gain":0,"max_hp_loss":0,"event_name":"Liars Game","floor":11,"gold_loss":0,"cards_obtained":["Doubt"]},{"damage_healed":0,"gold_gain":0,"player_choice":"Became a vampire","damage_taken":0,"max_hp_gain":0,"max_hp_loss":20,"event_name":"Vampires","floor":19,"gold_loss":0,"cards_obtained":["Bite","Bite","Bite","Bite","Bite"]},{"damage_healed":0,"gold_gain":0,"player_choice":"Ignored","damage_taken":0,"max_hp_gain":0,"max_hp_loss":0,"event_name":"Ghosts","floor":20,"gold_loss":0},{"damage_healed":0,"gold_gain":0,"player_choice":"Opened","damage_taken":0,"relics_obtained":["Potion Belt"],"max_hp_gain":0,"max_hp_loss":0,"event_name":"The Mausoleum","floor":21,"gold_loss":0,"cards_obtained":["Writhe"]}],"is_beta":false,"boss_relics":[{"not_picked":["Runic Dome","Ectoplasm"],"picked":"Busted Crown"}],"items_purged_floors":[14,22],"is_endless":false,"potions_floor_spawned":[4,5,7,16,18],"killed_by":"Gremlin Leader","ascension_level":16}