{"gold_per_floor":[111,111,121,136,136,136,201,201,201,166,180,190,190,207,207,308,308,323,238,49,49,65,65,93,93,120,139,149,163,174,187,187,187],"floor_reached":33,"playtime":2562,"items_purged":["Strike_B"],"score":300,"play_id":"5dede02e-a3bb-40e7-bd49-6c2084d8e70e","local_time":"20180727230253","is_ascension_mode":true,"campfire_choices":[{"data":"Chaos","floor":6,"key":"SMITH"},{"data":"Zap","floor":8,"key":"SMITH"},{"data":"Redo","floor":15,"key":"SMITH"},{"data":"Chaos","floor":23,"key":"SMITH"},{"data":"Capacitor","floor":25,"key":"SMITH"},{"data":"Defragment","floor":32,"key":"SMITH"}],"neow_cost":"","seed_source_timestamp":182272018011079,"circlet_count":0,"master_deck":["Defend_B+1","Defend_B","Defend_B","Zap+1","Dualcast","Chaos+1","Capacitor+1","Undo+1","White Noise","Redo+1","FTL","Conserve Battery","All For One","Self Repair","Chaos+1","Leap","Bandage Up","Lockon+1","Go for the Eyes+1","Conserve Battery+1","FTL","Defragment+1"],"relics":["Cracked Core","Strawberry","Turnip","War Paint","Empty Cage","Bronze Scales","Anchor","Bag of Preparation"],"potions_floor_usage":[],"damage_taken":[{"damage":1,"enemies":"Cultist","floor":1,"turns":3},{"damage":1,"enemies":"2 Louse","floor":3,"turns":3},{"damage":7,"enemies":"Jaw Worm","floor":4,"turns":4},{"damage":37,"enemies":"Gremlin Nob","floor":7,"turns":5},{"damage":3,"enemies":"Red Slaver","floor":11,"turns":4},{"damage":15,"enemies":"Large Slime","floor":12,"turns":5},{"damage":0,"enemies":"2 Fungi Beasts","floor":14,"turns":4},{"damage":11,"enemies":"The Guardian","floor":16,"turns":13},{"damage":0,"enemies":"Spheric Guardian","floor":18,"turns":4},{"damage":1,"enemies":"Shell Parasite","floor":22,"turns":7},{"damage":40,"enemies":"Slavers","floor":24,"turns":4},{"damage":26,"enemies":"Sentry and Sphere","floor":27,"turns":6},{"damage":7,"enemies":"3 Cultists","floor":28,"turns":5},{"damage":0,"enemies":"Centurion and Healer","floor":29,"turns":5},{"damage":17,"enemies":"Cultist and Chosen","floor":30,"turns":5},{"damage":5,"enemies":"Snecko","floor":31,"turns":5},{"damage":50,"enemies":"Automaton","floor":33,"turns":6}],"seed_played":"8760506503147727328","potions_obtained":[{"floor":4,"key":"Regen Potion"},{"floor":7,"key":"Fire Potion"},{"floor":11,"key":"SneckoOil"},{"floor":18,"key":"Weak Potion"},{"floor":28,"key":"Swift Potion"}],"is_trial":false,"path_per_floor":["M","?","M","M","?","R","?","R","T","?","M","M","T","M","R","B",null,"M","?","$","?","M","R","E","R","T","M","M","M","M","M","R"],"character_chosen":"DEFECT","items_purchased":["Self Repair","Chaos"],"campfire_rested":0,"item_purchase_floors":[20,20],"current_hp_per_floor":[74,74,73,66,59,59,29,29,29,49,46,38,38,38,38,27,82,82,82,82,82,82,82,46,46,46,31,35,46,40,46,46,0],"gold":187,"neow_bonus":"","is_prod":false,"is_daily":false,"chose_seed":false,"campfire_upgraded":6,"win_rate":0,"timestamp":1532728973,"path_taken":["M","?","M","?","?","R","?","R","T","?","?","M","?","M","R","BOSS","M","?","$","?","M","R","E","R","T","?","?","M","M","?","R","BOSS"],"build_version":"2018-07-26","purchased_purges":1,"victory":false,"max_hp_per_floor":[75,75,75,75,75,75,82,82,82,82,82,82,82,82,82,82,82,82,82,82,82,82,82,82,82,82,82,82,82,82,82,82,82],"card_choices":[{"not_picked":["Turbo","Barrage"],"picked":"Chaos","floor":1},{"not_picked":["Skim","Cold Snap"],"picked":"Capacitor","floor":3},{"not_picked":["Cold Snap","Storm"],"picked":"Undo","floor":4},{"not_picked":["Redo","Turbo"],"picked":"White Noise","floor":7},{"not_picked":["Steam","Beam Cell"],"picked":"Redo","floor":11},{"not_picked":["Redo","Rip and Tear"],"picked":"FTL","floor":12},{"not_picked":["Turbo","Barrage"],"picked":"Conserve Battery","floor":14},{"not_picked":["Echo Form","Buffer"],"picked":"All For One","floor":16},{"not_picked":["Ball Lightning","Melter","Steam Power+1"],"picked":"SKIP","floor":18},{"not_picked":["Glacier","Conserve Battery"],"picked":"Lockon+1","floor":22},{"not_picked":["Self Repair","Fusion"],"picked":"Go for the Eyes+1","floor":24},{"not_picked":["Steam+1","Reinforced Body","Turbo"],"picked":"SKIP","floor":27},{"not_picked":["Hologram","Rebound+1"],"picked":"Conserve Battery+1","floor":28},{"not_picked":["Genetic Algorithm","Rebound"],"picked":"FTL","floor":29},{"not_picked":["Chill","Multi-Cast"],"picked":"Defragment","floor":30},{"not_picked":["Go for the Eyes","Self Repair","Barrage"],"picked":"SKIP","floor":31}],"player_experience":242034,"relics_obtained":[{"floor":7,"key":"Strawberry"},{"floor":9,"key":"Turnip"},{"floor":13,"key":"War Paint"},{"floor":24,"key":"Anchor"},{"floor":26,"key":"Bag of Preparation"}],"event_choices":[{"event_name":"Living Wall","player_choice":"Forget","floor":2,"damage_taken":0},{"event_name":"Golden Wing","player_choice":"Card Removal","floor":5,"damage_taken":0},{"event_name":"Dead Adventurer","player_choice":"Searched \u00272\u0027 times","floor":7,"damage_taken":0},{"event_name":"The Cleric","player_choice":"Healed","floor":10,"damage_taken":0},{"event_name":"Addict","player_choice":"Obtained Relic","floor":19,"damage_taken":0},{"event_name":"Match and Keep!","player_choice":"2 cards matched","floor":21,"damage_taken":0}],"is_beta":false,"boss_relics":[{"not_picked":["Pandora\u0027s Box","Philosopher\u0027s Stone"],"picked":"Empty Cage"}],"items_purged_floors":[20],"is_endless":false,"potions_floor_spawned":[4,7,11,18,22,28],"killed_by":"Automaton","ascension_level":3}