{"gold_per_floor":[114,114,124,124,142,142,9,9,9,9,35,47,79,91,103,115],"floor_reached":16,"playtime":485,"items_purged":["Strike_B"],"score":176,"play_id":"902e850a-fb84-44a7-bb8f-79b30c797ca3","local_time":"20190321201255","is_ascension_mode":true,"campfire_choices":[{"data":"Capacitor","floor":6,"key":"SMITH"},{"data":"Dualcast","floor":8,"key":"SMITH"},{"data":"Zap","floor":10,"key":"SMITH"},{"data":"Genetic Algorithm","floor":12,"key":"SMITH"},{"floor":15,"key":"REST"}],"neow_cost":"NONE","seed_source_timestamp":87355874025100,"circlet_count":0,"master_deck":["AscendersBane","Strike_B","Strike_B","Defend_B","Defend_B","Defend_B+1","Defend_B","Zap+1","Dualcast+1","Conserve Battery+1","Chill","Capacitor+1","Coolheaded","Genetic Algorithm+1","Redo"],"relics":["Cracked Core","NeowsBlessing","Turnip","MawBank"],"potions_floor_usage":[16],"damage_taken":[{"damage":0,"enemies":"Jaw Worm","floor":1,"turns":1},{"damage":0,"enemies":"Cultist","floor":3,"turns":1},{"damage":0,"enemies":"2 Louse","floor":5,"turns":1},{"damage":8,"enemies":"Lagavulin","floor":11,"turns":10},{"damage":7,"enemies":"Looter","floor":13,"turns":4},{"damage":50,"enemies":"Slime Boss","floor":16,"turns":14}],"seed_played":"-5795800376637500170","potions_obtained":[{"floor":5,"key":"SneckoOil"},{"floor":11,"key":"Weak Potion"}],"is_trial":false,"path_per_floor":["M","?","M","?","M","R","$","R","T","R","E","R","M","?","R","B"],"character_chosen":"DEFECT","items_purchased":["Coolheaded"],"campfire_rested":1,"item_purchase_floors":[7],"current_hp_per_floor":[64,64,64,43,43,43,43,43,43,43,35,35,28,21,42,0],"gold":115,"neow_bonus":"THREE_ENEMY_KILL","is_prod":false,"is_daily":false,"chose_seed":false,"campfire_upgraded":4,"win_rate":0,"timestamp":1553199175,"path_taken":["M","?","?","?","M","R","$","R","T","R","E","R","M","?","R","BOSS"],"build_version":"2019-01-23","purchased_purges":1,"victory":false,"max_hp_per_floor":[71,71,71,71,71,71,71,71,71,71,71,71,71,71,71,71],"card_choices":[{"not_picked":["Ball Lightning","Glacier"],"picked":"Conserve Battery","floor":1},{"not_picked":["Sweeping Beam","Redo"],"picked":"Chill","floor":3},{"not_picked":["Coolheaded","Turbo"],"picked":"Capacitor","floor":5},{"not_picked":["Stack","Reprogram"],"picked":"Genetic Algorithm","floor":11},{"not_picked":["Chill","Leap"],"picked":"Redo","floor":13}],"player_experience":623008,"relics_obtained":[{"floor":9,"key":"Turnip"},{"floor":11,"key":"MawBank"}],"event_choices":[{"damage_healed":0,"gold_gain":0,"player_choice":"0 cards matched","damage_taken":0,"max_hp_gain":0,"max_hp_loss":0,"event_name":"Match and Keep!","floor":2,"gold_loss":0,"cards_obtained":[]},{"damage_healed":0,"gold_gain":0,"player_choice":"Entered Light","damage_taken":21,"max_hp_gain":0,"max_hp_loss":0,"event_name":"Shining Light","floor":4,"gold_loss":0,"cards_upgraded":["Conserve Battery","Defend_B"]},{"cards_removed":["Strike_B"],"damage_healed":0,"gold_gain":0,"player_choice":"Card Removal","damage_taken":7,"max_hp_gain":0,"max_hp_loss":0,"event_name":"Golden Wing","floor":14,"gold_loss":0}],"is_beta":false,"boss_relics":[],"items_purged_floors":[7],"is_endless":false,"potions_floor_spawned":[5,11],"killed_by":"Slime Boss","ascension_level":16}