{"gold_per_floor":[112,122,135,135,155,155,175,175,175,175,250,265,284,294,294,389,389,403,371,91,91,102,102,114,114],"floor_reached":25,"playtime":1756,"items_purged":["Strike_B"],"score":229,"play_id":"0bad8703-92b8-4a7b-92a5-7cc6a9f4e6dd","local_time":"20180811020635","is_ascension_mode":true,"campfire_choices":[{"data":"Consume","floor":6,"key":"SMITH"},{"floor":8,"key":"DIG"},{"data":"Reboot","floor":10,"key":"SMITH"},{"floor":15,"key":"REST"},{"data":"Creative AI","floor":23,"key":"SMITH"}],"neow_cost":"NONE","seed_source_timestamp":88257659022516,"circlet_count":0,"master_deck":["Strike_B","Strike_B","Strike_B","Defend_B","Defend_B","Defend_B","Defend_B","Zap","Dualcast","Consume+1","Glacier","FTL","Reboot+1","Coolheaded","Chill","All For One","Conserve Battery","Creative AI+1","Seek","Amplify"],"relics":["Cracked Core","Shovel","Kunai","Peace Pipe","Nuclear Battery"],"potions_floor_usage":[24,25],"damage_taken":[{"damage":1,"enemies":"Cultist","floor":1,"turns":3},{"damage":3,"enemies":"Jaw Worm","floor":2,"turns":4},{"damage":7,"enemies":"2 Louse","floor":3,"turns":3},{"damage":6,"enemies":"2 Fungi Beasts","floor":5,"turns":4},{"damage":1,"enemies":"Exordium Thugs","floor":7,"turns":4},{"damage":0,"enemies":"Large Slime","floor":12,"turns":3},{"damage":17,"enemies":"3 Louse","floor":13,"turns":2},{"damage":12,"enemies":"Lots of Slimes","floor":14,"turns":4},{"damage":16,"enemies":"The Guardian","floor":16,"turns":22},{"damage":12,"enemies":"3 Byrds","floor":18,"turns":7},{"damage":6,"enemies":"2 Thieves","floor":19,"turns":5},{"damage":28,"enemies":"Snake Plant","floor":22,"turns":6},{"damage":15,"enemies":"Centurion and Healer","floor":24,"turns":9},{"damage":23,"enemies":"Slavers","floor":25,"turns":1}],"seed_played":"5539924689050651983","potions_obtained":[{"floor":2,"key":"Strength Potion"},{"floor":7,"key":"Block Potion"},{"floor":12,"key":"Fire Potion"},{"floor":13,"key":"AttackPotion"}],"is_trial":false,"path_per_floor":["M","M","M","?","M","R","M","R","T","R","?","M","M","M","R","B",null,"M","M","$","?","M","R","M"],"character_chosen":"DEFECT","items_purchased":["Creative AI","Seek"],"campfire_rested":1,"item_purchase_floors":[20,20],"current_hp_per_floor":[74,71,64,64,58,58,57,57,57,57,46,46,29,17,39,23,75,63,57,57,57,29,29,14,0],"gold":114,"neow_bonus":"THREE_CARDS","is_prod":false,"is_daily":false,"chose_seed":false,"campfire_upgraded":3,"win_rate":0,"timestamp":1533949595,"path_taken":["M","?","M","?","?","R","M","R","T","R","?","M","?","M","R","BOSS","M","M","$","?","?","R","?","E"],"build_version":"2018-08-09","purchased_purges":1,"victory":false,"max_hp_per_floor":[75,75,75,75,75,75,75,75,75,75,75,75,75,75,75,75,75,75,75,75,75,75,75,75,75],"card_choices":[{"not_picked":["Coolheaded","Cold Snap"],"picked":"Consume","floor":1},{"not_picked":["Beam Cell","Double Energy"],"picked":"Glacier","floor":2},{"not_picked":["Barrage","Auto Shields"],"picked":"FTL","floor":3},{"not_picked":["Streamline","Skim","Compile Driver"],"picked":"SKIP","floor":5},{"not_picked":["Sweeping Beam","Hologram"],"picked":"Reboot","floor":7},{"not_picked":["Cold Snap","Streamline","Rebound"],"picked":"SKIP","floor":12},{"not_picked":["Stack","Recycle"],"picked":"Coolheaded","floor":13},{"not_picked":["Reinforced Body","Barrage"],"picked":"Chill","floor":14},{"not_picked":["Biased Cognition","Meteor Strike"],"picked":"All For One","floor":16},{"not_picked":["Barrage","Rip and Tear+1","Sweeping Beam"],"picked":"SKIP","floor":18},{"not_picked":["Turbo","Beam Cell"],"picked":"Conserve Battery","floor":19},{"not_picked":["Hologram","Compile Driver"],"picked":"Amplify","floor":22},{"not_picked":["Fusion","Rip and Tear","Stack+1"],"picked":"SKIP","floor":24}],"player_experience":253823,"relics_obtained":[{"floor":8,"key":"Kunai"},{"floor":9,"key":"Peace Pipe"}],"event_choices":[{"event_name":"WeMeetAgain","player_choice":"Potion","floor":4,"damage_taken":0},{"event_name":"World of Goop","player_choice":"Gather Gold","floor":11,"damage_taken":0},{"event_name":"Ghosts","player_choice":"Ignored","floor":21,"damage_taken":0}],"is_beta":false,"boss_relics":[{"not_picked":["White Beast Statue","Eternal Feather"],"picked":"Nuclear Battery"}],"items_purged_floors":[20],"is_endless":false,"potions_floor_spawned":[2,7,12,13,18,19],"killed_by":"Slavers","ascension_level":3}