{"gold_per_floor":[367,417,431,431,122,150,160,85,85,85,185,185,219,237,237,308,308,319,336,362,362,374,401,401,60,60,60,125,15,15,33,33,106,106,121,121,14,24,1023,1023,1037,1048,1048,1048,1060,203,220,233,233,233],"floor_reached":51,"playtime":3261,"items_purged":["Strike_R","Strike_R","Strike_R"],"score":1228,"play_id":"fad9261b-bfbd-4d04-a266-90d23c611435","local_time":"20190321210338","is_ascension_mode":true,"campfire_choices":[{"data":"Uppercut","floor":10,"key":"SMITH"},{"data":"Headbutt","floor":12,"key":"SMITH"},{"data":"Shrug It Off","floor":15,"key":"SMITH"},{"floor":24,"key":"REST"},{"floor":27,"key":"REST"},{"floor":32,"key":"REST"},{"data":"Offering","floor":40,"key":"SMITH"},{"data":"Armaments","floor":49,"key":"SMITH"}],"neow_cost":"TEN_PERCENT_HP_LOSS","seed_source_timestamp":16840543161517,"circlet_count":0,"master_deck":["AscendersBane","Defend_R","Defend_R","Defend_R","Defend_R","Bash","Whirlwind+1","Uppercut+1","Headbutt+1","Shrug It Off+1","Double Tap","Dropkick+1","Metallicize","Disarm","Power Through","Impervious","Offering+1","Thunderclap","Inflame","Evolve","Whirlwind+1","Metallicize","Warcry","Armaments+1","Power Through"],"relics":["Burning Blood","Champion Belt","Meat on the Bone","Paper Frog","Blood Vial","Black Star","Omamori","The Courier","Ginger","WingedGreaves","Membership Card","PreservedInsect","Ice Cream","Pen Nib","Boot","Tiny Chest","Sozu","HandDrill","Ornamental Fan","Spirit Poop","Chemical X","Bottled Lightning","Strawberry","Happy Flower","Whetstone","Red Skull","Oddly Smooth Stone","Anchor","Lantern","Kunai"],"potions_floor_usage":[22,23,23],"damage_taken":[{"damage":0,"enemies":"2 Louse","floor":1,"turns":4},{"damage":1,"enemies":"Cultist","floor":3,"turns":3},{"damage":47,"enemies":"Lagavulin","floor":6,"turns":9},{"damage":0,"enemies":"Small Slimes","floor":7,"turns":2},{"damage":30,"enemies":"3 Sentries","floor":13,"turns":6},{"damage":0,"enemies":"Gremlin Gang","floor":14,"turns":1},{"damage":50,"enemies":"Slime Boss","floor":16,"turns":10},{"damage":14,"enemies":"Shell Parasite","floor":18,"turns":8},{"damage":5,"enemies":"3 Byrds","floor":19,"turns":6},{"damage":30,"enemies":"Shelled Parasite and Fungi","floor":22,"turns":10},{"damage":59,"enemies":"Book of Stabbing","floor":23,"turns":7},{"damage":57,"enemies":"Slavers","floor":28,"turns":9},{"damage":12,"enemies":"Centurion and Healer","floor":31,"turns":10},{"damage":35,"enemies":"Champ","floor":33,"turns":15},{"damage":6,"enemies":"Orb Walker","floor":35,"turns":2},{"damage":36,"enemies":"3 Shapes","floor":38,"turns":7},{"damage":15,"enemies":"Jaw Worm Horde","floor":41,"turns":2},{"damage":6,"enemies":"3 Darklings","floor":42,"turns":3},{"damage":6,"enemies":"Maw","floor":45,"turns":7},{"damage":6,"enemies":"Sphere and 2 Shapes","floor":47,"turns":2},{"damage":6,"enemies":"Jaw Worm Horde","floor":48,"turns":1},{"damage":39,"enemies":"Donu and Deca","floor":50,"turns":8}],"seed_played":"-5800144931709672879","potions_obtained":[{"floor":1,"key":"LiquidBronze"},{"floor":14,"key":"Dexterity Potion"},{"floor":16,"key":"Strength Potion"},{"floor":22,"key":"Regen Potion"}],"is_trial":false,"path_per_floor":["M","?","M","?","$","E","M","$","T","R","?","R","E","M","R","B",null,"M","M","T","?","M","E","R","$","T","R","E","$","?","M","R","B",null,"M","?","$","M","?","R","M","M","T","?","M","$","M","M","R","B",null],"character_chosen":"IRONCLAD","items_purchased":["Champion Belt","Membership Card","PreservedInsect","Ice Cream","Metallicize","Disarm","HandDrill","Inflame","Chemical X","Bottled Lightning","Strawberry","Happy Flower","Whirlwind","Whetstone","Metallicize","Warcry","Red Skull","Oddly Smooth Stone","Anchor","Lantern","Kunai","Armaments"],"campfire_rested":3,"item_purchase_floors":[5,25,25,25,29,29,37,37,46,46,46,46,46,46,46,46,46,46,46,46,46,46],"current_hp_per_floor":[68,62,67,67,67,26,44,44,44,44,44,44,32,52,52,22,57,51,54,54,54,44,20,40,40,40,60,23,23,23,31,51,36,60,62,62,62,46,46,46,51,53,53,53,55,62,64,66,66,47],"gold":233,"neow_bonus":"TWO_FIFTY_GOLD","is_prod":false,"is_daily":false,"chose_seed":false,"campfire_upgraded":5,"win_rate":0,"timestamp":1553198618,"path_taken":["M","?","?","?","$","E","M","?","T","R","?","R","E","M","R","BOSS","M","?","?","?","?","E","R","$","T","R","E","$","?","M","R","BOSS","M","?","$","M","?","R","M","M","T","?","?","$","M","M","R","BOSS"],"build_version":"2019-01-23","purchased_purges":3,"victory":true,"max_hp_per_floor":[68,68,68,68,68,68,68,68,68,68,68,68,68,68,68,68,68,68,68,68,68,68,68,68,68,68,68,68,68,68,68,68,68,68,68,68,68,68,68,68,68,68,68,68,68,75,75,75,75,75],"card_choices":[{"not_picked":["Carnage","Combust"],"picked":"Whirlwind","floor":1},{"not_picked":["Sword Boomerang","Wild Strike","Intimidate"],"picked":"SKIP","floor":3},{"not_picked":["Fire Breathing","Cleave"],"picked":"Uppercut","floor":6},{"not_picked":["Dual Wield","Cleave"],"picked":"Headbutt","floor":7},{"not_picked":["Perfected Strike","Dual Wield"],"picked":"Shrug It Off","floor":13},{"not_picked":["Metallicize","Perfected Strike","Clothesline"],"picked":"SKIP","floor":14},{"not_picked":["Juggernaut","Brutality"],"picked":"Double Tap","floor":16},{"not_picked":["Twin Strike","Pommel Strike","Second Wind"],"picked":"SKIP","floor":18},{"not_picked":["Pommel Strike","Anger","Feel No Pain"],"picked":"SKIP","floor":19},{"not_picked":["Body Slam","Evolve+1","Intimidate"],"picked":"SKIP","floor":22},{"not_picked":["Body Slam","Evolve+1","Intimidate"],"picked":"SKIP","floor":22},{"not_picked":["Uppercut","Brutality","Warcry"],"picked":"SKIP","floor":23},{"not_picked":["Armaments","Twin Strike+1"],"picked":"Dropkick","floor":28},{"not_picked":["Anger","Havoc"],"picked":"Impervious","floor":31},{"not_picked":["Exhume","Fiend Fire"],"picked":"Offering","floor":33},{"not_picked":["Clash","Second Wind"],"picked":"Thunderclap","floor":35},{"not_picked":["Havoc+1","Headbutt+1","Iron Wave"],"picked":"SKIP","floor":38},{"not_picked":["Carnage","Thunderclap","Sword Boomerang"],"picked":"SKIP","floor":41},{"not_picked":["Sentinel+1","Fire Breathing","Bloodletting"],"picked":"SKIP","floor":42},{"not_picked":["Twin Strike+1","Cleave"],"picked":"Evolve","floor":45},{"not_picked":["Anger","Sword Boomerang+1","True Grit"],"picked":"SKIP","floor":47},{"not_picked":["Headbutt","Iron Wave+1"],"picked":"Power Through","floor":48}],"player_experience":727875,"relics_obtained":[{"floor":6,"key":"Meat on the Bone"},{"floor":9,"key":"Paper Frog"},{"floor":13,"key":"Blood Vial"},{"floor":20,"key":"Omamori"},{"floor":23,"key":"Ginger"},{"floor":23,"key":"WingedGreaves"},{"floor":26,"key":"Pen Nib"},{"floor":28,"key":"Boot"},{"floor":28,"key":"Tiny Chest"},{"floor":43,"key":"Ornamental Fan"}],"event_choices":[{"damage_healed":0,"gold_gain":50,"player_choice":"Touch","damage_taken":6,"max_hp_gain":0,"max_hp_loss":0,"event_name":"FaceTrader","floor":2,"gold_loss":0},{"damage_healed":0,"gold_gain":0,"player_choice":"Upgraded","damage_taken":0,"max_hp_gain":0,"max_hp_loss":0,"event_name":"Upgrade Shrine","floor":4,"gold_loss":0,"cards_upgraded":["Whirlwind"]},{"damage_healed":0,"gold_gain":100,"player_choice":"Gold","damage_taken":0,"max_hp_gain":0,"max_hp_loss":0,"event_name":"Wheel of Change","floor":11,"gold_loss":0},{"damage_healed":0,"gold_gain":0,"player_choice":"Opened","damage_taken":0,"relics_obtained":["The Courier"],"max_hp_gain":0,"max_hp_loss":0,"event_name":"The Mausoleum","floor":21,"gold_loss":0,"cards_obtained":["Writhe"]},{"damage_healed":0,"gold_gain":0,"cards_transformed":["Strike_R","Strike_R"],"player_choice":"Became Test Subject","damage_taken":0,"max_hp_gain":0,"max_hp_loss":0,"event_name":"Drug Dealer","floor":30,"gold_loss":0,"cards_obtained":["Power Through","Flex"]},{"cards_removed":["Flex"],"damage_healed":0,"gold_gain":0,"player_choice":"Removed Skill","damage_taken":0,"max_hp_gain":0,"max_hp_loss":0,"event_name":"Falling","floor":36,"gold_loss":0},{"damage_healed":0,"gold_gain":999,"player_choice":"Gold","damage_taken":0,"max_hp_gain":0,"max_hp_loss":0,"event_name":"MindBloom","floor":39,"gold_loss":0,"cards_obtained":["Normality","Normality"]},{"cards_removed":["Normality"],"damage_healed":0,"gold_gain":0,"player_choice":"Offered Curse","damage_taken":0,"relics_obtained":["Spirit Poop"],"max_hp_gain":0,"max_hp_loss":0,"event_name":"Bonfire Elementals","floor":44,"gold_loss":0}],"is_beta":false,"boss_relics":[{"not_picked":["Busted Crown","Eternal Feather"],"picked":"Black Star"},{"not_picked":["Tiny House","Orrery"],"picked":"Sozu"}],"items_purged_floors":[8,29,46],"is_endless":false,"potions_floor_spawned":[1,14,16,19,22,41,45,47,48],"ascension_level":15}