{"gold_per_floor":[168,188,363,374,324,324,340,42,42,42,42,70,70,94,94,199,199,211,211,211,125,125,125,145,163,189,9,9],"floor_reached":28,"playtime":1078,"items_purged":["Doubt"],"score":289,"play_id":"f531b9e6-b666-4d00-b0a6-2e901913d509","local_time":"20180913172511","is_ascension_mode":true,"campfire_choices":[{"data":"Neutralize","floor":6,"key":"SMITH"},{"data":"Mayhem","floor":10,"key":"SMITH"},{"floor":13,"key":"REST"},{"floor":15,"key":"REST"},{"data":"Storm of Steel","floor":23,"key":"SMITH"}],"neow_cost":"NONE","seed_source_timestamp":95717402888279,"circlet_count":0,"master_deck":["Defend_G","Defend_G","Defend_G","Defend_G","Defend_G","Strike_G","Strike_G","Strike_G+1","Survivor","Neutralize+1","Flying Knee","PiercingWail","Terror","Accuracy","Burst","Mayhem+1","Well Laid Plans","Escape Plan","Distraction","Storm of Steel+1","Cloak And Dagger","Dodge and Roll","Quick Slash","Caltrops","Backflip","Acrobatics","Escape Plan","Accuracy","Discovery"],"relics":["Tiny House","Shuriken","Sundial","Odd Mushroom","Orrery","Du-Vu Doll","Lantern","Pen Nib"],"potions_floor_usage":[7,12,25],"damage_taken":[{"damage":4,"enemies":"Small Slimes","floor":1,"turns":4},{"damage":1,"enemies":"2 Louse","floor":2,"turns":3},{"damage":1,"enemies":"Cultist","floor":4,"turns":4},{"damage":26,"enemies":"Exordium Thugs","floor":7,"turns":6},{"damage":41,"enemies":"Gremlin Nob","floor":12,"turns":5},{"damage":5,"enemies":"The Mushroom Lair","floor":14,"turns":7},{"damage":39,"enemies":"Hexaghost","floor":16,"turns":11},{"damage":11,"enemies":"Shell Parasite","floor":18,"turns":6},{"damage":4,"enemies":"Chosen","floor":24,"turns":6},{"damage":12,"enemies":"Centurion and Healer","floor":25,"turns":8},{"damage":20,"enemies":"3 Cultists","floor":28,"turns":3}],"seed_played":"-6813595774029463661","potions_obtained":[{"floor":0,"key":"SkillPotion"},{"floor":1,"key":"SkillPotion"},{"floor":2,"key":"AttackPotion"},{"floor":4,"key":"FairyPotion"},{"floor":14,"key":"Energy Potion"},{"floor":25,"key":"Swift Potion"}],"is_trial":false,"path_per_floor":["M","M","?","M","?","R","M","$","T","R","?","E","R","?","R","B",null,"M","?","T","$","?","R","M","M","T","$"],"character_chosen":"THE_SILENT","items_purchased":["Mayhem","Well Laid Plans","Caltrops","Backflip","Accuracy","Discovery"],"campfire_rested":2,"item_purchase_floors":[8,8,21,21,27,27],"current_hp_per_floor":[64,63,63,62,62,62,36,36,36,36,29,7,29,24,46,7,58,47,33,33,33,33,33,29,17,17,17,0],"gold":9,"neow_bonus":"BOSS_RELIC","is_prod":false,"is_daily":false,"chose_seed":false,"campfire_upgraded":3,"win_rate":0,"timestamp":1536855911,"path_taken":["M","M","?","?","?","R","M","$","T","R","?","E","R","?","R","BOSS","M","?","?","?","?","R","M","M","T","$","M"],"build_version":"2018-09-06","purchased_purges":1,"victory":false,"max_hp_per_floor":[75,75,75,75,75,75,75,75,75,75,75,75,75,75,75,75,75,75,80,80,80,80,80,80,80,80,80,80],"card_choices":[{"not_picked":["Cloak And Dagger","Backflip"],"picked":"Flying Knee","floor":0},{"not_picked":["Deflect","Expertise"],"picked":"PiercingWail","floor":1},{"not_picked":["Backflip","Caltrops"],"picked":"Terror","floor":2},{"not_picked":["Backflip","Predator"],"picked":"Accuracy","floor":4},{"not_picked":["Acrobatics","Dagger Throw"],"picked":"Burst","floor":7},{"not_picked":["Bane","Doppelganger"],"picked":"Escape Plan","floor":12},{"not_picked":["Catalyst","Quick Slash"],"picked":"Distraction","floor":14},{"not_picked":["Unload","Tools of the Trade"],"picked":"Storm of Steel","floor":16},{"not_picked":["Blade Dance","Underhanded Strike"],"picked":"Cloak And Dagger","floor":17},{"not_picked":["Acrobatics","Sucker Punch"],"picked":"Dodge and Roll","floor":17},{"not_picked":["Poisoned Stab","Well Laid Plans+1"],"picked":"Quick Slash","floor":18},{"not_picked":["Bane","Deflect"],"picked":"Acrobatics","floor":24},{"not_picked":["Terror","Endless Agony"],"picked":"Escape Plan","floor":25}],"player_experience":361388,"relics_obtained":[{"floor":9,"key":"Shuriken"},{"floor":12,"key":"Sundial"},{"floor":14,"key":"Odd Mushroom"},{"floor":20,"key":"Du-Vu Doll"},{"floor":26,"key":"Pen Nib"}],"event_choices":[{"event_name":"Liars Game","player_choice":"agreed","floor":3,"damage_taken":0},{"event_name":"The Cleric","player_choice":"Card Removal","floor":5,"damage_taken":0},{"event_name":"Golden Wing","player_choice":"Card Removal","floor":11,"damage_taken":0},{"event_name":"Mushrooms","player_choice":"Fought Mushrooms","floor":14,"damage_taken":0},{"event_name":"Forgotten Altar","player_choice":"Shed Blood","floor":19,"damage_taken":0},{"event_name":"The Mausoleum","player_choice":"Yes","floor":22,"damage_taken":0}],"is_beta":false,"boss_relics":[{"not_picked":["Pandora\u0027s Box","Calling Bell"],"picked":"Orrery"}],"items_purged_floors":[8],"is_endless":false,"potions_floor_spawned":[1,2,4,14,25],"killed_by":"3 Cultists","ascension_level":7}