{"path_per_floor":["M","M","?","?","?","E","?","R","T","$","M","R","$","E","R","B",null,"M","M","?","?","?","E","R","M","T","R","M","$","M","E","R","B",null,"M","?","$","M","M","E","M","R","T","?","M","R","M","?","R"],"character_chosen":"THE_SILENT","items_purchased":["Endless Agony","Oddly Smooth Stone","Bouncing Flask","Dramatic Entrance","Outmaneuver","Poisoned Stab","Dagger Spray","Footwork","Poisoned Stab","Dagger Throw"],"gold_per_floor":[110,127,127,189,189,222,397,397,421,6,25,25,25,59,59,162,162,175,158,158,58,58,83,83,103,155,155,171,50,62,92,92,192,192,207,207,29,41,55,90,100,100,100,100,114,114,124,124,124],"floor_reached":50,"campfire_rested":8,"playtime":7023,"current_hp_per_floor":[35,33,33,33,33,24,24,45,45,45,44,65,65,58,58,49,77,64,62,62,62,46,25,48,36,36,59,49,49,39,27,50,33,77,70,70,70,68,48,58,31,54,54,54,12,35,3,3,26],"items_purged":["Doubt"],"gold":124,"play_id":"f84986db-ddd4-440c-b570-1de5a89319c6","is_prod":false,"is_daily":false,"is_ascension_mode":false,"campfire_upgraded":1,"path_taken":["M","M","?","?","?","E","?","R","T","?","M","R","$","E","R","BOSS","M","M","?","?","?","E","R","M","T","R","M","?","M","E","R","BOSS","M","?","$","M","?","E","M","R","T","?","M","R","?","?","R","BOSS"],"build_version":"2018-02-01-PROD3","purchased_purges":1,"victory":false,"master_deck":["Defend_G+1","Defend_G+1","Defend_G+1","Defend_G+1","Defend_G+1","Strike_G+1","Strike_G+1","Strike_G+1","Strike_G+1","Strike_G+1","Survivor","Neutralize+1","Outmaneuver","Dash","Endless Agony","Bouncing Flask","Dramatic Entrance","Sucker Punch","Dodge and Roll+1","Heel Hook","Doppelganger","Dodge and Roll+1","Terror","J.A.X.","Necronomicurse","All Out Attack","PiercingWail+1","Poisoned Stab+1","Finisher","Dash","Outmaneuver","Poisoned Stab","Dagger Spray","Sucker Punch+1","Flying Knee+1","Infinite Blades","After Image","Distraction+1","Footwork","Poisoned Stab","Dagger Throw","Deflect+1","Deadly Poison+1","Heel Hook+1","Crippling Poison","Footwork","Dodge and Roll+1","Dash","Noxious Fumes","Outmaneuver","PiercingWail"],"max_hp_per_floor":[70,70,70,70,70,70,70,70,70,70,70,70,70,77,77,77,77,77,77,77,77,77,77,77,77,77,77,77,77,77,77,77,77,77,77,77,77,77,77,77,77,77,77,77,77,77,77,77,77],"relics":["Ring of the Snake","Frozen Eye","Shuriken","Dream Catcher","Oddly Smooth Stone","Strawberry","Question Card","Necronomicon","Ice Cream","Anchor","Lantern","Runic Pyramid","Sundial","Peace Pipe"],"card_choices":[{"not_picked":["Blur","Backflip"],"picked":"Outmaneuver"},{"not_picked":["Poisoned Stab","All Out Attack"],"picked":"Dash"},{"not_picked":["Envenom","Prepared"],"picked":"Sucker Punch"},{"not_picked":["Acrobatics","Masterful Stab"],"picked":"Sucker Punch"},{"not_picked":["Crippling Poison","Predator"],"picked":"Dodge and Roll"},{"not_picked":["Flying Knee","Poisoned Stab"],"picked":"Heel Hook"},{"not_picked":["A Thousand Cuts","Glass Knife"],"picked":"Doppelganger"},{"not_picked":["Sucker Punch","Poisoned Stab","Calculated Gamble"],"picked":"Dodge and Roll"},{"not_picked":["Backstab","Distraction","Acrobatics"],"picked":"Terror"},{"not_picked":["Skewer","Calculated Gamble","Night Terror"],"picked":"All Out Attack"},{"not_picked":["Outmaneuver","Poisoned Stab","Flying Knee"],"picked":"PiercingWail"},{"not_picked":["Deadly Poison","PiercingWail","Skewer"],"picked":"Poisoned Stab"},{"not_picked":["Well Laid Plans","Quick Slash","Crippling Poison"],"picked":"Finisher"},{"not_picked":["Flying Knee","Terror","Eviscerate"],"picked":"Dash"},{"not_picked":["Endless Agony","Dagger Throw","Unload"],"picked":"Sucker Punch"},{"not_picked":["Slice","Dodge and Roll","Acrobatics"],"picked":"Flying Knee"},{"not_picked":["Deflect","PiercingWail","Doppelganger"],"picked":"Infinite Blades"},{"not_picked":["Adrenaline","Phantasmal Killer","Glass Knife"],"picked":"After Image"},{"not_picked":["Terror","Sucker Punch","Deadly Poison"],"picked":"Distraction"},{"not_picked":["Prepared","Dagger Spray","Finisher"],"picked":"Deflect"},{"not_picked":["Backflip","Endless Agony","Dagger Spray"],"picked":"Deadly Poison"},{"not_picked":["Unload","Riddle With Holes","Quick Slash"],"picked":"Heel Hook"},{"not_picked":["Footwork","Prepared","Riddle With Holes"],"picked":"Crippling Poison"},{"not_picked":["Eviscerate","Skewer","Flying Knee"],"picked":"Footwork"},{"not_picked":["Choke","Dagger Spray","Slice"],"picked":"Dodge and Roll"},{"not_picked":["Wraith Form","Poisoned Stab","Prepared"],"picked":"Dash"},{"not_picked":["Deadly Poison","Dodge and Roll","Deflect"],"picked":"Noxious Fumes"},{"not_picked":["Burst","Dodge and Roll","Dagger Spray"],"picked":"PiercingWail"}],"player_experience":16532,"potions_floor_usage":[14,16,28,31,31,33,40,41,50],"damage_taken":[{"damage":0,"enemies":"Jaw Worm","floor":1,"turns":5},{"damage":2,"enemies":"Blue Slaver","floor":2,"turns":6},{"damage":9,"enemies":"3 Sentries","floor":6,"turns":13},{"damage":1,"enemies":"Small Slimes","floor":11,"turns":2},{"damage":14,"enemies":"Lagavulin","floor":14,"turns":5},{"damage":9,"enemies":"Hexaghost","floor":16,"turns":13},{"damage":13,"enemies":"Spheric Guardian","floor":18,"turns":6},{"damage":2,"enemies":"2 Thieves","floor":19,"turns":4},{"damage":21,"enemies":"Book of Stabbing","floor":23,"turns":5},{"damage":12,"enemies":"Sentry and Sphere","floor":25,"turns":8},{"damage":10,"enemies":"Snake Plant","floor":28,"turns":5},{"damage":10,"enemies":"Slaver and Parasite","floor":30,"turns":9},{"damage":12,"enemies":"Slavers","floor":31,"turns":6},{"damage":17,"enemies":"Automaton","floor":33,"turns":9},{"damage":7,"enemies":"3 Darklings","floor":35,"turns":6},{"damage":2,"enemies":"Orb Walker","floor":38,"turns":3},{"damage":20,"enemies":"3 Darklings","floor":39,"turns":5},{"damage":5,"enemies":"Giant Head","floor":40,"turns":8},{"damage":27,"enemies":"Sphere and 2 Shapes","floor":41,"turns":6},{"damage":42,"enemies":"4 Shapes","floor":45,"turns":5},{"damage":32,"enemies":"Maw","floor":47,"turns":9},{"damage":55,"enemies":"Awakened One","floor":50,"turns":5}],"event_choices":[{"event_name":"The Woman in Blue","player_choice":"Bought 0 Potions","floor":3,"damage_taken":0},{"event_name":"Golden Wing","player_choice":"Gained Gold","floor":4,"damage_taken":0},{"event_name":"Living Wall","player_choice":"Grow","floor":5,"damage_taken":0},{"event_name":"Liars Game","player_choice":"agreed","floor":7,"damage_taken":0},{"event_name":"Back to Basics","player_choice":"Simplicity","floor":20,"damage_taken":0},{"event_name":"Drug Dealer","player_choice":"Got JAXXED","floor":21,"damage_taken":0},{"event_name":"Cursed Tome","player_choice":"Obtained Book","floor":22,"damage_taken":0},{"event_name":"Tomb of Lord Red Mask","player_choice":"Ignored","floor":36,"damage_taken":0},{"event_name":"Fountain of Cleansing","player_choice":"Ignored","floor":44,"damage_taken":0},{"event_name":"Transmorgrifier","player_choice":"Transform","floor":48,"damage_taken":0}],"boss_relics":[{"not_picked":["Velvet Choker","Ectoplasm"],"picked":"Question Card"},{"not_picked":["Astrolabe","Philosopher\u0027s Stone"],"picked":"Runic Pyramid"}],"potions_floor_spawned":[1,6,11,16,23,30,31,35,47],"seed_played":"5144684119894202174","killed_by":"Awakened One","ascension_level":0,"is_trial":false}