{"gold_per_floor":[109,109,131,111,123,167,179,209,245,268,280,307,336,361,373,385],"floor_reached":16,"playtime":1203,"items_purged":[],"score":104,"play_id":"b5969cb8-18f2-4f88-9cd6-92c26516c85c","local_time":"20190224204719","is_ascension_mode":false,"campfire_choices":[{"floor":7,"key":"REST"},{"data":"Backstab","floor":11,"key":"SMITH"},{"data":"Backstab","floor":15,"key":"SMITH"}],"neow_cost":"NONE","seed_source_timestamp":1016753918795500,"circlet_count":0,"master_deck":["Defend_G","Defend_G","Defend_G","Defend_G","Defend_G","Strike_G","Strike_G","Strike_G","Strike_G","Strike_G","Survivor","Neutralize","Quick Slash","Prepared","Backstab+1","Underhanded Strike","Underhanded Strike","Backstab+1","Glass Knife","Dagger Spray"],"relics":["Sozu","MawBank","NlothsMask","Bag of Preparation"],"potions_floor_usage":[],"damage_taken":[{"damage":0,"enemies":"Jaw Worm","floor":1,"turns":4},{"damage":0,"enemies":"2 Louse","floor":3,"turns":2},{"damage":28,"enemies":"3 Sentries","floor":6,"turns":12},{"damage":0,"enemies":"Small Slimes","floor":8,"turns":2},{"damage":2,"enemies":"Gremlin Gang","floor":10,"turns":5},{"damage":0,"enemies":"3 Louse","floor":12,"turns":2},{"damage":0,"enemies":"Large Slime","floor":13,"turns":4},{"damage":1,"enemies":"Exordium Wildlife","floor":14,"turns":3},{"damage":62,"enemies":"Hexaghost","floor":16,"turns":11}],"seed_played":"808340189226117459","potions_obtained":[],"is_trial":false,"path_per_floor":["M","?","M","?","?","E","R","M","T","M","R","M","M","M","R","B"],"character_chosen":"THE_SILENT","items_purchased":[],"campfire_rested":1,"item_purchase_floors":[],"current_hp_per_floor":[70,67,67,67,67,39,60,60,60,58,58,58,58,57,57,0],"gold":385,"neow_bonus":"BOSS_RELIC","is_prod":false,"is_daily":false,"chose_seed":false,"campfire_upgraded":2,"win_rate":0.0,"timestamp":1551059239,"path_taken":["M","?","M","?","?","E","R","M","T","M","R","M","M","M","R","BOSS"],"build_version":"2019-01-23","purchased_purges":0,"victory":false,"max_hp_per_floor":[70,70,70,70,70,70,70,70,70,70,70,70,70,70,70,70],"card_choices":[{"not_picked":["Backflip","Well Laid Plans"],"picked":"Quick Slash","floor":1},{"not_picked":["Reflex","PiercingWail"],"picked":"Prepared","floor":3},{"not_picked":["Dodge and Roll","Choke"],"picked":"Backstab","floor":6},{"not_picked":["Acrobatics","Reflex"],"picked":"Underhanded Strike","floor":8},{"not_picked":["Choke","Prepared"],"picked":"Underhanded Strike","floor":10},{"not_picked":["PiercingWail","Poisoned Stab"],"picked":"Backstab","floor":12},{"not_picked":["Dash","Blade Dance"],"picked":"Glass Knife","floor":13},{"not_picked":["Escape Plan","Dagger Throw"],"picked":"Dagger Spray","floor":14}],"player_experience":7825,"relics_obtained":[{"floor":6,"key":"Bag of Preparation"}],"event_choices":[{"damage_healed":0,"gold_gain":0,"player_choice":"Success","damage_taken":3,"relics_obtained":["MawBank"],"max_hp_gain":0,"max_hp_loss":0,"event_name":"Scrap Ooze","floor":2,"gold_loss":0},{"damage_healed":0,"gold_gain":0,"player_choice":"Left Gold","damage_taken":0,"max_hp_gain":0,"max_hp_loss":0,"event_name":"World of Goop","floor":4,"gold_loss":32},{"damage_healed":0,"gold_gain":0,"player_choice":"Trade","damage_taken":0,"relics_obtained":["NlothsMask"],"max_hp_gain":0,"max_hp_loss":0,"event_name":"FaceTrader","floor":5,"gold_loss":0}],"is_beta":false,"boss_relics":[],"items_purged_floors":[],"is_endless":false,"potions_floor_spawned":[1,8,13,14],"killed_by":"Hexaghost","ascension_level":0}