{"gold_per_floor":[361,361,122,139,151,151,163,163,186,199,110,124,149,224,224,224],"floor_reached":16,"playtime":650,"items_purged":["Strike_B"],"score":117,"play_id":"d85ec473-4d83-45f4-b630-08fa71e48f66","local_time":"20180727174542","is_ascension_mode":true,"campfire_choices":[{"data":"Capacitor","floor":6,"key":"SMITH"},{"data":"Zap","floor":8,"key":"SMITH"},{"floor":15,"key":"REST"}],"neow_cost":"TEN_PERCENT_HP_LOSS","seed_source_timestamp":165151966703520,"circlet_count":0,"master_deck":["Strike_B","Strike_B","Strike_B","Defend_B","Defend_B","Defend_B","Defend_B+1","Zap+1","Dualcast+1","Redo","Thunder Strike","Capacitor+1","Static Discharge","Defragment"],"relics":["Cracked Core","Omamori","Anchor","Kunai"],"potions_floor_usage":[13],"damage_taken":[{"damage":0,"enemies":"Small Slimes","floor":1,"turns":2},{"damage":6,"enemies":"Cultist","floor":4,"turns":4},{"damage":3,"enemies":"Jaw Worm","floor":5,"turns":4},{"damage":8,"enemies":"3 Louse","floor":7,"turns":3},{"damage":6,"enemies":"Exordium Wildlife","floor":10,"turns":4},{"damage":11,"enemies":"Large Slime","floor":12,"turns":4},{"damage":14,"enemies":"Lagavulin","floor":13,"turns":5},{"damage":40,"enemies":"The Guardian","floor":16,"turns":6}],"seed_played":"-1686668837973238876","potions_obtained":[{"floor":7,"key":"Regen Potion"},{"floor":13,"key":"FairyPotion"}],"is_trial":false,"path_per_floor":["M","?","$","M","M","R","M","R","T","M","?","M","E","?","R"],"character_chosen":"DEFECT","items_purchased":["Thunder Strike"],"campfire_rested":1,"item_purchase_floors":[3],"current_hp_per_floor":[68,54,54,48,45,45,37,37,37,31,31,20,20,9,29,0],"gold":224,"neow_bonus":"TWO_FIFTY_GOLD","is_prod":false,"is_daily":false,"chose_seed":false,"campfire_upgraded":2,"win_rate":0,"timestamp":1532709942,"path_taken":["M","?","$","M","M","R","M","R","T","M","?","?","E","?","R","BOSS"],"build_version":"2018-07-26","purchased_purges":1,"victory":false,"max_hp_per_floor":[68,68,68,68,68,68,68,68,68,68,68,68,68,68,68,68],"card_choices":[{"not_picked":["Barrage","Rip and Tear"],"picked":"Redo","floor":1},{"not_picked":["Redo","Hologram"],"picked":"Capacitor","floor":4},{"not_picked":["Barrage","Gash","Steam"],"picked":"SKIP","floor":5},{"not_picked":["Blizzard","Beam Cell","Reinforced Body"],"picked":"SKIP","floor":7},{"not_picked":["Hello World","Steam"],"picked":"Static Discharge","floor":10},{"not_picked":["Turbo","Darkness","Barrage"],"picked":"SKIP","floor":12},{"not_picked":["Redo","Thunder Strike"],"picked":"Defragment","floor":13}],"player_experience":237361,"relics_obtained":[{"floor":9,"key":"Omamori"},{"floor":13,"key":"Kunai"}],"event_choices":[{"event_name":"Shining Light","player_choice":"Entered Light","floor":2,"damage_taken":0},{"event_name":"WeMeetAgain","player_choice":"Gold","floor":11,"damage_taken":0},{"event_name":"World of Goop","player_choice":"Gather Gold","floor":14,"damage_taken":0}],"is_beta":false,"boss_relics":[],"items_purged_floors":[3],"is_endless":false,"potions_floor_spawned":[7,13],"killed_by":"The Guardian","ascension_level":3}