{"gold_per_floor":[113,113,188,463,63,63,91,107,107,107,127,139,9,24,24,128,128,140,150,150],"floor_reached":20,"playtime":819,"items_purged":["Regret"],"score":244,"play_id":"8a2cc6f6-f511-4800-90cf-c4eb47b8d288","local_time":"20180919215608","is_ascension_mode":true,"campfire_choices":[{"floor":6,"key":"REST"},{"floor":10,"key":"REST"},{"data":"Footwork","floor":15,"key":"SMITH"}],"neow_cost":"","seed_source_timestamp":444468709242578,"circlet_count":0,"master_deck":["Defend_G","Defend_G","Defend_G","Defend_G","Defend_G","Strike_G+1","Strike_G","Strike_G","Strike_G","Strike_G","Survivor","Neutralize+1","Well Laid Plans","Footwork+1","Dagger Throw","Quick Slash","Quick Slash","Escape Plan","Dodge and Roll","Caltrops","Glass Knife","Escape Plan","Blur"],"relics":["Ring of the Snake","Dead Branch","Pen Nib","Pear","Philosopher\u0027s Stone"],"potions_floor_usage":[16,16,18,19],"damage_taken":[{"damage":9,"enemies":"Small Slimes","floor":1,"turns":4},{"damage":36,"enemies":"Lagavulin","floor":7,"turns":13},{"damage":5,"enemies":"2 Louse","floor":8,"turns":3},{"damage":1,"enemies":"Cultist","floor":11,"turns":3},{"damage":0,"enemies":"Large Slime","floor":12,"turns":5},{"damage":3,"enemies":"Exordium Wildlife","floor":14,"turns":6},{"damage":28,"enemies":"Hexaghost","floor":16,"turns":10},{"damage":5,"enemies":"Spheric Guardian","floor":18,"turns":3},{"damage":37,"enemies":"3 Byrds","floor":19,"turns":4},{"damage":22,"enemies":"Snake Plant","floor":20,"turns":1}],"seed_played":"7629233733028902520","potions_obtained":[{"floor":12,"key":"Poison Potion"},{"floor":14,"key":"FearPotion"},{"floor":16,"key":"SteroidPotion"},{"floor":18,"key":"LiquidBronze"}],"is_trial":false,"path_per_floor":["M","?","?","?","$","R","E","M","T","R","M","M","$","M","R","B",null,"M","M"],"character_chosen":"THE_SILENT","items_purchased":["Dead Branch","Footwork","Escape Plan","Dodge and Roll"],"campfire_rested":2,"item_purchase_floors":[5,5,13,13],"current_hp_per_floor":[54,40,29,29,29,50,14,9,19,43,42,42,42,39,39,11,63,58,21,0],"gold":150,"neow_bonus":"","is_prod":false,"is_daily":false,"chose_seed":false,"campfire_upgraded":1,"win_rate":0,"timestamp":1537390568,"path_taken":["M","?","?","?","$","R","E","?","T","R","M","M","$","M","R","BOSS","M","?","M"],"build_version":"2018-09-06","purchased_purges":1,"victory":false,"max_hp_per_floor":[70,70,70,70,70,70,70,70,80,80,80,80,80,80,80,80,80,80,80,80],"card_choices":[{"not_picked":["Outmaneuver","Cloak And Dagger"],"picked":"Well Laid Plans","floor":1},{"not_picked":["Bane","Expertise"],"picked":"Dagger Throw","floor":7},{"not_picked":["Well Laid Plans","Slice","Reflex"],"picked":"SKIP","floor":8},{"not_picked":["Sucker Punch","Acrobatics"],"picked":"Quick Slash","floor":11},{"not_picked":["Blade Dance","Dagger Spray"],"picked":"Quick Slash","floor":12},{"not_picked":["Dodge and Roll","Sucker Punch"],"picked":"Caltrops","floor":14},{"not_picked":["Phantasmal Killer","Tools of the Trade"],"picked":"Glass Knife","floor":16},{"not_picked":["Poisoned Stab","Well Laid Plans"],"picked":"Escape Plan","floor":18},{"not_picked":["Cloak And Dagger+1","Deadly Poison"],"picked":"Blur","floor":19}],"player_experience":398740,"relics_obtained":[{"floor":7,"key":"Pen Nib"},{"floor":9,"key":"Pear"}],"event_choices":[{"event_name":"Shining Light","player_choice":"Entered Light","floor":2,"damage_taken":0},{"event_name":"World of Goop","player_choice":"Gather Gold","floor":3,"damage_taken":0},{"event_name":"Golden Shrine","player_choice":"Desecrate","floor":4,"damage_taken":0}],"is_beta":false,"boss_relics":[{"not_picked":["Runic Dome","Snecko Eye"],"picked":"Philosopher\u0027s Stone"}],"items_purged_floors":[5],"is_endless":false,"potions_floor_spawned":[12,14,16,18],"killed_by":"Snake Plant","ascension_level":8}