{"gold_per_floor":[110,110,120,133,133,133,174,174,174,205,205,480,503,519,519,519],"floor_reached":16,"playtime":674,"items_purged":[],"score":204,"play_id":"9320d1df-8399-4239-86a2-40d4b5e42649","local_time":"20190325155115","is_ascension_mode":true,"campfire_choices":[{"data":"Bash","floor":6,"key":"SMITH"},{"data":"Shrug It Off","floor":8,"key":"SMITH"},{"floor":15,"key":"REST"}],"neow_cost":"NONE","seed_source_timestamp":5312950317061,"circlet_count":0,"master_deck":["AscendersBane","Strike_R","Strike_R","Strike_R","Strike_R","Strike_R","Defend_R","Defend_R","Defend_R","Defend_R","Bash+1","Pommel Strike","Shrug It Off+1","Injury","Iron Wave","Regret","Shrug It Off"],"relics":["Burning Blood","Lantern","Golden Idol","Pear","Happy Flower","Regal Pillow"],"potions_floor_usage":[10,16],"damage_taken":[{"damage":12,"enemies":"Jaw Worm","floor":1,"turns":2},{"damage":9,"enemies":"Small Slimes","floor":3,"turns":4},{"damage":0,"enemies":"Cultist","floor":4,"turns":3},{"damage":32,"enemies":"Gremlin Nob","floor":7,"turns":5},{"damage":25,"enemies":"3 Sentries","floor":10,"turns":9},{"damage":18,"enemies":"Blue Slaver","floor":13,"turns":6},{"damage":14,"enemies":"2 Fungi Beasts","floor":14,"turns":3},{"damage":58,"enemies":"The Guardian","floor":16,"turns":14}],"seed_played":"-4310829337405071490","potions_obtained":[{"floor":7,"key":"SteroidPotion"},{"floor":10,"key":"SkillPotion"}],"is_trial":false,"path_per_floor":["M","?","M","M","?","R","E","R","T","E","?","?","M","M","R","B"],"character_chosen":"IRONCLAD","items_purchased":[],"campfire_rested":1,"item_purchase_floors":[],"current_hp_per_floor":[62,62,59,65,65,65,49,49,49,30,35,35,23,15,57,0],"gold":519,"neow_bonus":"RANDOM_COMMON_RELIC","is_prod":false,"is_daily":false,"chose_seed":false,"campfire_upgraded":2,"win_rate":0,"timestamp":1553525475,"path_taken":["M","?","M","M","?","R","E","R","T","E","?","?","?","M","R","BOSS"],"build_version":"2019-01-23","purchased_purges":0,"victory":false,"max_hp_per_floor":[75,75,75,75,75,75,85,85,85,85,90,90,90,90,90,90],"card_choices":[{"not_picked":["Twin Strike","Perfected Strike","Rupture"],"picked":"SKIP","floor":1},{"not_picked":["Armaments","Wild Strike"],"picked":"Pommel Strike","floor":3},{"not_picked":["Clash","Perfected Strike"],"picked":"Shrug It Off","floor":4},{"not_picked":["Havoc","Double Tap"],"picked":"Iron Wave","floor":7},{"not_picked":["Sword Boomerang","True Grit","Clothesline"],"picked":"SKIP","floor":10},{"not_picked":["Feel No Pain","Cleave","Clash"],"picked":"SKIP","floor":13},{"not_picked":["Perfected Strike","Rage"],"picked":"Shrug It Off","floor":14}],"player_experience":773015,"relics_obtained":[{"floor":7,"key":"Pear"},{"floor":9,"key":"Happy Flower"},{"floor":10,"key":"Regal Pillow"}],"event_choices":[{"damage_healed":0,"gold_gain":0,"player_choice":"Ignored","damage_taken":0,"max_hp_gain":0,"max_hp_loss":0,"event_name":"Golden Wing","floor":2,"gold_loss":0},{"damage_healed":0,"gold_gain":0,"player_choice":"Take Wound","damage_taken":0,"relics_obtained":["Golden Idol"],"max_hp_gain":0,"max_hp_loss":0,"event_name":"Golden Idol","floor":5,"gold_loss":0,"cards_obtained":["Injury"]},{"damage_healed":0,"gold_gain":0,"player_choice":"Donut","damage_taken":0,"max_hp_gain":5,"max_hp_loss":0,"event_name":"Big Fish","floor":11,"gold_loss":0},{"damage_healed":0,"gold_gain":275,"player_choice":"Desecrate","damage_taken":0,"max_hp_gain":0,"max_hp_loss":0,"event_name":"Golden Shrine","floor":12,"gold_loss":0,"cards_obtained":["Regret"]}],"is_beta":false,"boss_relics":[],"items_purged_floors":[],"is_endless":false,"potions_floor_spawned":[7,10],"killed_by":"The Guardian","ascension_level":17}