{"gold_per_floor":[216,234,67,84,9,40,40,40,64,81,81,93,125,137,137,208,208,226,9,9,21,37,37,37,37,37,71,71,88,88,104,104,104],"floor_reached":33,"playtime":1326,"items_purged":["Strike_R"],"score":549,"play_id":"bcbc1c78-497f-4c93-9066-eb10c8b4cd5d","local_time":"20190328212848","is_ascension_mode":true,"campfire_choices":[{"data":"Feed","floor":7,"key":"SMITH"},{"floor":15,"key":"REST"},{"floor":23,"key":"REST"},{"floor":25,"key":"REST"},{"floor":28,"key":"REST"},{"floor":30,"key":"REST"},{"floor":32,"key":"REST"}],"neow_cost":"NONE","seed_source_timestamp":680130792776146,"circlet_count":0,"master_deck":["AscendersBane","Strike_R","Strike_R","Strike_R","Strike_R","Defend_R","Defend_R","Defend_R","Defend_R","Bash","Sword Boomerang","Heavy Blade+1","Feed+1","Headbutt","Inflame","Battle Trance","Exhume","True Grit","Flex","True Grit+1","Exhume+1","True Grit+1","Armaments+1","Heavy Blade+1","Uppercut","Limit Break+1"],"relics":["Burning Blood","Bronze Scales","Vajra","Toxic Egg 2","Black Star","Pen Nib","Paper Frog","Meat on the Bone","Mummified Hand"],"potions_floor_usage":[6,13,16,21,22,27],"damage_taken":[{"damage":1,"enemies":"Cultist","floor":1,"turns":3},{"damage":3,"enemies":"2 Louse","floor":2,"turns":3},{"damage":5,"enemies":"Small Slimes","floor":4,"turns":3},{"damage":32,"enemies":"Gremlin Nob","floor":6,"turns":4},{"damage":15,"enemies":"2 Fungi Beasts","floor":10,"turns":3},{"damage":18,"enemies":"Lots of Slimes","floor":12,"turns":3},{"damage":13,"enemies":"3 Sentries","floor":13,"turns":5},{"damage":14,"enemies":"Exordium Wildlife","floor":14,"turns":4},{"damage":50,"enemies":"The Guardian","floor":16,"turns":12},{"damage":31,"enemies":"3 Byrds","floor":18,"turns":5},{"damage":7,"enemies":"Spheric Guardian","floor":21,"turns":3},{"damage":42,"enemies":"Centurion and Healer","floor":22,"turns":7},{"damage":69,"enemies":"Slavers","floor":27,"turns":7},{"damage":43,"enemies":"3 Cultists","floor":29,"turns":5},{"damage":24,"enemies":"Snake Plant","floor":31,"turns":3},{"damage":119,"enemies":"Automaton","floor":33,"turns":8}],"seed_played":"-1186328028954622183","potions_obtained":[{"floor":4,"key":"Poison Potion"},{"floor":10,"key":"Energy Potion"},{"floor":12,"key":"GamblersBrew"},{"floor":13,"key":"SkillPotion"},{"floor":14,"key":"PowerPotion"},{"floor":18,"key":"AttackPotion"},{"floor":21,"key":"Weak Potion"}],"is_trial":false,"path_per_floor":["M","M","$","M","$","E","R","?","T","M","?","M","E","M","R","B",null,"M","$","?","M","M","R","?","R","T","E","R","M","R","M","R","B"],"character_chosen":"IRONCLAD","items_purchased":["Feed","Pen Nib","True Grit+1"],"campfire_rested":6,"item_purchase_floors":[3,19,19],"current_hp_per_floor":[73,75,75,78,78,55,55,55,55,50,50,42,39,35,64,24,82,61,61,61,60,32,65,65,98,98,39,74,53,89,71,107,0],"gold":104,"neow_bonus":"HUNDRED_GOLD","is_prod":false,"is_daily":false,"chose_seed":false,"campfire_upgraded":1,"win_rate":0,"timestamp":1553822928,"path_taken":["M","M","$","M","?","E","R","?","T","M","?","M","E","M","R","BOSS","M","?","?","?","M","R","?","R","T","E","R","M","R","M","R","BOSS"],"build_version":"2019-01-23","purchased_purges":1,"victory":false,"max_hp_per_floor":[75,75,75,78,78,81,81,81,81,85,85,89,93,97,97,101,101,105,105,105,105,113,113,113,113,113,117,117,121,121,121,121,121],"card_choices":[{"not_picked":["Ghostly Armor","Rupture"],"picked":"Sword Boomerang","floor":1},{"not_picked":["Sword Boomerang","True Grit"],"picked":"Heavy Blade","floor":2},{"not_picked":["Bludgeon","Body Slam"],"picked":"Headbutt","floor":4},{"not_picked":["Double Tap","Wild Strike"],"picked":"Inflame","floor":6},{"not_picked":["Sentinel","Heavy Blade"],"picked":"Battle Trance","floor":10},{"not_picked":["Iron Wave","Clothesline"],"picked":"Flex","floor":12},{"not_picked":["Headbutt","Burning Pact","Evolve"],"picked":"SKIP","floor":13},{"not_picked":["Iron Wave","Battle Trance+1"],"picked":"True Grit+1","floor":14},{"not_picked":["Offering+1","Bludgeon"],"picked":"Exhume+1","floor":16},{"not_picked":["Infernal Blade+1","Dropkick+1","Clothesline"],"picked":"SKIP","floor":18},{"not_picked":["Clash","Searing Blow"],"picked":"Armaments+1","floor":21},{"not_picked":["Disarm+1","Fire Breathing","Armaments+1"],"picked":"SKIP","floor":22},{"not_picked":["Wild Strike","Rupture"],"picked":"Heavy Blade+1","floor":27},{"not_picked":["Pommel Strike","Clothesline"],"picked":"Uppercut","floor":29},{"not_picked":["Wild Strike+1","Seeing Red+1"],"picked":"Limit Break+1","floor":31}],"player_experience":335455,"relics_obtained":[{"floor":6,"key":"Bronze Scales"},{"floor":9,"key":"Vajra"},{"floor":13,"key":"Toxic Egg 2"},{"floor":26,"key":"Paper Frog"},{"floor":27,"key":"Meat on the Bone"},{"floor":27,"key":"Mummified Hand"}],"event_choices":[{"damage_healed":0,"gold_gain":0,"player_choice":"Ignored","damage_taken":0,"max_hp_gain":0,"max_hp_loss":0,"event_name":"Liars Game","floor":8,"gold_loss":0},{"damage_healed":0,"gold_gain":0,"player_choice":"2 cards matched","damage_taken":0,"max_hp_gain":0,"max_hp_loss":0,"event_name":"Match and Keep!","floor":11,"gold_loss":0,"cards_obtained":["Exhume","True Grit"]},{"damage_healed":0,"gold_gain":0,"player_choice":"Upgraded","damage_taken":0,"max_hp_gain":0,"max_hp_loss":0,"event_name":"Upgrade Shrine","floor":20,"gold_loss":0,"cards_upgraded":["Heavy Blade"]}],"is_beta":false,"boss_relics":[{"not_picked":["Philosopher\u0027s Stone","Astrolabe"],"picked":"Black Star"}],"items_purged_floors":[5],"is_endless":false,"potions_floor_spawned":[4,10,12,13,14,18,21],"killed_by":"Automaton","ascension_level":16}