{"path_per_floor":["M","?","M","M","M","R","T","?","T","M","M","$","R","E","R","B",null,"M","M","?"],"character_chosen":"THE_SILENT","items_purchased":["Toxic Egg 2","Terror"],"gold_per_floor":[118,118,131,141,161,161,161,336,388,400,410,16,16,51,51,151,151,140,154,69],"floor_reached":21,"campfire_rested":2,"playtime":1907,"current_hp_per_floor":[70,70,57,48,37,37,37,37,37,28,21,21,42,24,45,3,70,46,31,31],"items_purged":["Doubt"],"gold":69,"score":199,"play_id":"3263f629-ba6e-463a-98d8-fd4465794c2f","is_prod":false,"is_daily":false,"is_ascension_mode":true,"campfire_upgraded":1,"path_taken":["M","?","M","?","M","R","?","?","T","M","M","$","R","E","R","BOSS","M","M","?","M"],"build_version":"2018-02-15-PROD1","purchased_purges":1,"victory":false,"master_deck":["Defend_G","Defend_G","Defend_G","Defend_G","Defend_G","Strike_G","Strike_G","Strike_G","Strike_G","Strike_G","Survivor","Neutralize+1","Prepared","Decay","Cloak And Dagger","Accuracy","Backstab","Infinite Blades","Terror+1","Distraction+1","Die Die Die","Flying Knee","Acrobatics+1"],"max_hp_per_floor":[70,70,70,70,70,70,70,70,70,70,70,70,70,70,70,70,70,70,70,70],"relics":["Lizard Tail","Frozen Eye","Prayer Wheel","Toxic Egg 2","Mummified Hand","Cursed Key","Girya"],"card_choices":[{"not_picked":["PiercingWail","Flying Knee"],"picked":"Prepared"},{"not_picked":["Deadly Poison","Quick Slash"],"picked":"Cloak And Dagger"},{"not_picked":["Dodge and Roll","Sucker Punch"],"picked":"Accuracy"},{"not_picked":["Wraith Form","Acrobatics"],"picked":"Backstab"},{"not_picked":["Backstab","Caltrops"],"picked":"Infinite Blades"},{"not_picked":["Deflect","Bane"],"picked":"Distraction"},{"not_picked":["Unload","Wraith Form"],"picked":"Die Die Die"},{"not_picked":["Poisoned Stab","Catalyst"],"picked":"Flying Knee"},{"not_picked":["Bouncing Flask","Catalyst"],"picked":"Acrobatics"}],"player_experience":127038,"potions_floor_usage":[14,21],"damage_taken":[{"damage":0,"enemies":"2 Louse","floor":1,"turns":3},{"damage":13,"enemies":"Cultist","floor":3,"turns":6},{"damage":9,"enemies":"Small Slimes","floor":4,"turns":5},{"damage":11,"enemies":"3 Louse","floor":5,"turns":5},{"damage":9,"enemies":"2 Fungi Beasts","floor":10,"turns":6},{"damage":7,"enemies":"Large Slime","floor":11,"turns":9},{"damage":18,"enemies":"3 Sentries","floor":14,"turns":9},{"damage":77,"enemies":"Slime Boss","floor":16,"turns":18},{"damage":24,"enemies":"2 Thieves","floor":18,"turns":4},{"damage":15,"enemies":"Shell Parasite","floor":19,"turns":7},{"damage":36,"enemies":"Chosen and Byrds","floor":21,"turns":6}],"event_choices":[{"event_name":"Wheel of Change","player_choice":"Curse","floor":2,"damage_taken":0},{"event_name":"Liars Game","player_choice":"agreed","floor":8,"damage_taken":0},{"event_name":"Addict","player_choice":"Obtained Relic","floor":20,"damage_taken":0}],"boss_relics":[{"not_picked":["Runic Dome","Snecko Eye"],"picked":"Cursed Key"}],"potions_floor_spawned":[5,14,16,18],"seed_played":"6656925386254434701","killed_by":"Chosen and Byrds","ascension_level":2,"is_trial":false}