{"gold_per_floor":[17,17,35,55,70,70,100,161,161,12,12,26,41,98,98,98],"floor_reached":16,"playtime":754,"items_purged":["Strike_R"],"score":168,"play_id":"a97361a0-f829-45ac-86da-a01395a48096","local_time":"20190121192720","is_ascension_mode":true,"campfire_choices":[{"data":"Limit Break","floor":6,"key":"SMITH"},{"floor":15,"key":"REST"}],"neow_cost":"NO_GOLD","seed_source_timestamp":1021540599734900,"circlet_count":0,"master_deck":["AscendersBane","Strike_R","Strike_R","Strike_R","Strike_R","Defend_R","Defend_R","Defend_R","Defend_R","Bash+1","Limit Break+1","Pommel Strike","Infernal Blade","Iron Wave","Anger","Flex","Reaper","Flex","Infernal Blade"],"relics":["Burning Blood","Oddly Smooth Stone","Shovel","Frozen Egg 2","Golden Idol"],"potions_floor_usage":[7,8,13],"damage_taken":[{"damage":9,"enemies":"Jaw Worm","floor":1,"turns":5},{"damage":7,"enemies":"2 Louse","floor":3,"turns":4},{"damage":1,"enemies":"Cultist","floor":4,"turns":3},{"damage":15,"enemies":"Exordium Wildlife","floor":5,"turns":3},{"damage":45,"enemies":"3 Sentries","floor":7,"turns":13},{"damage":28,"enemies":"3 Sentries","floor":8,"turns":9},{"damage":9,"enemies":"Blue Slaver","floor":12,"turns":5},{"damage":25,"enemies":"Gremlin Gang","floor":13,"turns":4},{"damage":44,"enemies":"Hexaghost","floor":16,"turns":9}],"seed_played":"6925351754162381066","potions_obtained":[{"floor":1,"key":"Explosive Potion"},{"floor":4,"key":"BloodPotion"},{"floor":8,"key":"PowerPotion"},{"floor":12,"key":"SmokeBomb"}],"is_trial":false,"path_per_floor":["M","?","M","M","M","R","E","?","T","$","?","M","M","?","R","B"],"character_chosen":"IRONCLAD","items_purchased":["Reaper"],"campfire_rested":1,"item_purchase_floors":[10],"current_hp_per_floor":[69,69,68,73,64,64,25,11,11,11,11,12,9,9,31,0],"gold":98,"neow_bonus":"THREE_RARE_CARDS","is_prod":false,"is_daily":false,"chose_seed":false,"campfire_upgraded":1,"win_rate":0,"timestamp":1548098840,"path_taken":["M","?","M","M","M","R","E","?","T","$","?","M","?","?","R","BOSS"],"build_version":"2019-01-17v2","purchased_purges":1,"victory":false,"max_hp_per_floor":[80,80,80,80,80,80,80,80,80,80,74,74,74,74,74,74],"card_choices":[{"not_picked":["Exhume","Impervious"],"picked":"Limit Break","floor":0},{"not_picked":["Bloodletting","Warcry","Thunderclap"],"picked":"SKIP","floor":1},{"not_picked":["Warcry","Sever Soul"],"picked":"Pommel Strike","floor":3},{"not_picked":["Corruption","Clothesline"],"picked":"Infernal Blade","floor":4},{"not_picked":["Reckless Charge","Thunderclap"],"picked":"Iron Wave","floor":5},{"not_picked":["Second Wind","Hemokinesis"],"picked":"Anger","floor":7},{"not_picked":["Battle Trance","Second Wind"],"picked":"Flex","floor":8},{"not_picked":["Burning Pact","Body Slam"],"picked":"Flex","floor":12},{"not_picked":["Disarm","Perfected Strike"],"picked":"Infernal Blade","floor":13}],"player_experience":552568,"relics_obtained":[{"floor":7,"key":"Oddly Smooth Stone"},{"floor":8,"key":"Shovel"},{"floor":9,"key":"Frozen Egg 2"}],"event_choices":[{"damage_healed":0,"gold_gain":0,"player_choice":"Grow","damage_taken":0,"max_hp_gain":0,"max_hp_loss":0,"event_name":"Living Wall","floor":2,"gold_loss":0,"cards_upgraded":["Bash"]},{"damage_healed":0,"gold_gain":0,"player_choice":"Searched \u00271\u0027 times","damage_taken":0,"max_hp_gain":0,"max_hp_loss":0,"event_name":"Dead Adventurer","floor":8,"gold_loss":0},{"damage_healed":0,"gold_gain":0,"player_choice":"Lose Max HP","damage_taken":0,"relics_obtained":["Golden Idol"],"max_hp_gain":0,"max_hp_loss":6,"event_name":"Golden Idol","floor":11,"gold_loss":0},{"damage_healed":0,"gold_gain":57,"player_choice":"Gained Gold","damage_taken":0,"max_hp_gain":0,"max_hp_loss":0,"event_name":"Golden Wing","floor":14,"gold_loss":0}],"is_beta":false,"boss_relics":[],"items_purged_floors":[10],"is_endless":false,"potions_floor_spawned":[1,4,8,12],"killed_by":"Hexaghost","ascension_level":13}