{"gold_per_floor":[111,111,111,124,124,124,143,143,143,159,189,202,218,218,218,321,321,321,321,321,321,321,321,321,321,321,321,321,321,321],"floor_reached":30,"playtime":1009,"items_purged":[],"score":406,"play_id":"ee666b3c-150d-444d-908d-2124f8269bc0","local_time":"20181028014320","is_ascension_mode":true,"campfire_choices":[{"data":"Intimidate","floor":6,"key":"SMITH"},{"data":"Bash","floor":8,"key":"SMITH"},{"data":"Flex","floor":15,"key":"SMITH"},{"data":"Barricade","floor":23,"key":"SMITH"},{"data":"Metallicize","floor":25,"key":"SMITH"}],"neow_cost":"NONE","seed_source_timestamp":37404370969778,"circlet_count":0,"master_deck":["Strike_R","Strike_R","Defend_R","Defend_R","Defend_R","Defend_R","Bash+1","AscendersBane","Twin Strike","Intimidate+1","Reaper","Perfected Strike","Flex+1","Flex+1","Pummel","Barricade+1","Ghostly Armor","Ghostly","Ghostly","Ghostly","Ghostly","Ghostly","Body Slam","Metallicize+1","Pain"],"relics":["Burning Blood","Red Skull","Kunai","Mummified Hand","Odd Mushroom","Ectoplasm","Tiny Chest","The Courier","WarpedTongs","Bottled Lightning"],"potions_floor_usage":[16,30],"damage_taken":[{"damage":5,"enemies":"2 Louse","floor":1,"turns":4},{"damage":6,"enemies":"Jaw Worm","floor":4,"turns":4},{"damage":7,"enemies":"Small Slimes","floor":7,"turns":5},{"damage":13,"enemies":"2 Fungi Beasts","floor":10,"turns":5},{"damage":20,"enemies":"The Mushroom Lair","floor":11,"turns":6},{"damage":11,"enemies":"3 Louse","floor":12,"turns":4},{"damage":9,"enemies":"Looter","floor":13,"turns":4},{"damage":62,"enemies":"Slime Boss","floor":16,"turns":12},{"damage":21,"enemies":"Chosen","floor":18,"turns":5},{"damage":24,"enemies":"3 Byrds","floor":20,"turns":7},{"damage":5,"enemies":"Book of Stabbing","floor":24,"turns":8},{"damage":14,"enemies":"Snake Plant","floor":29,"turns":7},{"damage":54,"enemies":"Gremlin Leader","floor":30,"turns":6}],"seed_played":"-282862092510941312","potions_obtained":[{"floor":4,"key":"Weak Potion"},{"floor":10,"key":"SteroidPotion"},{"floor":16,"key":"Dexterity Potion"}],"is_trial":false,"path_per_floor":["M","?","?","M","?","R","M","R","T","M","?","M","M","?","R","B",null,"M","?","M","?","?","R","E","R","T","?","T","M"],"character_chosen":"IRONCLAD","items_purchased":[],"campfire_rested":0,"item_purchase_floors":[],"current_hp_per_floor":[73,66,63,63,63,63,68,68,68,69,66,68,71,71,71,31,68,59,40,22,22,22,22,39,39,39,39,39,31,0],"gold":321,"neow_bonus":"RANDOM_COMMON_RELIC","is_prod":false,"is_daily":false,"chose_seed":false,"campfire_upgraded":5,"win_rate":0,"timestamp":1540687400,"path_taken":["M","?","?","M","?","R","M","R","T","M","?","M","?","?","R","BOSS","M","?","M","?","?","R","E","R","T","?","?","?","E"],"build_version":"2018-10-25v2","purchased_purges":0,"victory":false,"max_hp_per_floor":[80,80,80,80,80,80,80,80,80,80,80,80,80,80,80,80,80,80,40,40,40,40,40,40,40,40,40,40,40,40],"card_choices":[{"not_picked":["Searing Blow","Cleave"],"picked":"Twin Strike","floor":1},{"not_picked":["Havoc","Entrench"],"picked":"Intimidate","floor":4},{"not_picked":["Entrench","Heavy Blade"],"picked":"Perfected Strike","floor":7},{"not_picked":["Clothesline","Twin Strike","Body Slam"],"picked":"SKIP","floor":10},{"not_picked":["Seeing Red","Exhume"],"picked":"Flex","floor":11},{"not_picked":["Corruption","Hemokinesis"],"picked":"Flex","floor":12},{"not_picked":["Body Slam","Twin Strike"],"picked":"Pummel","floor":13},{"not_picked":["Offering","Berserk"],"picked":"Barricade","floor":16},{"not_picked":["Clothesline","Power Through"],"picked":"Ghostly Armor","floor":18},{"not_picked":["Hemokinesis","Clothesline"],"picked":"Body Slam","floor":20},{"not_picked":["Body Slam","Power Through","Clothesline"],"picked":"SKIP","floor":24},{"not_picked":["Clothesline","Sword Boomerang","Thunderclap"],"picked":"SKIP","floor":29}],"player_experience":480537,"relics_obtained":[{"floor":9,"key":"Mummified Hand"},{"floor":11,"key":"Odd Mushroom"},{"floor":24,"key":"Tiny Chest"},{"floor":26,"key":"The Courier"},{"floor":28,"key":"Bottled Lightning"}],"event_choices":[{"cards_removed":["Strike_R"],"damage_healed":0,"gold_gain":0,"player_choice":"Card Removal","damage_taken":7,"max_hp_gain":0,"max_hp_loss":0,"event_name":"Golden Wing","floor":2,"gold_loss":0},{"damage_healed":0,"gold_gain":0,"player_choice":"Success","damage_taken":3,"relics_obtained":["Kunai"],"max_hp_gain":0,"max_hp_loss":0,"event_name":"Scrap Ooze","floor":3,"gold_loss":0},{"damage_healed":0,"gold_gain":0,"cards_transformed":["Strike_R"],"player_choice":"Transformed","damage_taken":0,"max_hp_gain":0,"max_hp_loss":0,"event_name":"Transmorgrifier","floor":5,"gold_loss":0,"cards_obtained":["Reaper"]},{"damage_healed":0,"gold_gain":0,"player_choice":"Fought Mushrooms","damage_taken":0,"max_hp_gain":0,"max_hp_loss":0,"event_name":"Mushrooms","floor":11,"gold_loss":0},{"damage_healed":0,"gold_gain":0,"player_choice":"Grow","damage_taken":0,"max_hp_gain":0,"max_hp_loss":0,"event_name":"Living Wall","floor":14,"gold_loss":0,"cards_upgraded":["Flex"]},{"damage_healed":0,"gold_gain":0,"player_choice":"Became a Ghost","damage_taken":0,"max_hp_gain":0,"max_hp_loss":40,"event_name":"Ghosts","floor":19,"gold_loss":0,"cards_obtained":["Ghostly","Ghostly","Ghostly","Ghostly","Ghostly"]},{"damage_healed":0,"gold_gain":0,"player_choice":"Read","damage_taken":0,"max_hp_gain":0,"max_hp_loss":0,"event_name":"The Library","floor":21,"gold_loss":0,"cards_obtained":["Metallicize"]},{"cards_removed":["Strike_R"],"damage_healed":0,"gold_gain":0,"player_choice":"Purged","damage_taken":0,"max_hp_gain":0,"max_hp_loss":0,"event_name":"Purifier","floor":22,"gold_loss":0},{"damage_healed":0,"gold_gain":0,"player_choice":"Rummage","damage_taken":0,"relics_obtained":["WarpedTongs"],"max_hp_gain":0,"max_hp_loss":0,"event_name":"Accursed Blacksmith","floor":27,"gold_loss":0,"cards_obtained":["Pain"]}],"is_beta":false,"boss_relics":[{"not_picked":["Orrery","Astrolabe"],"picked":"Ectoplasm"}],"items_purged_floors":[],"is_endless":false,"potions_floor_spawned":[4,10,12,16],"killed_by":"Gremlin Leader","ascension_level":12}