{"gold_per_floor":[118,118,293,293,35,68,68,93,93,123,123,140,156,168,168,269,269,286,317,335,335,354,385,385,401,426,444,444,458,458,476,476,578,578,595,34,51,51],"floor_reached":38,"playtime":2746,"items_purged":["Strike_B"],"score":538,"play_id":"abb83802-0f1a-419f-b6d8-2798afe7981e","local_time":"20190323121604","is_ascension_mode":true,"campfire_choices":[{"floor":11,"key":"RECALL"},{"floor":15,"key":"DIG"},{"floor":24,"key":"REST"},{"floor":28,"key":"REST"},{"floor":32,"key":"REST"}],"neow_cost":"NONE","seed_source_timestamp":1718799221100,"circlet_count":0,"master_deck":["Strike_B","Strike_B","Strike_B","Defend_B","Defend_B+1","Defend_B","Zap","Dualcast","Melter","Gash+1","Sweeping Beam","Sweeping Beam","Melter","Leap","Rebound","All For One","Rip and Tear","Leap","Static Discharge","Conserve Battery","Rip and Tear","Beam Cell","Streamline","White Noise","Reinforced Body","Storm+1","Reprogram","White Noise+1","Defragment","Hyperbeam","Go for the Eyes","Thunder Strike","Melter+1","Apotheosis","Capacitor","Leap+1"],"relics":["Cracked Core","NeowsBlessing","Pantograph","Shovel","Bronze Scales","Orichalcum","Blood Vial","Orrery","Red Mask","Oddly Smooth Stone","Lantern","Eternal Feather","Toxic Egg 2"],"potions_floor_usage":[10,14,19,19,22,23,37],"damage_taken":[{"damage":0,"enemies":"2 Louse","floor":1,"turns":1},{"damage":0,"enemies":"Gremlin Nob","floor":6,"turns":1},{"damage":0,"enemies":"Lagavulin","floor":8,"turns":1},{"damage":28,"enemies":"3 Sentries","floor":10,"turns":6},{"damage":0,"enemies":"Small Slimes","floor":12,"turns":2},{"damage":2,"enemies":"Jaw Worm","floor":13,"turns":2},{"damage":0,"enemies":"Red Slaver","floor":14,"turns":3},{"damage":35,"enemies":"Hexaghost","floor":16,"turns":9},{"damage":0,"enemies":"3 Byrds","floor":18,"turns":3},{"damage":4,"enemies":"Masked Bandits","floor":19,"turns":3},{"damage":7,"enemies":"Shell Parasite","floor":20,"turns":3},{"damage":5,"enemies":"Cultist and Chosen","floor":22,"turns":5},{"damage":29,"enemies":"Gremlin Leader","floor":23,"turns":7},{"damage":30,"enemies":"Shelled Parasite and Fungi","floor":25,"turns":6},{"damage":28,"enemies":"Snake Plant","floor":27,"turns":3},{"damage":21,"enemies":"Snecko","floor":29,"turns":4},{"damage":0,"enemies":"Cultist and Chosen","floor":31,"turns":5},{"damage":44,"enemies":"Champ","floor":33,"turns":10},{"damage":13,"enemies":"3 Shapes","floor":35,"turns":8},{"damage":36,"enemies":"3 Darklings","floor":37,"turns":3},{"damage":36,"enemies":"Spire Growth","floor":38,"turns":3}],"seed_played":"-3901185722011122722","potions_obtained":[{"floor":1,"key":"SkillPotion"},{"floor":10,"key":"SkillPotion"},{"floor":12,"key":"Explosive Potion"},{"floor":14,"key":"SpeedPotion"},{"floor":20,"key":"SteroidPotion"},{"floor":22,"key":"Poison Potion"},{"floor":29,"key":"EssenceOfSteel"},{"floor":31,"key":"FocusPotion"},{"floor":33,"key":"LiquidBronze"}],"is_trial":false,"path_per_floor":["M","?","?","?","$","E","?","E","T","E","R","M","M","M","R","B",null,"M","?","M","?","M","E","R","M","T","M","R","M","?","M","R","B",null,"M","$","M","M"],"character_chosen":"DEFECT","items_purchased":["Pantograph","Apotheosis","Capacitor","Toxic Egg 2"],"campfire_rested":3,"item_purchase_floors":[5,36,36,36],"current_hp_per_floor":[75,75,75,75,75,75,60,60,60,32,32,32,30,30,30,22,75,75,71,66,66,63,36,58,30,30,4,26,7,7,9,31,14,75,62,62,28,0],"gold":51,"neow_bonus":"THREE_ENEMY_KILL","is_prod":false,"is_daily":false,"chose_seed":false,"campfire_upgraded":0,"win_rate":0,"timestamp":1553354164,"path_taken":["M","?","?","?","$","E","?","E","T","E","R","M","M","M","R","BOSS","M","?","M","?","M","E","R","M","T","M","R","?","?","M","R","BOSS","M","?","M","M"],"build_version":"2019-01-23","purchased_purges":1,"victory":false,"max_hp_per_floor":[75,75,75,75,75,75,75,75,75,75,75,75,75,75,75,75,75,75,75,75,75,75,75,75,75,75,75,75,75,75,75,75,75,75,75,75,75,75],"card_choices":[{"not_picked":["Force Field","Leap"],"picked":"Melter","floor":1},{"not_picked":["Coolheaded","Steam"],"picked":"Gash","floor":6},{"not_picked":["Force Field","Beam Cell"],"picked":"Sweeping Beam","floor":8},{"not_picked":["Doom and Gloom","Rainbow"],"picked":"Sweeping Beam","floor":10},{"not_picked":["Hello World","Doom and Gloom"],"picked":"Melter","floor":12},{"not_picked":["Compile Driver","Beam Cell"],"picked":"Leap","floor":13},{"not_picked":["Darkness","Steam"],"picked":"Rebound","floor":14},{"not_picked":["Meteor Strike","Amplify"],"picked":"All For One","floor":16},{"not_picked":["Hello World","Tempest"],"picked":"Rip and Tear","floor":17},{"not_picked":["Go for the Eyes","Hologram"],"picked":"Leap","floor":17},{"not_picked":["Ball Lightning","Leap"],"picked":"Static Discharge","floor":17},{"not_picked":["Streamline","Reprogram"],"picked":"Conserve Battery","floor":17},{"not_picked":["FTL","Stack"],"picked":"Rip and Tear","floor":17},{"not_picked":["Go for the Eyes","Steam"],"picked":"Beam Cell","floor":18},{"not_picked":["Redo","Go for the Eyes"],"picked":"Streamline","floor":19},{"not_picked":["Steam","Conserve Battery"],"picked":"White Noise","floor":20},{"not_picked":["Beam Cell+1","Rebound"],"picked":"Storm+1","floor":22},{"not_picked":["Rebound","Turbo+1"],"picked":"Reprogram","floor":23},{"not_picked":["Compile Driver","Genetic Algorithm+1"],"picked":"White Noise+1","floor":25},{"not_picked":["Ball Lightning","Consume"],"picked":"Defragment","floor":27},{"not_picked":["Force Field+1","Hologram"],"picked":"Hyperbeam","floor":29},{"not_picked":["Coolheaded","Steam"],"picked":"Go for the Eyes","floor":31},{"not_picked":["Electrodynamics","Core Surge"],"picked":"Thunder Strike","floor":33},{"not_picked":["Redo+1","Steam"],"picked":"Melter+1","floor":35},{"not_picked":["Go for the Eyes","Beam Cell"],"picked":"Leap+1","floor":37}],"player_experience":300452,"relics_obtained":[{"floor":6,"key":"Shovel"},{"floor":8,"key":"Bronze Scales"},{"floor":10,"key":"Orichalcum"},{"floor":15,"key":"Blood Vial"},{"floor":19,"key":"Red Mask"},{"floor":23,"key":"Oddly Smooth Stone"},{"floor":26,"key":"Lantern"}],"event_choices":[{"damage_healed":0,"gold_gain":0,"player_choice":"Leave","damage_taken":0,"max_hp_gain":0,"max_hp_loss":0,"event_name":"The Cleric","floor":2,"gold_loss":0},{"damage_healed":0,"gold_gain":175,"player_choice":"AGREE","damage_taken":0,"max_hp_gain":0,"max_hp_loss":0,"event_name":"Liars Game","floor":3,"gold_loss":0,"cards_obtained":["Doubt"]},{"cards_removed":["Doubt"],"damage_healed":0,"gold_gain":0,"player_choice":"Forget","damage_taken":0,"max_hp_gain":0,"max_hp_loss":0,"event_name":"Living Wall","floor":4,"gold_loss":0},{"damage_healed":0,"gold_gain":0,"player_choice":"Entered Light","damage_taken":15,"max_hp_gain":0,"max_hp_loss":0,"event_name":"Shining Light","floor":7,"gold_loss":0,"cards_upgraded":["Defend_B","Gash"]},{"damage_healed":0,"gold_gain":0,"player_choice":"Fought Bandits","damage_taken":0,"max_hp_gain":0,"max_hp_loss":0,"event_name":"Masked Bandits","floor":19,"gold_loss":0},{"damage_healed":0,"gold_gain":0,"cards_transformed":["Defend_B"],"player_choice":"Transformed","damage_taken":0,"max_hp_gain":0,"max_hp_loss":0,"event_name":"Transmorgrifier","floor":21,"gold_loss":0,"cards_obtained":["Reinforced Body"]},{"cards_removed":["Injury"],"damage_healed":0,"gold_gain":0,"player_choice":"Took Card","damage_taken":0,"max_hp_gain":0,"max_hp_loss":0,"event_name":"NoteForYourself","floor":30,"gold_loss":0,"cards_obtained":["Injury"]}],"is_beta":false,"boss_relics":[{"not_picked":["Runic Pyramid","Coffee Dripper"],"picked":"Orrery"},{"not_picked":["Black Star","Snecko Eye"],"picked":"Eternal Feather"}],"items_purged_floors":[36],"is_endless":false,"potions_floor_spawned":[1,10,12,14,20,22,29,31,33],"killed_by":"Spire Growth","ascension_level":2}