{"gold_per_floor":[114,289,60,60,79,79,112,112,194,82,95,95,123,138,138,215,215,226,152,152,165,175,208,221,152,222,222,240,240,256,256,256,327,377,389,82,93,108,124,124,137,153,177,177,191,236,246,280,280,280,280,280,39,69,69],"floor_reached":55,"playtime":3692,"items_purged":["Doubt","Writhe"],"score":1322,"play_id":"2bf34bda-714a-4915-865e-851acfb0ce0c","local_time":"20190122002559","is_ascension_mode":true,"campfire_choices":[{"data":"Dualcast","floor":6,"key":"SMITH"},{"data":"Blind","floor":8,"key":"SMITH"},{"data":"Defragment","floor":12,"key":"SMITH"},{"data":"Hello World","floor":15,"key":"SMITH"},{"data":"Creative AI","floor":27,"key":"SMITH"},{"floor":32,"key":"REST"},{"data":"Defragment","floor":40,"key":"SMITH"},{"floor":44,"key":"RECALL"},{"data":"Rainbow","floor":49,"key":"SMITH"},{"data":"Capacitor","floor":52,"key":"SMITH"}],"neow_cost":"NONE","seed_source_timestamp":1036547065082700,"circlet_count":0,"master_deck":["AscendersBane","Strike_B","Strike_B","Strike_B","Strike_B+1","Defend_B","Defend_B","Defend_B","Defend_B","Zap","Dualcast+1","Blind+1","Ball Lightning","Hello World+1","Cold Snap","Cold Snap","Defragment+1","All For One","Creative AI+1","Loop+1","FTL","Ghostly","Ghostly","Ghostly","Ghostly","Ghostly","Cold Snap","FTL+1","Defragment+1","Capacitor+1","Beam Cell","White Noise","Seek","Coolheaded+1","Conserve Battery","Glacier","Self Repair+1","Blizzard","Rainbow+1","Panache","Scrape"],"relics":["Cracked Core","DataDisk","Ancient Tea Set","Letter Opener","Centennial Puzzle","Nuclear Battery","Kunai","Gremlin Horn","Tiny House","Lee\u0027s Waffle","Bag of Marbles","Gambling Chip","Vajra","Oddly Smooth Stone"],"potions_floor_usage":[23,28,33,35,46,50],"damage_taken":[{"damage":3,"enemies":"Small Slimes","floor":1,"turns":4},{"damage":7,"enemies":"Jaw Worm","floor":5,"turns":3},{"damage":11,"enemies":"Lagavulin","floor":7,"turns":6},{"damage":0,"enemies":"Cultist","floor":11,"turns":2},{"damage":7,"enemies":"Gremlin Nob","floor":13,"turns":4},{"damage":9,"enemies":"Red Slaver","floor":14,"turns":2},{"damage":0,"enemies":"Hexaghost","floor":16,"turns":9},{"damage":14,"enemies":"2 Thieves","floor":18,"turns":3},{"damage":0,"enemies":"Spheric Guardian","floor":21,"turns":4},{"damage":0,"enemies":"Snecko","floor":22,"turns":5},{"damage":7,"enemies":"Gremlin Leader","floor":23,"turns":6},{"damage":0,"enemies":"Sentry and Sphere","floor":24,"turns":7},{"damage":12,"enemies":"Shelled Parasite and Fungi","floor":28,"turns":8},{"damage":13,"enemies":"Cultist and Chosen","floor":30,"turns":7},{"damage":9,"enemies":"Champ","floor":33,"turns":11},{"damage":8,"enemies":"3 Shapes","floor":35,"turns":4},{"damage":1,"enemies":"3 Darklings","floor":37,"turns":6},{"damage":16,"enemies":"4 Shapes","floor":38,"turns":4},{"damage":0,"enemies":"Spire Growth","floor":39,"turns":7},{"damage":0,"enemies":"Maw","floor":41,"turns":8},{"damage":0,"enemies":"4 Shapes","floor":42,"turns":7},{"damage":1,"enemies":"Jaw Worm Horde","floor":45,"turns":5},{"damage":9,"enemies":"2 Orb Walkers","floor":46,"turns":9},{"damage":0,"enemies":"Maw","floor":47,"turns":10},{"damage":10,"enemies":"Giant Head","floor":48,"turns":16},{"damage":20,"enemies":"Time Eater","floor":50,"turns":15},{"damage":3,"enemies":"Shield and Spear","floor":54,"turns":9},{"damage":49,"enemies":"The Heart","floor":55,"turns":3}],"seed_played":"-765447576460067316","potions_obtained":[{"floor":5,"key":"Weak Potion"},{"floor":11,"key":"AttackPotion"},{"floor":31,"key":"Dexterity Potion"},{"floor":31,"key":"EssenceOfSteel"},{"floor":33,"key":"AttackPotion"},{"floor":34,"key":"Block Potion"},{"floor":37,"key":"AttackPotion"},{"floor":41,"key":"FocusPotion"},{"floor":47,"key":"SteroidPotion"}],"is_trial":false,"path_per_floor":["M","?","$","?","M","R","E","R","T","$","M","R","E","M","R","B",null,"M","$","?","M","M","E","M","$","T","R","M","?","M","?","R","B",null,"M","$","M","M","M","R","M","M","T","R","M","?","M","E","R","B",null,"R","$","E","B"],"character_chosen":"DEFECT","items_purchased":["DataDisk","Hello World","Defragment","FTL","Capacitor","Lee\u0027s Waffle","Panache","Scrape"],"campfire_rested":1,"item_purchase_floors":[3,3,10,19,25,36,53,53],"current_hp_per_floor":[65,65,65,65,58,58,47,47,47,47,47,47,40,31,31,31,64,50,50,37,37,37,30,30,30,30,30,18,18,5,5,16,7,35,27,49,48,32,32,32,42,49,49,49,49,49,49,39,39,19,42,42,42,49,0],"gold":69,"neow_bonus":"RANDOM_COLORLESS","is_prod":false,"is_daily":false,"chose_seed":false,"campfire_upgraded":8,"win_rate":0,"timestamp":1548116759,"path_taken":["M","?","$","?","?","R","E","R","T","?","M","R","E","M","R","BOSS","M","$","?","M","M","E","M","$","T","R","M","?","M","?","R","BOSS","M","$","M","?","M","R","M","M","T","R","M","?","M","E","R","BOSS","R","$","E","BOSS"],"build_version":"2019-01-17v2","purchased_purges":2,"victory":false,"max_hp_per_floor":[75,75,75,75,75,75,75,75,75,75,75,75,75,75,75,75,75,75,75,37,37,37,37,37,37,37,37,37,37,37,37,37,37,42,42,49,49,49,49,49,49,49,49,49,49,49,49,49,49,49,49,49,49,49,49],"card_choices":[{"not_picked":["Beam Cell","Recycle"],"picked":"Ball Lightning","floor":1},{"not_picked":["Ball Lightning","Sweeping Beam"],"picked":"Cold Snap","floor":5},{"not_picked":["Stack","Compile Driver"],"picked":"Cold Snap","floor":7},{"not_picked":["Reinforced Body","Go for the Eyes","Doom and Gloom"],"picked":"SKIP","floor":11},{"not_picked":["Turbo","Leap"],"picked":"All For One","floor":13},{"not_picked":["Melter","Beam Cell","Rebound"],"picked":"SKIP","floor":14},{"not_picked":["Amplify","Echo Form"],"picked":"Creative AI","floor":16},{"not_picked":["Rebound","Melter"],"picked":"Loop+1","floor":18},{"not_picked":["Static Discharge","Hologram"],"picked":"Cold Snap","floor":21},{"not_picked":["Hologram","Loop"],"picked":"FTL+1","floor":22},{"not_picked":["Sunder","Compile Driver"],"picked":"Defragment","floor":23},{"not_picked":["Streamline","Heatsinks","Rip and Tear"],"picked":"SKIP","floor":24},{"not_picked":["Rebound","Loop+1"],"picked":"Beam Cell","floor":28},{"not_picked":["Ball Lightning","Tempest"],"picked":"White Noise","floor":30},{"not_picked":["Amplify","Echo Form"],"picked":"Seek","floor":33},{"not_picked":["Go for the Eyes","Cold Snap+1"],"picked":"Coolheaded+1","floor":35},{"not_picked":["Go for the Eyes","Redo+1"],"picked":"Conserve Battery","floor":37},{"not_picked":["Leap","Redo"],"picked":"Glacier","floor":38},{"not_picked":["Beam Cell","Blizzard"],"picked":"Self Repair+1","floor":39},{"not_picked":["Streamline+1","Undo","Cold Snap+1"],"picked":"SKIP","floor":41},{"not_picked":["Barrage","Stack"],"picked":"Blizzard","floor":42},{"not_picked":["Hologram","Stack","Rebound"],"picked":"SKIP","floor":45},{"not_picked":["Leap+1","Reprogram"],"picked":"Rainbow","floor":47},{"not_picked":["Streamline","Rebound+1","Sweeping Beam+1"],"picked":"SKIP","floor":48},{"not_picked":["Streamline+1","Compile Driver","Sweeping Beam+1"],"picked":"SKIP","floor":54}],"player_experience":553322,"relics_obtained":[{"floor":7,"key":"Ancient Tea Set"},{"floor":9,"key":"Letter Opener"},{"floor":13,"key":"Centennial Puzzle"},{"floor":23,"key":"Kunai"},{"floor":43,"key":"Bag of Marbles"},{"floor":46,"key":"Gambling Chip"},{"floor":48,"key":"Vajra"},{"floor":54,"key":"Oddly Smooth Stone"}],"event_choices":[{"damage_healed":0,"gold_gain":175,"player_choice":"AGREE","damage_taken":0,"max_hp_gain":0,"max_hp_loss":0,"event_name":"Liars Game","floor":2,"gold_loss":0,"cards_obtained":["Doubt"]},{"damage_healed":0,"gold_gain":0,"player_choice":"Bought 0 Potions","damage_taken":0,"max_hp_gain":0,"max_hp_loss":0,"event_name":"The Woman in Blue","floor":4,"gold_loss":0},{"damage_healed":0,"gold_gain":0,"player_choice":"Became a Ghost","damage_taken":0,"max_hp_gain":0,"max_hp_loss":38,"event_name":"Ghosts","floor":20,"gold_loss":0,"cards_obtained":["Ghostly","Ghostly","Ghostly","Ghostly","Ghostly"]},{"damage_healed":0,"gold_gain":0,"player_choice":"Opened","damage_taken":0,"relics_obtained":["Gremlin Horn"],"max_hp_gain":0,"max_hp_loss":0,"event_name":"The Mausoleum","floor":29,"gold_loss":0,"cards_obtained":["Writhe"]},{"damage_healed":0,"gold_gain":0,"player_choice":"Got Potions","damage_taken":0,"max_hp_gain":0,"max_hp_loss":0,"event_name":"Lab","floor":31,"gold_loss":0},{"damage_healed":0,"gold_gain":0,"player_choice":"Fight","damage_taken":0,"max_hp_gain":0,"max_hp_loss":0,"event_name":"Mysterious Sphere","floor":46,"gold_loss":0}],"is_beta":false,"boss_relics":[{"not_picked":["Orrery","Empty Cage"],"picked":"Nuclear Battery"},{"not_picked":["Inserter","Lizard Tail"],"picked":"Tiny House"}],"items_purged_floors":[10,36],"is_endless":false,"potions_floor_spawned":[5,11,18,22,33,37,41,45,47,48],"killed_by":"The Heart","ascension_level":13}