{"gold_per_floor":[18,18,18,18,36,36,61,61,85,65,79,79,119,142,142,271,271,296,167,155,168,69,109,109,124,147,147,168,83,109,25,25,155,155,174,187,211,235,254,254,268,282,359,378,378,403,403,417,417,417,417,417,44,77,77],"floor_reached":56,"playtime":5024,"items_purged":["Defend_B"],"score":1150,"play_id":"f846a9ae-88a9-496c-8e23-b503fe3aeb59","local_time":"20190205185954","is_ascension_mode":false,"campfire_choices":[{"data":"Loop","floor":6.0,"key":"SMITH"},{"data":"Chill","floor":15.0,"key":"SMITH"},{"floor":24.0,"key":"REST"},{"floor":32.0,"key":"REST"},{"floor":40,"key":"RECALL"},{"floor":47,"key":"REST"},{"floor":49,"key":"REST"},{"data":"Seek","floor":52,"key":"SMITH"}],"neow_cost":"NO_GOLD","seed_source_timestamp":0,"circlet_count":0,"master_deck":["Strike_B+1","Strike_B+1","Defend_B+1","Defend_B+1","Defend_B+1","Zap+1","Dualcast","Reboot","Barrage","Turbo","Loop+1","Chill+1","Redo","Leap","White Noise","Seek","Leap","Beam Cell","Chill+1","Go for the Eyes","Capacitor","Conserve Battery","Reinforced Body","Gash+1","Loop","Streamline","Seek+1","Consume","Recycle+1","Parasite","Ball Lightning+1","Self Repair+1","Double Energy+1","Glacier","Force Field","Capacitor","Consume"],"special_seed":0,"relics":["Cracked Core","Golden Idol","Potion Belt","Blood Vial","Runic Pyramid","Art of War","Boot","Lantern","Inserter","Mummified Hand","Emotion Chip","Pen Nib"],"potions_floor_usage":[44,44,50,50,54,55,55],"damage_taken":[{"damage":0.0,"enemies":"Small Slimes","floor":1.0,"turns":3.0},{"damage":0.0,"enemies":"Cultist","floor":5.0,"turns":4.0},{"damage":0.0,"enemies":"2 Louse","floor":7.0,"turns":2.0},{"damage":12.0,"enemies":"Blue Slaver","floor":11.0,"turns":3.0},{"damage":22.0,"enemies":"3 Sentries","floor":13.0,"turns":9.0},{"damage":0.0,"enemies":"Exordium Thugs","floor":14.0,"turns":5.0},{"damage":8.0,"enemies":"Slime Boss","floor":16.0,"turns":13.0},{"damage":16.0,"enemies":"Shell Parasite","floor":18.0,"turns":7.0},{"damage":8.0,"enemies":"2 Thieves","floor":20.0,"turns":4.0},{"damage":13.0,"enemies":"Centurion and Healer","floor":21.0,"turns":7.0},{"damage":31.0,"enemies":"Book of Stabbing","floor":23.0,"turns":7.0},{"damage":13.0,"enemies":"Snecko","floor":25.0,"turns":9.0},{"damage":0.0,"enemies":"Cultist and Chosen","floor":28.0,"turns":9.0},{"damage":48.0,"enemies":"Champ","floor":33.0,"turns":13.0},{"damage":4,"enemies":"3 Darklings","floor":35,"turns":10},{"damage":13,"enemies":"Orb Walker","floor":36,"turns":4},{"damage":21,"enemies":"Maw","floor":37,"turns":7},{"damage":12,"enemies":"Writhing Mass","floor":38,"turns":7},{"damage":10,"enemies":"Jaw Worm Horde","floor":39,"turns":8},{"damage":12,"enemies":"Maw","floor":41,"turns":8},{"damage":3,"enemies":"Writhing Mass","floor":42,"turns":8},{"damage":13,"enemies":"Jaw Worm Horde","floor":44,"turns":7},{"damage":17,"enemies":"Sphere and 2 Shapes","floor":46,"turns":8},{"damage":0,"enemies":"4 Shapes","floor":48,"turns":11},{"damage":53,"enemies":"Donu and Deca","floor":50,"turns":15},{"damage":30,"enemies":"Shield and Spear","floor":54,"turns":17},{"damage":34,"enemies":"The Heart","floor":55,"turns":13}],"seed_played":"-60634692377094418","potions_obtained":[{"floor":10.0,"key":"Strength Potion"},{"floor":11.0,"key":"SkillPotion"},{"floor":12.0,"key":"SneckoOil"},{"floor":12.0,"key":"GamblersBrew"},{"floor":12.0,"key":"FocusPotion"},{"floor":13.0,"key":"Fire Potion"},{"floor":14.0,"key":"SkillPotion"},{"floor":23.0,"key":"SkillPotion"},{"floor":25.0,"key":"AttackPotion"},{"floor":33.0,"key":"FocusPotion"},{"floor":35,"key":"FocusPotion"},{"floor":37,"key":"Swift Potion"},{"floor":42,"key":"Fire Potion"},{"floor":46,"key":"Explosive Potion"},{"floor":48,"key":"Strength Potion"},{"floor":54,"key":"FearPotion"}],"is_trial":false,"path_per_floor":["M","?","$","?","M","R","M","?","T","?","M","?","E","M","R","B",null,"M","$","M","M","$","E","R","M","T","?","M","?","T","$","R","B",null,"M","M","M","M","M","R","M","M","T","M","?","M","R","M","R","B",null,"R","$","E","B",null],"character_chosen":"DEFECT","items_purchased":["Beam Cell","Capacitor","Conserve Battery","Loop","Streamline","Capacitor","Emotion Chip"],"campfire_rested":4,"item_purchase_floors":[19,22,22,31,31,53,53],"current_hp_per_floor":[75,57,57,57,57,57,57,62,62,62,50,50,28,30,30,24,80,64,64,58,47,47,18,42,31,31,31,33,33,33,33,57,11,80,76,65,46,36,28,28,18,17,17,16,16,11,35,47,71,30,80,80,80,60,38],"gold":77,"neow_bonus":"TRANSFORM_TWO_CARDS","is_prod":false,"is_daily":false,"chose_seed":false,"campfire_upgraded":3,"win_rate":0,"timestamp":1549411194,"path_taken":["M","?","$","?","?","R","M","?","T","?","?","?","E","M","R","BOSS","M","$","?","M","$","E","R","?","T","?","M","?","?","$","R","BOSS","M","M","M","M","?","R","M","M","T","?","?","?","R","M","R","BOSS","R","$","E","BOSS"],"build_version":"2019-01-23","purchased_purges":1,"victory":true,"max_hp_per_floor":[75,75,75,75,75,75,75,80,80,80,80,80,80,80,80,80,80,80,80,80,80,80,80,80,80,80,80,80,80,80,80,80,80,80,80,80,80,80,80,80,80,80,80,80,80,80,80,80,80,80,80,80,80,80,80],"card_choices":[{"not_picked":["Stack","Steam"],"picked":"Turbo","floor":1.0},{"not_picked":["Chaos","BootSequence"],"picked":"Loop","floor":5.0},{"not_picked":["Chaos","Hologram"],"picked":"Chill","floor":7.0},{"not_picked":["Beam Cell","Barrage"],"picked":"Redo","floor":11.0},{"not_picked":["Genetic Algorithm","Cold Snap"],"picked":"Leap","floor":13.0},{"not_picked":["Redo","Ball Lightning"],"picked":"White Noise","floor":14.0},{"not_picked":["Buffer","Amplify"],"picked":"Seek","floor":16.0},{"not_picked":["Compile Driver","Scrape"],"picked":"Leap","floor":18.0},{"not_picked":["Consume","Coolheaded"],"picked":"Chill","floor":20.0},{"not_picked":["Coolheaded","Steam+1"],"picked":"Go for the Eyes","floor":21.0},{"not_picked":["Ball Lightning+1","Scrape"],"picked":"Reinforced Body","floor":23.0},{"not_picked":["Leap","Auto Shields+1"],"picked":"Gash+1","floor":25.0},{"not_picked":["Fusion","Genetic Algorithm","Compile Driver"],"picked":"SKIP","floor":28.0},{"not_picked":["Rainbow","Core Surge"],"picked":"Seek","floor":33.0},{"not_picked":["Force Field+1","Rip and Tear","Rebound+1"],"picked":"SKIP","floor":35},{"not_picked":["Coolheaded+1","Stack"],"picked":"Consume","floor":36},{"not_picked":["Turbo+1","Auto Shields"],"picked":"Recycle+1","floor":37},{"not_picked":["Compile Driver+1","Melter+1","Hologram"],"picked":"SKIP","floor":38},{"not_picked":["Go for the Eyes+1","Heatsinks+1"],"picked":"Ball Lightning+1","floor":39},{"not_picked":["Tempest","Compile Driver+1","Leap+1"],"picked":"SKIP","floor":41},{"not_picked":["Go for the Eyes+1","Leap+1"],"picked":"Self Repair+1","floor":42},{"not_picked":["Sweeping Beam+1","Streamline"],"picked":"Double Energy+1","floor":44},{"not_picked":["Static Discharge","Seek"],"picked":"Glacier","floor":46},{"not_picked":["Rebound+1","Cold Snap"],"picked":"Force Field","floor":48},{"not_picked":["Turbo+1","Cold Snap"],"picked":"Consume","floor":54}],"player_experience":236820,"relics_obtained":[{"floor":9.0,"key":"Potion Belt"},{"floor":13.0,"key":"Blood Vial"},{"floor":23.0,"key":"Art of War"},{"floor":26.0,"key":"Boot"},{"floor":43,"key":"Mummified Hand"},{"floor":54,"key":"Pen Nib"}],"event_choices":[{"damage_healed":0.0,"max_hp_gain":0.0,"max_hp_loss":0.0,"gold_gain":0.0,"event_name":"Golden Idol","player_choice":"Take Damage","floor":2.0,"gold_loss":0.0,"damage_taken":18.0,"relics_obtained":["Golden Idol"]},{"damage_healed":0.0,"max_hp_gain":0.0,"max_hp_loss":0.0,"gold_gain":0.0,"event_name":"Upgrade Shrine","player_choice":"Upgraded","floor":4.0,"gold_loss":0.0,"damage_taken":0.0,"cards_upgraded":["Zap"]},{"damage_healed":0.0,"max_hp_gain":5.0,"max_hp_loss":0.0,"gold_gain":0.0,"event_name":"Big Fish","player_choice":"Donut","floor":8.0,"gold_loss":0.0,"damage_taken":0.0},{"damage_healed":0.0,"max_hp_gain":0.0,"max_hp_loss":0.0,"gold_gain":0.0,"event_name":"The Woman in Blue","player_choice":"Bought 1 Potion","floor":10.0,"gold_loss":0.0,"damage_taken":0.0},{"damage_healed":0.0,"max_hp_gain":0.0,"max_hp_loss":0.0,"gold_gain":0.0,"event_name":"Lab","player_choice":"Got Potions","floor":12.0,"gold_loss":0.0,"damage_taken":0.0},{"damage_healed":0.0,"max_hp_gain":0.0,"max_hp_loss":0.0,"gold_gain":0.0,"event_name":"Back to Basics","player_choice":"Simplicity","floor":27.0,"gold_loss":0.0,"damage_taken":0.0,"cards_upgraded":["Strike_B","Strike_B","Defend_B","Defend_B","Defend_B"]},{"damage_healed":0.0,"max_hp_gain":0.0,"max_hp_loss":0.0,"gold_gain":0.0,"event_name":"Addict","player_choice":"Obtained Relic","floor":29.0,"gold_loss":85.0,"damage_taken":0.0,"relics_obtained":["Lantern"]},{"damage_healed":0,"gold_gain":0,"player_choice":"Upgraded","damage_taken":0,"max_hp_gain":0,"max_hp_loss":0,"event_name":"Upgrade Shrine","floor":45,"gold_loss":0,"cards_upgraded":["Chill"]}],"is_beta":false,"boss_relics":[{"not_picked":["Velvet Choker","Eternal Feather"],"picked":"Runic Pyramid"},{"not_picked":["Black Star","Snecko Eye"],"picked":"Inserter"}],"items_purged_floors":[19],"is_endless":false,"potions_floor_spawned":[11,13,14,23,25,33,35,37,42,46,48,54],"ascension_level":0}