{"path_per_floor":["M","?","?","M","?","R","M","E","T","$","R","E","M","$","R","B",null,"M","?","?","$","M","R","M","M","T","?","E","M","?","M","R","B",null,"M","?","?","?","?","R","E","R","T","M","M","$","R","M","R"],"character_chosen":"IRONCLAD","items_purchased":["Armaments","Armaments","Pommel Strike","Thunderclap","Disarm","Thinking Ahead","Block Potion"],"gold_per_floor":[115,115,115,126,126,126,144,169,169,68,68,100,119,39,39,144,144,158,158,83,60,70,70,82,101,101,101,133,151,66,81,81,181,181,196,196,196,196,196,196,230,230,303,319,336,46,46,56,56],"floor_reached":50,"campfire_rested":0,"playtime":8000,"current_hp_per_floor":[80,73,57,63,63,63,66,30,30,30,30,36,52,52,52,37,83,83,83,83,83,90,90,72,59,59,59,77,77,77,78,88,71,97,88,88,78,97,88,97,74,88,88,83,88,88,100,97,100],"items_purged":["Regret"],"gold":56,"play_id":"47d4dd19-ca51-466e-9bba-22e77b551065","is_prod":false,"is_daily":false,"is_ascension_mode":false,"campfire_upgraded":9,"path_taken":["M","?","?","M","?","R","M","E","T","$","R","E","?","?","R","BOSS","M","?","?","$","M","R","M","M","T","?","E","?","?","M","R","BOSS","M","?","?","?","?","R","E","R","T","M","?","$","R","?","R","BOSS"],"build_version":"2018-02-01-PROD3","purchased_purges":1,"victory":false,"master_deck":["Strike_R+1","Strike_R","Strike_R","Defend_R","Defend_R","Defend_R","Defend_R+1","Bash","Cleave","Dark Embrace+1","Seeing Red","Corruption","Armaments+1","Feed","Feel No Pain+1","Armaments+1","Pommel Strike+1","Impervious","Pummel","Thunderclap","Cleave","Warcry+1","Power Through","Fire Breathing+1","Sword Boomerang","Pommel Strike+1","Impervious","Power Through","Armaments+1","Warcry+1","Dropkick+1","Anger","Clothesline+1","Madness","Madness","Inflame+1","Shrug It Off+1","Iron Wave+1","Disarm+1","Thinking Ahead","Shrug It Off"],"max_hp_per_floor":[80,80,80,80,80,80,80,80,80,80,80,80,83,83,83,83,83,87,87,87,87,90,90,90,90,90,90,94,97,97,97,97,97,97,97,97,97,97,97,97,97,97,97,97,100,100,100,100,100],"relics":["Burning Blood","Blood Vial","Regal Pillow","Magic Flower","Gambling Chip","Darkstone Periapt","Eternal Feather","Thread and Needle","Dodecahedron","Bag of Marbles","Orrery","Oddly Smooth Stone","Meat on the Bone"],"card_choices":[{"not_picked":["Perfected Strike","Sword Boomerang"],"picked":"Cleave"},{"not_picked":["Sword Boomerang","Clothesline"],"picked":"Dark Embrace"},{"not_picked":["True Grit","Bloodletting"],"picked":"Seeing Red"},{"not_picked":["Warcry","Seeing Red"],"picked":"Corruption"},{"not_picked":["Bloodletting","Body Slam"],"picked":"Feed"},{"not_picked":["Metallicize","Rage"],"picked":"Feel No Pain"},{"not_picked":["Double Tap","Offering"],"picked":"Impervious"},{"not_picked":["Thunderclap","Hemokinesis"],"picked":"Pummel"},{"not_picked":["Heavy Blade","Clash"],"picked":"Cleave"},{"not_picked":["Rage","Reaper"],"picked":"Warcry"},{"not_picked":["Second Wind","Reckless Charge"],"picked":"Power Through"},{"not_picked":["Brutality","Anger"],"picked":"Fire Breathing"},{"not_picked":["Clash","Headbutt"],"picked":"Sword Boomerang"},{"not_picked":["Heavy Blade","Fire Breathing"],"picked":"Pommel Strike"},{"not_picked":["Berserk","Reaper"],"picked":"Impervious"},{"not_picked":["Spot Weakness","Battle Trance"],"picked":"Power Through"},{"not_picked":["Pommel Strike","Clothesline"],"picked":"Armaments"},{"not_picked":["Cleave","Armaments"],"picked":"Warcry"},{"not_picked":["Battle Trance","Combust"],"picked":"Dropkick"},{"not_picked":["Twin Strike","Pummel"],"picked":"Anger"},{"not_picked":["Perfected Strike","Fire Breathing"],"picked":"Clothesline"},{"not_picked":["Rupture","Heavy Blade"],"picked":"Inflame"},{"not_picked":["Dark Embrace","Armaments"],"picked":"Shrug It Off"},{"not_picked":["Spot Weakness","Fire Breathing"],"picked":"Iron Wave"},{"not_picked":["Clothesline","Whirlwind"],"picked":"Shrug It Off"}],"player_experience":41935,"potions_floor_usage":[24,28,29,33,33,44,50,50,50],"damage_taken":[{"damage":0,"enemies":"Small Slimes","floor":1,"turns":3},{"damage":2,"enemies":"Jaw Worm","floor":4,"turns":4},{"damage":5,"enemies":"2 Louse","floor":7,"turns":2},{"damage":44,"enemies":"Lagavulin","floor":8,"turns":9},{"damage":6,"enemies":"3 Sentries","floor":12,"turns":5},{"damage":1,"enemies":"Exordium Thugs","floor":13,"turns":4},{"damage":27,"enemies":"Hexaghost","floor":16,"turns":11},{"damage":15,"enemies":"Shell Parasite","floor":18,"turns":8},{"damage":4,"enemies":"Spheric Guardian","floor":22,"turns":6},{"damage":27,"enemies":"3 Cultists","floor":24,"turns":4},{"damage":25,"enemies":"Centurion and Healer","floor":25,"turns":10},{"damage":0,"enemies":"Slavers","floor":28,"turns":7},{"damage":17,"enemies":"Slaver and Parasite","floor":29,"turns":7},{"damage":11,"enemies":"3 Cultists","floor":31,"turns":5},{"damage":29,"enemies":"Collector","floor":33,"turns":12},{"damage":18,"enemies":"3 Shapes","floor":35,"turns":7},{"damage":32,"enemies":"Giant Head","floor":41,"turns":11},{"damage":42,"enemies":"3 Darklings","floor":44,"turns":12},{"damage":12,"enemies":"Maw","floor":45,"turns":8},{"damage":12,"enemies":"4 Shapes","floor":48,"turns":8},{"damage":113,"enemies":"Time Eater","floor":50,"turns":22}],"event_choices":[{"event_name":"Golden Wing","player_choice":"Card Removal","floor":2,"damage_taken":0},{"event_name":"Shining Light","player_choice":"Entered Light","floor":3,"damage_taken":0},{"event_name":"Big Fish","player_choice":"Box","floor":5,"damage_taken":0},{"event_name":"The Library","player_choice":"Read","floor":19,"damage_taken":0},{"event_name":"Beggar","player_choice":"Gave Gold","floor":20,"damage_taken":0},{"event_name":"Accursed Blacksmith","player_choice":"Forge","floor":27,"damage_taken":0},{"event_name":"Addict","player_choice":"Obtained Relic","floor":30,"damage_taken":0},{"event_name":"Tomb of Lord Red Mask","player_choice":"Ignored","floor":36,"damage_taken":0},{"event_name":"Winding Halls","player_choice":"Embrace Madness","floor":37,"damage_taken":0},{"event_name":"Bonfire Elementals","player_choice":"UNCOMMON","floor":38,"damage_taken":0},{"event_name":"Wheel of Change","player_choice":"Damage","floor":39,"damage_taken":0}],"boss_relics":[{"not_picked":["Runic Cube","Runic Pyramid"],"picked":"Eternal Feather"},{"not_picked":["Cursed Key","Calling Bell"],"picked":"Orrery"}],"potions_floor_spawned":[12,13,16,24,25,28,31,35,41],"seed_played":"6948188310537552890","killed_by":"Time Eater","ascension_level":0,"is_trial":false}