{"gold_per_floor":[116,134,66,86,86,86,119,119,119,119,132,151,169,181,181,255,255,274,274,274,245,136,136,146,158,158,158,191,204,60,71,71,150,150,163,163],"floor_reached":36,"playtime":2520,"items_purged":["Strike_G"],"score":679,"play_id":"5acdebfb-423f-4210-a134-607c9fa3f200","local_time":"20190328181107","is_ascension_mode":true,"campfire_choices":[{"data":"Dagger Spray","floor":6,"key":"SMITH"},{"floor":8,"key":"REST"},{"data":"Neutralize","floor":10,"key":"SMITH"},{"data":"Crippling Poison","floor":15,"key":"SMITH"},{"data":"Noxious Fumes","floor":23,"key":"SMITH"},{"data":"Bouncing Flask","floor":32,"key":"SMITH"}],"neow_cost":"CURSE","seed_source_timestamp":12532302739122,"circlet_count":0,"master_deck":["AscendersBane","Defend_G","Defend_G","Defend_G","Defend_G","Defend_G","Strike_G","Strike_G","Survivor","Neutralize+1","Dark Shackles","PanicButton","Deadly Poison","Dagger Spray+1","Footwork+1","PiercingWail","Dodge and Roll","Cloak And Dagger","Crippling Poison+1","Venomology","Tools of the Trade","Well Laid Plans","Noxious Fumes+1","Bouncing Flask+1","After Image","Footwork","Crippling Poison","Blur","Corpse Explosion"],"relics":["Ring of the Snake","Incense Burner","Meat on the Bone","Empty Cage","PreservedInsect","Question Card","Busted Crown"],"potions_floor_usage":[7,16,24,25,28,29,33,35,36,36],"damage_taken":[{"damage":0,"enemies":"2 Louse","floor":1,"turns":4},{"damage":0,"enemies":"Cultist","floor":2,"turns":4},{"damage":1,"enemies":"Jaw Worm","floor":4,"turns":5},{"damage":53,"enemies":"Gremlin Nob","floor":7,"turns":6},{"damage":2,"enemies":"Lots of Slimes","floor":11,"turns":3},{"damage":3,"enemies":"2 Fungi Beasts","floor":12,"turns":4},{"damage":12,"enemies":"Looter","floor":13,"turns":4},{"damage":0,"enemies":"Large Slime","floor":14,"turns":12},{"damage":13,"enemies":"The Guardian","floor":16,"turns":16},{"damage":0,"enemies":"Shell Parasite","floor":18,"turns":8},{"damage":0,"enemies":"2 Thieves","floor":21,"turns":5},{"damage":3,"enemies":"Snake Plant","floor":24,"turns":5},{"damage":3,"enemies":"3 Cultists","floor":25,"turns":5},{"damage":29,"enemies":"Slavers","floor":28,"turns":5},{"damage":2,"enemies":"Cultist and Chosen","floor":29,"turns":7},{"damage":0,"enemies":"Centurion and Healer","floor":31,"turns":8},{"damage":5,"enemies":"Automaton","floor":33,"turns":14},{"damage":11,"enemies":"3 Darklings","floor":35,"turns":5},{"damage":53,"enemies":"2 Orb Walkers","floor":36,"turns":6}],"seed_played":"4972710247432916486","potions_obtained":[{"floor":1,"key":"Explosive Potion"},{"floor":4,"key":"SkillPotion"},{"floor":7,"key":"GhostInAJar"},{"floor":24,"key":"GamblersBrew"},{"floor":29,"key":"Explosive Potion"}],"is_trial":false,"path_per_floor":["M","M","$","M","?","R","E","R","T","R","M","M","M","M","R","B",null,"M","?","?","M","$","R","M","M","T","?","E","M","$","M","R","B",null,"M","?"],"character_chosen":"THE_SILENT","items_purchased":["Footwork","Noxious Fumes","Bouncing Flask","Crippling Poison"],"campfire_rested":1,"item_purchase_floors":[3,22,22,30],"current_hp_per_floor":[59,59,59,58,58,58,5,24,24,24,34,43,43,43,43,42,60,60,60,60,60,60,60,66,63,63,63,34,44,44,44,44,39,59,48,0],"gold":163,"neow_bonus":"RANDOM_COLORLESS_2","is_prod":false,"is_daily":false,"chose_seed":false,"campfire_upgraded":5,"win_rate":0,"timestamp":1553793067,"path_taken":["M","M","$","M","?","R","E","R","T","R","M","?","M","M","R","BOSS","M","?","?","?","$","R","M","M","T","?","E","M","$","M","R","BOSS","M","?"],"build_version":"2019-01-23","purchased_purges":1,"victory":false,"max_hp_per_floor":[66,66,66,66,66,66,66,66,66,66,66,66,66,66,66,66,66,66,66,66,66,66,66,66,66,66,66,66,66,66,66,66,66,66,66,66],"card_choices":[{"not_picked":["Outmaneuver","Reflex"],"picked":"Deadly Poison","floor":1},{"not_picked":["Concentrate","Deflect"],"picked":"Dagger Spray","floor":2},{"not_picked":["Acrobatics","Deflect"],"picked":"PiercingWail","floor":4},{"not_picked":["Grand Finale","Endless Agony","Sucker Punch"],"picked":"SKIP","floor":7},{"not_picked":["Skewer","Prepared"],"picked":"Dodge and Roll","floor":11},{"not_picked":["Deflect","Dagger Spray"],"picked":"Cloak And Dagger","floor":12},{"not_picked":["Concentrate","Dagger Spray"],"picked":"Crippling Poison","floor":13},{"not_picked":["Sucker Punch","Cloak And Dagger"],"picked":"Venomology","floor":14},{"not_picked":["Envenom","Unload"],"picked":"Tools of the Trade","floor":16},{"not_picked":["Tactician","Bane"],"picked":"Well Laid Plans","floor":18},{"not_picked":["Dagger Throw","Dash","Concentrate"],"picked":"SKIP","floor":21},{"not_picked":["Bane+1","Blade Dance+1","Dagger Spray"],"picked":"SKIP","floor":24},{"not_picked":["Deflect","Dodge and Roll"],"picked":"After Image","floor":25},{"not_picked":["Expertise","Heel Hook","Poisoned Stab+1"],"picked":"SKIP","floor":28},{"not_picked":["Bouncing Flask","Dagger Throw","Tactician+1"],"picked":"Footwork","floor":29},{"not_picked":["Backstab","Heel Hook","Backflip"],"picked":"Blur","floor":31},{"not_picked":["Tools of the Trade","Adrenaline","Venomology"],"picked":"Corpse Explosion","floor":33},{"not_picked":["Dagger Throw","Reflex"],"picked":"SKIP","floor":35}],"player_experience":813214,"relics_obtained":[{"floor":7,"key":"Incense Burner"},{"floor":9,"key":"Meat on the Bone"},{"floor":26,"key":"PreservedInsect"},{"floor":28,"key":"Question Card"}],"event_choices":[{"damage_healed":0,"gold_gain":0,"player_choice":"Upgraded","damage_taken":0,"max_hp_gain":0,"max_hp_loss":0,"event_name":"Upgrade Shrine","floor":5,"gold_loss":0,"cards_upgraded":["Footwork"]},{"damage_healed":0,"gold_gain":0,"player_choice":"Ignored","damage_taken":0,"max_hp_gain":0,"max_hp_loss":0,"event_name":"Beggar","floor":19,"gold_loss":0},{"cards_removed":["Writhe"],"damage_healed":0,"gold_gain":0,"player_choice":"Removed Curses","damage_taken":0,"max_hp_gain":0,"max_hp_loss":0,"event_name":"Fountain of Cleansing","floor":20,"gold_loss":0},{"damage_healed":0,"gold_gain":0,"player_choice":"Ignored","damage_taken":0,"max_hp_gain":0,"max_hp_loss":0,"event_name":"Vampires","floor":27,"gold_loss":0},{"damage_healed":0,"gold_gain":0,"player_choice":"Fight","damage_taken":0,"max_hp_gain":0,"max_hp_loss":0,"event_name":"Mysterious Sphere","floor":36,"gold_loss":0}],"is_beta":false,"boss_relics":[{"not_picked":["White Beast Statue","Lizard Tail"],"picked":"Empty Cage"},{"not_picked":["Coffee Dripper","Snecko Eye"],"picked":"Busted Crown"}],"items_purged_floors":[30],"is_endless":false,"potions_floor_spawned":[1,4,7,11,24,29],"killed_by":"2 Orb Walkers","ascension_level":15}