{"gold_per_floor":[114,114,134,154,154,154,181,181,181,207,223,239,239,42,42,139,139,154,171,188,11,24,24,24,59,59,90,100,100,130,199,199,303,303,319,12,27,39,56,56,87,199,211,248,260,289,301,342,354,366],"floor_reached":51,"playtime":4505,"items_purged":["Strike_R","Strike_R"],"score":818,"play_id":"02b78928-3690-46d5-98a3-f9e243f3b31e","local_time":"20190328091729","is_ascension_mode":true,"campfire_choices":[{"data":"Shrug It Off","floor":6.0,"key":"SMITH"},{"data":"Flex","floor":8.0,"key":"SMITH"},{"data":"Whirlwind","floor":15.0,"key":"SMITH"},{"data":"Inflame","floor":23.0,"key":"SMITH"},{"data":"Ghostly","floor":29.0,"key":"SMITH"},{"data":"Ghostly","floor":32.0,"key":"SMITH"},{"floor":40.0,"key":"REST"},{"data":"Demon Form","floor":45.0,"key":"SMITH"},{"floor":49.0,"key":"REST"}],"neow_cost":"NONE","seed_source_timestamp":0,"circlet_count":0,"master_deck":["Strike_R","Strike_R","Strike_R","Defend_R","Defend_R","Defend_R","Bash","Shrug It Off+1","Flex+1","Shockwave","Carnage","Shrug It Off","Whirlwind+1","Reaper","Dropkick+1","Armaments+1","Inflame+1","Clothesline","Ghostly+1","Ghostly+1","Ghostly","Ghostly","Ghostly","Feel No Pain","Heavy Blade","Demon Form+1","Pommel Strike","True Grit","Ghostly Armor+1","Discovery"],"special_seed":0,"relics":["Burning Blood","WingedGreaves","Kunai","Boot","Mark of Pain","Shuriken","Du-Vu Doll","Potion Belt","Self Forming Clay","Dodecahedron","Busted Crown","Pear","MawBank","Turnip","Mercury Hourglass","Regal Pillow","Pocketwatch"],"potions_floor_usage":[50],"damage_taken":[{"damage":2.0,"enemies":"Small Slimes","floor":1.0,"turns":4.0},{"damage":1.0,"enemies":"Jaw Worm","floor":3.0,"turns":5.0},{"damage":1.0,"enemies":"Cultist","floor":4.0,"turns":3.0},{"damage":38.0,"enemies":"3 Sentries","floor":7.0,"turns":13.0},{"damage":23.0,"enemies":"Gremlin Nob","floor":10.0,"turns":5.0},{"damage":10.0,"enemies":"2 Fungi Beasts","floor":11.0,"turns":3.0},{"damage":1.0,"enemies":"3 Louse","floor":12.0,"turns":4.0},{"damage":49.0,"enemies":"The Guardian","floor":16.0,"turns":15.0},{"damage":12.0,"enemies":"Chosen","floor":18.0,"turns":5.0},{"damage":16.0,"enemies":"Shell Parasite","floor":19.0,"turns":5.0},{"damage":10.0,"enemies":"Shelled Parasite and Fungi","floor":20.0,"turns":5.0},{"damage":16.0,"enemies":"Snake Plant","floor":22.0,"turns":4.0},{"damage":35.0,"enemies":"Book of Stabbing","floor":25.0,"turns":8.0},{"damage":3.0,"enemies":"Slavers","floor":27.0,"turns":6.0},{"damage":0.0,"enemies":"Snecko","floor":28.0,"turns":5.0},{"damage":30.0,"enemies":"Book of Stabbing","floor":30.0,"turns":9.0},{"damage":39.0,"enemies":"Collector","floor":33.0,"turns":12.0},{"damage":1.0,"enemies":"3 Shapes","floor":35.0,"turns":5.0},{"damage":21.0,"enemies":"3 Darklings","floor":37.0,"turns":6.0},{"damage":11.0,"enemies":"Spire Growth","floor":38.0,"turns":7.0},{"damage":21.0,"enemies":"Sphere and 2 Shapes","floor":39.0,"turns":7.0},{"damage":11.0,"enemies":"Giant Head","floor":41.0,"turns":10.0},{"damage":4.0,"enemies":"Mind Bloom Boss Battle","floor":42.0,"turns":9.0},{"damage":3.0,"enemies":"Reptomancer","floor":44.0,"turns":9.0},{"damage":7.0,"enemies":"Maw","floor":46.0,"turns":8.0},{"damage":49.0,"enemies":"Giant Head","floor":48.0,"turns":11.0},{"damage":44,"enemies":"Donu and Deca","floor":50,"turns":9}],"seed_played":"2367191946120863649","potions_obtained":[{"floor":0.0,"key":"GamblersBrew"},{"floor":0.0,"key":"SkillPotion"},{"floor":0.0,"key":"Block Potion"},{"floor":3.0,"key":"BloodPotion"},{"floor":7.0,"key":"Regen Potion"},{"floor":16.0,"key":"EntropicBrew"},{"floor":19.0,"key":"Regen Potion"},{"floor":20.0,"key":"AttackPotion"},{"floor":33.0,"key":"Ancient Potion"},{"floor":38.0,"key":"FearPotion"},{"floor":46.0,"key":"Block Potion"},{"floor":48.0,"key":"Fire Potion"}],"is_trial":false,"path_per_floor":["M","?","M","M","?","R","E","R","T","E","M","M","?","$","R","B",null,"M","M","M","$","M","R","?","E","T","E","M","R","E","T","R","B",null,"M","$","M","M","M","R","E","?","T","E","R","M","?","E","R","B",null],"character_chosen":"IRONCLAD","items_purchased":["Shrug It Off","Whirlwind","Inflame","Pear","Pommel Strike"],"campfire_rested":2,"item_purchase_floors":[14,14,21,36,36],"current_hp_per_floor":[80,80,80,80,73,73,41,41,41,38,34,39,65,65,65,22,80,74,76,72,72,74,74,40,26,26,40,40,40,20,20,20,8,40,40,50,35,37,22,37,32,43,43,50,50,49,49,21,50,31],"gold":378,"neow_bonus":"THREE_SMALL_POTIONS","is_prod":false,"is_daily":false,"chose_seed":false,"campfire_upgraded":7,"win_rate":1,"timestamp":1553789849,"path_taken":["M","?","M","M","?","R","E","R","T","E","M","M","?","$","R","BOSS","M","M","M","$","M","R","?","E","T","E","M","R","E","?","R","BOSS","M","$","M","M","M","R","E","?","T","E","R","M","?","E","R","BOSS"],"build_version":"2019-01-23","purchased_purges":2,"victory":true,"max_hp_per_floor":[80,80,80,80,80,80,80,80,80,80,80,80,80,80,80,80,80,80,80,80,80,80,80,40,40,40,40,40,40,40,40,40,40,40,40,50,50,50,50,50,50,50,50,50,50,50,50,50,50,50],"card_choices":[{"not_picked":["Warcry","Cleave"],"picked":"Shrug It Off","floor":1.0},{"not_picked":["Seeing Red","Dual Wield"],"picked":"Flex","floor":3.0},{"not_picked":["Anger","Rupture","Rampage"],"picked":"SKIP","floor":4.0},{"not_picked":["Combust","Second Wind","Anger"],"picked":"SKIP","floor":7.0},{"not_picked":["Body Slam","Burning Pact"],"picked":"Shockwave","floor":10.0},{"not_picked":["Iron Wave","Anger"],"picked":"Carnage","floor":11.0},{"not_picked":["Thunderclap","Carnage","Burning Pact"],"picked":"SKIP","floor":12.0},{"not_picked":["Limit Break","Berserk"],"picked":"Reaper","floor":16.0},{"not_picked":["Iron Wave","Twin Strike","Sword Boomerang"],"picked":"SKIP","floor":18.0},{"not_picked":["Twin Strike","Headbutt+1"],"picked":"Dropkick+1","floor":19.0},{"not_picked":["Entrench","Sword Boomerang"],"picked":"Armaments+1","floor":20.0},{"not_picked":["Dropkick","Sever Soul+1"],"picked":"Clothesline","floor":22.0},{"not_picked":["Seeing Red+1","Brutality"],"picked":"Feel No Pain","floor":25.0},{"not_picked":["Rampage","Dropkick","Perfected Strike"],"picked":"SKIP","floor":27.0},{"not_picked":["Anger","Warcry","Clash+1"],"picked":"SKIP","floor":28.0},{"not_picked":["Anger","Warcry","Clash+1"],"picked":"SKIP","floor":28.0},{"not_picked":["Flex","Anger"],"picked":"Heavy Blade","floor":30.0},{"not_picked":["Dark Embrace","Bludgeon"],"picked":"Demon Form","floor":33.0},{"not_picked":["Iron Wave"],"picked":"SKIP","floor":35.0},{"not_picked":[],"picked":"True Grit","floor":37.0},{"not_picked":["Cleave+1"],"picked":"SKIP","floor":38.0},{"not_picked":["Anger"],"picked":"SKIP","floor":39.0},{"not_picked":[],"picked":"Ghostly Armor+1","floor":41.0},{"not_picked":["Flex"],"picked":"SKIP","floor":44.0},{"not_picked":["Twin Strike+1"],"picked":"SKIP","floor":46.0},{"not_picked":[],"picked":"Discovery","floor":47.0},{"not_picked":["Rampage+1"],"picked":"SKIP","floor":48.0}],"player_experience":328258,"relics_obtained":[{"floor":7.0,"key":"WingedGreaves"},{"floor":9.0,"key":"Kunai"},{"floor":10.0,"key":"Boot"},{"floor":25.0,"key":"Shuriken"},{"floor":26.0,"key":"Du-Vu Doll"},{"floor":27.0,"key":"Potion Belt"},{"floor":30.0,"key":"Self Forming Clay"},{"floor":31.0,"key":"Dodecahedron"},{"floor":41.0,"key":"MawBank"},{"floor":42.0,"key":"Turnip"},{"floor":43.0,"key":"Mercury Hourglass"},{"floor":44.0,"key":"Regal Pillow"},{"floor":48.0,"key":"Pocketwatch"}],"event_choices":[{"damage_healed":0.0,"max_hp_gain":0.0,"max_hp_loss":0.0,"gold_gain":0.0,"event_name":"Liars Game","player_choice":"Ignored","floor":2.0,"gold_loss":0.0,"damage_taken":0.0},{"cards_removed":["Defend_R"],"damage_healed":0.0,"max_hp_gain":0.0,"max_hp_loss":0.0,"gold_gain":0.0,"event_name":"Golden Wing","player_choice":"Card Removal","floor":5.0,"gold_loss":0.0,"damage_taken":7.0},{"damage_healed":26.0,"max_hp_gain":0.0,"max_hp_loss":0.0,"gold_gain":0.0,"event_name":"Big Fish","player_choice":"Banana","floor":13.0,"gold_loss":0.0,"damage_taken":0.0},{"damage_healed":0.0,"max_hp_gain":0.0,"max_hp_loss":40.0,"gold_gain":0.0,"event_name":"Ghosts","player_choice":"Became a Ghost","floor":24.0,"gold_loss":0.0,"damage_taken":0.0,"cards_obtained":["Ghostly","Ghostly","Ghostly","Ghostly","Ghostly"]},{"damage_healed":0.0,"max_hp_gain":0.0,"max_hp_loss":0.0,"gold_gain":0.0,"event_name":"MindBloom","player_choice":"Fight","floor":42.0,"gold_loss":0.0,"damage_taken":0.0},{"damage_healed":0.0,"max_hp_gain":0.0,"max_hp_loss":0.0,"gold_gain":0.0,"event_name":"SensoryStone","player_choice":"Memory 1","floor":47.0,"gold_loss":0.0,"damage_taken":0.0}],"is_beta":false,"boss_relics":[{"not_picked":["Tiny House","Philosopher\u0027s Stone"],"picked":"Mark of Pain"},{"not_picked":["Astrolabe","Pandora\u0027s Box"],"picked":"Busted Crown"}],"items_purged_floors":[14,21],"is_endless":false,"potions_floor_spawned":[3,7,16,19,20,33,38,46,48],"ascension_level":1}