{"gold_per_floor":[111,131,131,145,165,165,63,63,63,81,81,114,189,17,17,119,119,130,148,148,148,164,164,184,184,184,184,232,232,432,444,444,540,540,551,268,268,32,44,44,76,95,95,95,113,129,129,157,157,157],"floor_reached":51,"playtime":2792,"items_purged":["Strike_B","Defend_B"],"score":925,"play_id":"8d0bfc1e-aa92-469d-bd8e-91e6ca30b2c2","local_time":"20180909133238","is_ascension_mode":true,"campfire_choices":[{"data":"Defragment","floor":6,"key":"SMITH"},{"data":"Loop","floor":11,"key":"SMITH"},{"data":"Capacitor","floor":15,"key":"SMITH"},{"floor":23,"key":"REST"},{"data":"Defragment","floor":25,"key":"SMITH"},{"data":"Beam Cell","floor":27,"key":"SMITH"},{"data":"Reboot","floor":29,"key":"SMITH"},{"data":"Coolheaded","floor":32,"key":"SMITH"},{"data":"Hello World","floor":40,"key":"SMITH"},{"data":"Creative AI","floor":44,"key":"SMITH"},{"data":"Capacitor","floor":47,"key":"SMITH"},{"data":"Chaos","floor":49,"key":"SMITH"}],"neow_cost":"NONE","seed_source_timestamp":254527924960808,"circlet_count":0,"master_deck":["Defend_B","Defend_B","Defend_B","Zap","Dualcast","Cold Snap","Compile Driver","Loop+1","Coolheaded+1","Defragment+1","Undo","Capacitor+1","Coolheaded","Coolheaded","Undo","Conserve Battery","FTL","Reboot+1","Ball Lightning","Defragment+1","Blizzard+1","Bite","Bite","Bite","Bite","Master of Strategy","Beam Cell+1","Steam","Glacier","Electrodynamics","Chaos+1","Finesse","Hello World+1","Conserve Battery","Steam+1","Capacitor+1","Creative AI+1","Ball Lightning+1","BootSequence+1"],"relics":["Nuclear Battery","Prayer Wheel","Unceasing Top","Ornamental Fan","Philosopher\u0027s Stone","Mercury Hourglass","Happy Flower","Coffee Dripper","Letter Opener","Anchor","Shuriken","Regal Pillow"],"potions_floor_usage":[22,35,46],"damage_taken":[{"damage":5,"enemies":"Cultist","floor":1,"turns":5},{"damage":0,"enemies":"Jaw Worm","floor":2,"turns":4},{"damage":2,"enemies":"Small Slimes","floor":4,"turns":3},{"damage":2,"enemies":"Exordium Wildlife","floor":5,"turns":5},{"damage":8,"enemies":"3 Louse","floor":10,"turns":4},{"damage":6,"enemies":"Gremlin Nob","floor":12,"turns":6},{"damage":2,"enemies":"Hexaghost","floor":16,"turns":16},{"damage":9,"enemies":"Chosen","floor":18,"turns":8},{"damage":45,"enemies":"3 Byrds","floor":19,"turns":5},{"damage":0,"enemies":"Snake Plant","floor":22,"turns":6},{"damage":12,"enemies":"Centurion and Healer","floor":24,"turns":6},{"damage":0,"enemies":"Cultist and Chosen","floor":31,"turns":6},{"damage":13,"enemies":"Collector","floor":33,"turns":10},{"damage":3,"enemies":"3 Darklings","floor":35,"turns":3},{"damage":0,"enemies":"3 Shapes","floor":39,"turns":2},{"damage":4,"enemies":"Giant Head","floor":41,"turns":8},{"damage":0,"enemies":"Spire Growth","floor":42,"turns":4},{"damage":0,"enemies":"Transient","floor":45,"turns":5},{"damage":19,"enemies":"Maw","floor":46,"turns":5},{"damage":6,"enemies":"Nemesis","floor":48,"turns":7},{"damage":2,"enemies":"Donu and Deca","floor":50,"turns":6}],"seed_played":"-8522834675010150084","potions_obtained":[{"floor":1,"key":"SkillPotion"},{"floor":12,"key":"Ancient Potion"},{"floor":18,"key":"Dexterity Potion"},{"floor":33,"key":"AttackPotion"},{"floor":35,"key":"Dexterity Potion"},{"floor":41,"key":"FocusPotion"},{"floor":46,"key":"Block Potion"}],"is_trial":false,"path_per_floor":["M","M","?","M","M","R","$","?","T","M","R","E","?","$","R","B",null,"M","M","?","?","M","R","M","R","T","R","T","R","?","M","R","B",null,"M","$","?","$","M","R","E","M","T","R","M","M","R","E","R","B"],"character_chosen":"DEFECT","items_purchased":["Capacitor","Coolheaded","Conserve Battery","FTL","Letter Opener","Chaos","Finesse","Hello World"],"campfire_rested":1,"item_purchase_floors":[7,7,14,14,36,36,38,38],"current_hp_per_floor":[70,70,67,65,63,63,63,68,68,60,60,54,43,43,43,41,70,61,16,16,16,28,44,46,46,46,46,46,46,46,56,56,53,55,53,53,53,53,55,55,56,56,56,56,56,41,41,49,49,55],"gold":157,"neow_bonus":"BOSS_RELIC","is_prod":false,"is_daily":false,"chose_seed":false,"campfire_upgraded":11,"win_rate":0,"timestamp":1536496358,"path_taken":["M","M","?","M","?","R","$","?","T","M","R","E","?","?","R","BOSS","M","M","?","?","M","R","M","R","T","R","?","R","?","M","R","BOSS","M","$","?","$","M","R","E","M","T","R","M","M","R","E","R","BOSS"],"build_version":"2018-09-06","purchased_purges":2,"victory":true,"max_hp_per_floor":[75,75,75,75,75,75,75,80,80,80,80,80,80,80,80,80,80,80,80,56,56,56,56,56,56,56,56,56,56,56,56,56,56,56,56,56,56,56,56,56,56,56,56,56,56,56,56,56,56,56],"card_choices":[{"not_picked":["Hologram","Rebound"],"picked":"Cold Snap","floor":1},{"not_picked":["Reprogram","Steam"],"picked":"Compile Driver","floor":2},{"not_picked":["Hologram","Capacitor"],"picked":"Loop","floor":4},{"not_picked":["Hologram","Reinforced Body"],"picked":"Coolheaded","floor":4},{"not_picked":["Sunder","Leap"],"picked":"Defragment","floor":5},{"not_picked":["Aggregate","Defragment"],"picked":"Undo","floor":5},{"not_picked":["Barrage","Compile Driver"],"picked":"Coolheaded","floor":10},{"not_picked":["Doom and Gloom","Thunder Strike"],"picked":"Undo","floor":10},{"not_picked":["Turbo","Sweeping Beam","Stack"],"picked":"SKIP","floor":12},{"not_picked":["Meteor Strike","Hyperbeam"],"picked":"Reboot","floor":16},{"not_picked":["Capacitor","Turbo"],"picked":"Ball Lightning","floor":18},{"not_picked":["Turbo","Leap","Undo"],"picked":"SKIP","floor":18},{"not_picked":["Steam Power+1","Undo"],"picked":"Defragment","floor":19},{"not_picked":["Turbo","Sunder"],"picked":"Blizzard+1","floor":19},{"not_picked":["Compile Driver","Doom and Gloom"],"picked":"Beam Cell","floor":22},{"not_picked":["Streamline","All For One","Coolheaded+1"],"picked":"SKIP","floor":22},{"not_picked":["Lockon+1","Hologram+1"],"picked":"Steam","floor":24},{"not_picked":["Streamline","Storm"],"picked":"Glacier","floor":24},{"not_picked":["Stack","Storm","Doom and Gloom+1"],"picked":"SKIP","floor":31},{"not_picked":["Consume","Redo","Cold Snap"],"picked":"SKIP","floor":31},{"not_picked":["Thunder Strike","Meteor Strike"],"picked":"Electrodynamics","floor":33},{"not_picked":["Reinforced Body","Leap","Gash"],"picked":"SKIP","floor":35},{"not_picked":["Undo+1","Turbo","Cold Snap+1"],"picked":"SKIP","floor":35},{"not_picked":["Fission","Sweeping Beam"],"picked":"Conserve Battery","floor":39},{"not_picked":["Force Field","Steam+1","Recycle"],"picked":"SKIP","floor":39},{"not_picked":["Force Field","Recycle"],"picked":"Steam+1","floor":39},{"not_picked":["Go for the Eyes","Streamline+1"],"picked":"Capacitor","floor":41},{"not_picked":["Recycle+1","Genetic Algorithm+1"],"picked":"Creative AI","floor":42},{"not_picked":["Streamline","Sweeping Beam","Cold Snap+1"],"picked":"SKIP","floor":42},{"not_picked":["Streamline","Sweeping Beam"],"picked":"Ball Lightning+1","floor":45},{"not_picked":["Scrape","Reprogram","Storm"],"picked":"SKIP","floor":45},{"not_picked":["Lockon","Ball Lightning+1"],"picked":"BootSequence+1","floor":46},{"not_picked":["Compile Driver","Glacier+1","Steam Power"],"picked":"SKIP","floor":46},{"not_picked":["Coolheaded","Streamline+1","Melter+1"],"picked":"SKIP","floor":48}],"player_experience":350387,"relics_obtained":[{"floor":9,"key":"Unceasing Top"},{"floor":12,"key":"Ornamental Fan"},{"floor":26,"key":"Mercury Hourglass"},{"floor":28,"key":"Happy Flower"},{"floor":41,"key":"Anchor"},{"floor":43,"key":"Shuriken"},{"floor":48,"key":"Regal Pillow"}],"event_choices":[{"event_name":"Scrap Ooze","player_choice":"success","floor":3,"damage_taken":3},{"event_name":"Big Fish","player_choice":"Donut","floor":8,"damage_taken":0},{"event_name":"World of Goop","player_choice":"Gather Gold","floor":13,"damage_taken":0},{"event_name":"Vampires","player_choice":"Became a vampire","floor":20,"damage_taken":0},{"event_name":"Transmorgrifier","player_choice":"Transform","floor":21,"damage_taken":0},{"event_name":"Wheel of Change","player_choice":"Gold","floor":30,"damage_taken":0},{"event_name":"Tomb of Lord Red Mask","player_choice":"Ignored","floor":37,"damage_taken":0}],"is_beta":false,"boss_relics":[{"not_picked":["Runic Pyramid","Runic Dome"],"picked":"Philosopher\u0027s Stone"},{"not_picked":["Orrery","Tiny House"],"picked":"Coffee Dripper"}],"items_purged_floors":[14,38],"is_endless":false,"potions_floor_spawned":[1,12,18,19,33,35,41,45,46],"ascension_level":5}