{"gold_per_floor":[110,126,136,211,161,161,191,191,191,191,206,224,243,6,6,130,130,151,151,250,27,75,75,96,96,96,114,133,133,133,8,8,127,127,140,140,140,158,181,226,238,270,282,49,49,73,96,96],"floor_reached":48,"playtime":897,"items_purged":["Strike_R","Strike_R","Strike_R"],"score":510,"play_id":"3daf648d-bd9f-494d-8dd8-e1f97e9c5679","local_time":"20190329125337","is_ascension_mode":false,"campfire_choices":[{"data":"Bludgeon","floor":6.0,"key":"SMITH"},{"data":"Bash","floor":10.0,"key":"SMITH"},{"data":"Demon Form","floor":15.0,"key":"SMITH"},{"data":"Double Tap","floor":23.0,"key":"SMITH"},{"data":"Battle Trance","floor":25.0,"key":"SMITH"},{"data":"Shrug It Off","floor":32.0,"key":"SMITH"},{"data":"Cleave","floor":41.0,"key":"SMITH"}],"neow_cost":"TEN_PERCENT_HP_LOSS","seed_source_timestamp":323422137767,"circlet_count":0,"master_deck":["Strike_R","Defend_R","Defend_R","Defend_R","Defend_R","Bash+1","Cleave+1","Bludgeon+1","Injury","Battle Trance+1","Uppercut+1","Demon Form+1","Double Tap+1","Twin Strike+1","Heavy Blade+1","Whirlwind+1","Shrug It Off+1","Heavy Blade+1","Headbutt+1","Iron Wave+1","Writhe","Corruption+1","Twin Strike+1","Iron Wave+1","Flex+1"],"special_seed":0,"relics":["Burning Blood","Du-Vu Doll","Pear","Golden Idol","Molten Egg 2","Runic Dome","Orichalcum","StoneCalendar","Mango","Philosopher\u0027s Stone","MawBank","Gremlin Horn","Dodecahedron","Blue Candle"],"potions_floor_usage":[48],"damage_taken":[{"damage":1.0,"enemies":"Jaw Worm","floor":1.0,"turns":5.0},{"damage":0.0,"enemies":"Small Slimes","floor":2.0,"turns":2.0},{"damage":7.0,"enemies":"2 Louse","floor":3.0,"turns":3.0},{"damage":9.0,"enemies":"3 Sentries","floor":7.0,"turns":6.0},{"damage":9.0,"enemies":"2 Fungi Beasts","floor":11.0,"turns":3.0},{"damage":1.0,"enemies":"Exordium Wildlife","floor":12.0,"turns":3.0},{"damage":7.0,"enemies":"Blue Slaver","floor":13.0,"turns":2.0},{"damage":11.0,"enemies":"Slime Boss","floor":16.0,"turns":6.0},{"damage":0.0,"enemies":"Spheric Guardian","floor":18.0,"turns":2.0},{"damage":5.0,"enemies":"Chosen","floor":24.0,"turns":3.0},{"damage":2.0,"enemies":"Sentry and Sphere","floor":27.0,"turns":3.0},{"damage":2.0,"enemies":"Cultist and Chosen","floor":28.0,"turns":3.0},{"damage":66.0,"enemies":"Collector","floor":33.0,"turns":8.0},{"damage":29.0,"enemies":"3 Darklings","floor":35.0,"turns":3.0},{"damage":6.0,"enemies":"Orb Walker","floor":38.0,"turns":2.0},{"damage":28.0,"enemies":"Giant Head","floor":40.0,"turns":6.0},{"damage":38.0,"enemies":"Writhing Mass","floor":42.0,"turns":3.0},{"damage":20,"enemies":"Spire Growth","floor":46,"turns":3},{"damage":37,"enemies":"Maw","floor":47,"turns":6},{"damage":11,"enemies":"3 Darklings","floor":48,"turns":3}],"seed_played":"-124842765554764469","potions_obtained":[{"floor":1.0,"key":"SpeedPotion"},{"floor":11.0,"key":"Energy Potion"},{"floor":13.0,"key":"Block Potion"},{"floor":16.0,"key":"FearPotion"},{"floor":18.0,"key":"SkillPotion"},{"floor":28.0,"key":"Swift Potion"},{"floor":35.0,"key":"AttackPotion"},{"floor":46,"key":"PowerPotion"}],"is_trial":false,"path_per_floor":["M","M","M","?","?","R","E","?","T","R","M","M","M","$","R","B",null,"M","?","?","$","T","R","M","R","T","M","M","?","T","$","R","B",null,"M","?","?","M","T","E","R","M","T","$","$","M","M","M"],"character_chosen":"IRONCLAD","items_purchased":["Demon Form","Whirlwind+1","Shrug It Off","Blue Candle"],"campfire_rested":0,"item_purchase_floors":[14,21,21,44],"current_hp_per_floor":[72,72,71,60,60,60,67,67,67,67,64,69,68,68,68,63,82,82,82,82,82,82,82,82,82,82,82,82,82,96,96,96,36,96,73,96,106,106,106,84,84,52,52,52,52,38,7,0],"gold":96,"neow_bonus":"ONE_RARE_RELIC","is_prod":false,"is_daily":false,"chose_seed":false,"campfire_upgraded":7,"win_rate":0,"timestamp":1553885617,"path_taken":["M","M","M","?","?","R","E","?","T","R","M","M","M","$","R","BOSS","M","?","?","$","?","R","M","R","T","M","?","?","?","$","R","BOSS","M","?","?","?","?","E","R","M","T","$","?","?","M","M"],"build_version":"2019-01-23","purchased_purges":3,"victory":false,"max_hp_per_floor":[72,72,72,72,72,72,82,82,82,82,82,82,82,82,82,82,82,82,82,82,82,82,82,82,82,82,82,82,82,96,96,96,96,96,96,96,106,106,106,106,106,106,106,106,106,106,106,106],"card_choices":[{"not_picked":["Flex","Thunderclap"],"picked":"Cleave","floor":1.0},{"not_picked":["Sentinel","Burning Pact","Wild Strike"],"picked":"SKIP","floor":2.0},{"not_picked":["Warcry","Thunderclap"],"picked":"Bludgeon","floor":3.0},{"not_picked":["Juggernaut","Ghostly Armor","Havoc"],"picked":"SKIP","floor":7.0},{"not_picked":["Anger+1","Intimidate"],"picked":"Battle Trance","floor":11.0},{"not_picked":["Thunderclap+1","Body Slam+1"],"picked":"Uppercut+1","floor":12.0},{"not_picked":["Clash+1","Flex","Havoc"],"picked":"SKIP","floor":13.0},{"not_picked":["Barricade","Exhume"],"picked":"Double Tap","floor":16.0},{"not_picked":["Blood for Blood+1","Ghostly Armor+1"],"picked":"Twin Strike+1","floor":18.0},{"not_picked":["Intimidate+1","Twin Strike+1"],"picked":"Heavy Blade+1","floor":24.0},{"not_picked":["Havoc","Heavy Blade+1"],"picked":"Headbutt+1","floor":27.0},{"not_picked":["Perfected Strike+1","Thunderclap+1"],"picked":"Iron Wave+1","floor":28.0},{"not_picked":["Juggernaut","Impervious"],"picked":"Demon Form","floor":33.0},{"not_picked":["Seeing Red+1","Pommel Strike+1","Carnage+1"],"picked":"SKIP","floor":35.0},{"not_picked":["Combust+1","Wild Strike+1"],"picked":"Corruption+1","floor":38.0},{"not_picked":["Cleave+1","Warcry","Thunderclap+1"],"picked":"SKIP","floor":40.0},{"not_picked":["Impervious","Flex+1"],"picked":"Twin Strike+1","floor":42.0},{"not_picked":["Pummel+1","Flex"],"picked":"Iron Wave+1","floor":46},{"not_picked":["Warcry+1","Body Slam+1"],"picked":"Flex+1","floor":47}],"player_experience":1139644,"relics_obtained":[{"floor":7.0,"key":"Pear"},{"floor":9.0,"key":"Molten Egg 2"},{"floor":22.0,"key":"Orichalcum"},{"floor":26.0,"key":"StoneCalendar"},{"floor":30.0,"key":"Mango"},{"floor":39.0,"key":"MawBank"},{"floor":40.0,"key":"Gremlin Horn"},{"floor":43.0,"key":"Dodecahedron"}],"event_choices":[{"damage_healed":0.0,"max_hp_gain":0.0,"max_hp_loss":0.0,"gold_gain":75.0,"event_name":"World of Goop","player_choice":"Gather Gold","floor":4.0,"gold_loss":0.0,"damage_taken":11.0},{"cards_removed":["Strike_R"],"damage_healed":0.0,"max_hp_gain":0.0,"max_hp_loss":0.0,"gold_gain":0.0,"event_name":"The Cleric","player_choice":"Card Removal","floor":5.0,"gold_loss":50.0,"damage_taken":0.0},{"damage_healed":0.0,"max_hp_gain":0.0,"max_hp_loss":0.0,"gold_gain":0.0,"event_name":"Golden Idol","player_choice":"Take Wound","floor":8.0,"gold_loss":0.0,"damage_taken":0.0,"relics_obtained":["Golden Idol"],"cards_obtained":["Injury"]},{"damage_healed":0.0,"max_hp_gain":0.0,"max_hp_loss":0.0,"gold_gain":0.0,"event_name":"The Library","player_choice":"Read","floor":19.0,"gold_loss":0.0,"damage_taken":0.0,"cards_obtained":["Heavy Blade"]},{"damage_healed":0.0,"max_hp_gain":0.0,"max_hp_loss":0.0,"gold_gain":99.0,"event_name":"Nest","player_choice":"Stole From Cult","floor":20.0,"gold_loss":0.0,"damage_taken":0.0},{"damage_healed":0.0,"max_hp_gain":0.0,"max_hp_loss":0.0,"gold_gain":0.0,"event_name":"Ghosts","player_choice":"Ignored","floor":29.0,"gold_loss":0.0,"damage_taken":0.0},{"damage_healed":24.0,"max_hp_gain":0.0,"max_hp_loss":0.0,"gold_gain":0.0,"event_name":"Winding Halls","player_choice":"Writhe","floor":36.0,"gold_loss":0.0,"damage_taken":0.0,"cards_obtained":["Writhe"]},{"cards_removed":["Demon Form"],"damage_healed":0.0,"max_hp_gain":10.0,"max_hp_loss":0.0,"gold_gain":0.0,"event_name":"Bonfire Elementals","player_choice":"Offered Rare","floor":37.0,"gold_loss":0.0,"damage_taken":0.0}],"is_beta":false,"boss_relics":[{"not_picked":["Black Blood","White Beast Statue"],"picked":"Runic Dome"},{"not_picked":["Calling Bell","Pandora\u0027s Box"],"picked":"Philosopher\u0027s Stone"}],"items_purged_floors":[14,21,31],"is_endless":false,"potions_floor_spawned":[1,11,13,16,18,24,28,35,46],"killed_by":"3 Darklings","ascension_level":0}