{"gold_per_floor":[118,118,130,150,10,10,20,46,127,139,139,171,184,203,203,203],"floor_reached":16,"playtime":760,"items_purged":[],"score":228,"play_id":"c85353b4-5148-450e-9f71-e00e935ccc22","local_time":"20190325224041","is_ascension_mode":true,"campfire_choices":[{"data":"Bash","floor":6.0,"key":"SMITH"},{"floor":11.0,"key":"REST"},{"data":"True Grit","floor":15,"key":"SMITH"}],"neow_cost":"TEN_PERCENT_HP_LOSS","seed_source_timestamp":95300793106421,"circlet_count":0,"master_deck":["AscendersBane","Strike_R","Strike_R","Strike_R","Strike_R","Defend_R","Defend_R","Defend_R","Defend_R","Bash+1","Shrug It Off","Twin Strike","True Grit+1","Rampage","Whirlwind","Immolate","Inflame","Spot Weakness","Clothesline+1","Reaper+1"],"special_seed":0,"relics":["Burning Blood","Turnip","Girya","Molten Egg 2","Art of War"],"potions_floor_usage":[16],"damage_taken":[{"damage":5.0,"enemies":"Small Slimes","floor":1.0,"turns":5.0},{"damage":2.0,"enemies":"2 Louse","floor":3.0,"turns":4.0},{"damage":6.0,"enemies":"Cultist","floor":4.0,"turns":3.0},{"damage":15.0,"enemies":"Lots of Slimes","floor":7.0,"turns":5.0},{"damage":32.0,"enemies":"Gremlin Nob","floor":8.0,"turns":4.0},{"damage":9.0,"enemies":"Blue Slaver","floor":10.0,"turns":3.0},{"damage":28.0,"enemies":"Lagavulin","floor":12.0,"turns":4.0},{"damage":14.0,"enemies":"Large Slime","floor":13.0,"turns":5.0},{"damage":3.0,"enemies":"2 Fungi Beasts","floor":14.0,"turns":4.0},{"damage":35,"enemies":"Hexaghost","floor":16,"turns":9}],"seed_played":"3069416477233200021","potions_obtained":[{"floor":3.0,"key":"SneckoOil"},{"floor":4.0,"key":"BloodPotion"},{"floor":8.0,"key":"AttackPotion"},{"floor":13.0,"key":"FairyPotion"},{"floor":14.0,"key":"AttackPotion"}],"is_trial":false,"path_per_floor":["M","?","M","M","$","R","M","E","T","M","R","E","M","M","R","B"],"character_chosen":"IRONCLAD","items_purchased":["Rampage","SteroidPotion"],"campfire_rested":1,"item_purchase_floors":[5,5],"current_hp_per_floor":[68,61,65,65,65,65,56,36,36,33,53,31,23,26,26,0],"gold":203,"neow_bonus":"ONE_RARE_RELIC","is_prod":false,"is_daily":false,"chose_seed":false,"campfire_upgraded":2,"win_rate":0,"timestamp":1553546441,"path_taken":["M","?","M","M","$","R","M","E","T","M","R","E","M","M","R","BOSS"],"build_version":"2019-01-23","purchased_purges":0,"victory":false,"max_hp_per_floor":[68,68,68,68,68,68,68,68,68,68,68,68,68,68,68,68],"card_choices":[{"not_picked":["Body Slam","Flex"],"picked":"Shrug It Off","floor":1.0},{"not_picked":["Blood for Blood","True Grit"],"picked":"Twin Strike","floor":3.0},{"not_picked":["Rupture","Pummel"],"picked":"True Grit","floor":4.0},{"not_picked":["Headbutt","Reckless Charge"],"picked":"Whirlwind","floor":7.0},{"not_picked":["Seeing Red","Clothesline"],"picked":"Immolate","floor":8.0},{"not_picked":["Body Slam+1","Headbutt+1"],"picked":"Inflame","floor":10.0},{"not_picked":["Sword Boomerang+1","Rupture"],"picked":"Spot Weakness","floor":12.0},{"not_picked":["Warcry","Flex"],"picked":"Clothesline+1","floor":13.0},{"not_picked":["Anger+1","Flex"],"picked":"Reaper+1","floor":14.0}],"player_experience":1606040,"relics_obtained":[{"floor":8.0,"key":"Girya"},{"floor":9.0,"key":"Molten Egg 2"},{"floor":12.0,"key":"Art of War"}],"event_choices":[{"cards_removed":["Strike_R"],"damage_healed":0.0,"max_hp_gain":0.0,"max_hp_loss":0.0,"gold_gain":0.0,"event_name":"Golden Wing","player_choice":"Card Removal","floor":2.0,"gold_loss":0.0,"damage_taken":7.0}],"is_beta":false,"boss_relics":[],"items_purged_floors":[],"is_endless":false,"potions_floor_spawned":[3,4,8,13,14],"killed_by":"Hexaghost","ascension_level":20}