{"gold_per_floor":[115,40,56,56,231,231,246,281,306,339,339,353,365,16,16,16],"floor_reached":16,"playtime":852,"items_purged":["Parasite","Doubt"],"score":121,"play_id":"ba48e1c2-d2d7-4451-89a5-bafb74f4e371","local_time":"20190330142824","is_ascension_mode":true,"campfire_choices":[{"data":"Zap","floor":6,"key":"SMITH"},{"floor":15,"key":"REST"}],"neow_cost":"CURSE","seed_source_timestamp":9756520386900,"circlet_count":0,"master_deck":["Strike_B","Strike_B","Strike_B","Defend_B","Defend_B","Defend_B","Defend_B","Zap+1","Dualcast","Gash","Sweeping Beam","Sunder","Turbo","Leap","Lockon"],"relics":["Cracked Core","Dead Branch","Omamori","Boot","Gambling Chip","Gremlin Horn"],"potions_floor_usage":[16],"damage_taken":[{"damage":1,"enemies":"Cultist","floor":1,"turns":3},{"damage":7,"enemies":"Small Slimes","floor":3,"turns":3},{"damage":3,"enemies":"Jaw Worm","floor":7,"turns":4},{"damage":29,"enemies":"3 Sentries","floor":8,"turns":8},{"damage":24,"enemies":"Gremlin Nob","floor":10,"turns":4},{"damage":6,"enemies":"Looter","floor":12,"turns":3},{"damage":8,"enemies":"Blue Slaver","floor":13,"turns":3},{"damage":28,"enemies":"The Guardian","floor":16,"turns":8}],"seed_played":"6209907629612099604","potions_obtained":[{"floor":1,"key":"Dexterity Potion"},{"floor":8,"key":"Ancient Potion"},{"floor":10,"key":"Energy Potion"},{"floor":13,"key":"PowerPotion"}],"is_trial":false,"path_per_floor":["M","$","M","?","?","R","M","E","T","E","?","M","M","$","R","B"],"character_chosen":"DEFECT","items_purchased":["Gremlin Horn"],"campfire_rested":1,"item_purchase_floors":[14],"current_hp_per_floor":[74,72,65,58,58,58,55,26,26,2,20,14,6,6,27,0],"gold":16,"neow_bonus":"ONE_RARE_RELIC","is_prod":false,"is_daily":false,"chose_seed":false,"campfire_upgraded":1,"win_rate":0,"timestamp":1553952504,"path_taken":["M","$","?","?","?","R","M","E","T","E","?","M","M","?","R","BOSS"],"build_version":"2019-01-23","purchased_purges":2,"victory":false,"max_hp_per_floor":[75,72,72,72,72,72,72,72,72,72,72,72,72,72,72,72],"card_choices":[{"not_picked":["Stack","BootSequence"],"picked":"Gash","floor":1},{"not_picked":["Lockon","Streamline"],"picked":"Sweeping Beam","floor":3},{"not_picked":["Beam Cell","Redo"],"picked":"Sunder","floor":7},{"not_picked":["Conserve Battery","Redo"],"picked":"Turbo","floor":8},{"not_picked":["Sweeping Beam","Barrage","Storm"],"picked":"SKIP","floor":10},{"not_picked":["Hello World","Conserve Battery"],"picked":"Leap","floor":12},{"not_picked":["Sweeping Beam","Consume"],"picked":"Lockon","floor":13}],"player_experience":144188,"relics_obtained":[{"floor":8,"key":"Omamori"},{"floor":9,"key":"Boot"},{"floor":10,"key":"Gambling Chip"}],"event_choices":[{"cards_removed":["Strike_B"],"damage_healed":0,"gold_gain":0,"player_choice":"Card Removal","damage_taken":7,"max_hp_gain":0,"max_hp_loss":0,"event_name":"Golden Wing","floor":4,"gold_loss":0},{"damage_healed":0,"gold_gain":175,"player_choice":"AGREE","damage_taken":0,"max_hp_gain":0,"max_hp_loss":0,"event_name":"Liars Game","floor":5,"gold_loss":0,"cards_obtained":["Doubt"]},{"damage_healed":18,"gold_gain":0,"player_choice":"Healed and dodged fight","damage_taken":0,"max_hp_gain":0,"max_hp_loss":0,"event_name":"Mushrooms","floor":11,"gold_loss":0,"cards_obtained":["Parasite"]}],"is_beta":false,"boss_relics":[],"items_purged_floors":[2,14],"is_endless":false,"potions_floor_spawned":[1,8,10,13],"killed_by":"The Guardian","ascension_level":2}