{"path_per_floor":["M","?","M","?","M","R","E","M","T","M","E","M","M","$","R","B",null,"M","$","?","?","M","R"],"character_chosen":"IRONCLAD","items_purchased":["War Paint","Inflame","Blind","Armaments","Madness"],"gold_per_floor":[115,115,138,138,159,159,200,215,238,263,299,312,335,51,51,177,215,238,14,44,44,68,68],"floor_reached":24,"campfire_rested":1,"playtime":1500,"current_hp_per_floor":[80,60,65,65,71,71,40,37,37,36,24,20,25,25,49,9,85,80,80,80,80,75,75],"items_purged":["Strike_R"],"gold":68,"score":239,"play_id":"60362932-94ba-4573-ab88-ce66a761864e","local_time":"20180308121105","is_prod":false,"is_daily":false,"is_ascension_mode":true,"campfire_upgraded":2,"timestamp":1520511065,"path_taken":["M","?","M","?","?","R","E","M","T","M","E","M","M","$","R","BOSS","M","$","?","?","M","R","M"],"build_version":"2018-03-01-PROD1","purchased_purges":1,"victory":false,"master_deck":["Strike_R","Strike_R","Strike_R","Defend_R","Defend_R","Defend_R","Defend_R+1","Bash+1","Seeing Red+1","Perfected Strike","Ghostly Armor+1","Armaments+1","Battle Trance","Iron Wave","Seeing Red","Body Slam","Inflame+1","Blind","Limit Break","Armaments","Flex","Armaments","Madness","Shrug It Off"],"max_hp_per_floor":[80,80,80,80,80,80,80,80,80,80,80,80,80,80,80,80,85,85,85,85,85,85,85],"relics":["Burning Blood","Golden Idol","Frozen Egg 2","Blood Vial","Paper Frog","War Paint","Tiny House","Tiny Chest"],"card_choices":[{"not_picked":["Body Slam","Perfected Strike"],"picked":"Seeing Red"},{"not_picked":["Clothesline","Brutality"],"picked":"Perfected Strike"},{"not_picked":["Rage","Warcry"],"picked":"Ghostly Armor"},{"not_picked":["Anger","Sever Soul"],"picked":"Armaments"},{"not_picked":["Iron Wave","Headbutt"],"picked":"Battle Trance"},{"not_picked":["Clash","Reaper"],"picked":"Iron Wave"},{"not_picked":["Sword Boomerang","Second Wind"],"picked":"Seeing Red"},{"not_picked":["Twin Strike","Bloodletting"],"picked":"Body Slam"},{"not_picked":["Exhume","Double Tap"],"picked":"Limit Break"},{"not_picked":["Headbutt","Dropkick"],"picked":"Armaments"},{"not_picked":["Wild Strike","Sentinel"],"picked":"Flex"},{"not_picked":["Clothesline","Iron Wave"],"picked":"Shrug It Off"}],"player_experience":167483,"potions_floor_usage":[11,16,16,18,24],"damage_taken":[{"damage":4,"enemies":"Small Slimes","floor":1,"turns":4},{"damage":1,"enemies":"Cultist","floor":3,"turns":4},{"damage":0,"enemies":"2 Louse","floor":5,"turns":2},{"damage":37,"enemies":"3 Sentries","floor":7,"turns":10},{"damage":9,"enemies":"Red Slaver","floor":8,"turns":2},{"damage":9,"enemies":"3 Louse","floor":10,"turns":4},{"damage":20,"enemies":"Gremlin Nob","floor":11,"turns":4},{"damage":12,"enemies":"Lots of Slimes","floor":12,"turns":6},{"damage":3,"enemies":"Blue Slaver","floor":13,"turns":3},{"damage":48,"enemies":"Hexaghost","floor":16,"turns":12},{"damage":11,"enemies":"3 Byrds","floor":18,"turns":8},{"damage":13,"enemies":"Shell Parasite","floor":22,"turns":6},{"damage":78,"enemies":"3 Cultists","floor":24,"turns":8}],"event_choices":[{"event_name":"Golden Idol","player_choice":"Take Damage","floor":2,"damage_taken":0},{"event_name":"Wheel of Change","player_choice":"Card Removal","floor":4,"damage_taken":0},{"event_name":"The Mausoleum","player_choice":"Yes","floor":20,"damage_taken":0},{"event_name":"Drug Dealer","player_choice":"Ignored","floor":21,"damage_taken":0}],"boss_relics":[{"not_picked":["Calling Bell","Lizard Tail"],"picked":"Tiny House"}],"potions_floor_spawned":[3,5,10,12,16,18,22],"seed_played":"-6253398267749910287","killed_by":"3 Cultists","ascension_level":3,"is_trial":false}