{"gold_per_floor":[216,227,227,227,177,202,216,216,216,235,251,271,28,51,51,182,182,195,135],"floor_reached":19,"playtime":669,"items_purged":[],"score":236,"play_id":"bdd0ce09-7450-425b-b5f9-510c3af20b46","local_time":"20180927180527","is_ascension_mode":true,"campfire_choices":[{"data":"Sweeping Beam","floor":8,"key":"SMITH"},{"data":"Defragment","floor":15,"key":"SMITH"}],"neow_cost":"NONE","seed_source_timestamp":239860378237049,"circlet_count":0,"master_deck":["Strike_B","Strike_B","Strike_B","Defend_B","Defend_B","Defend_B","Defend_B","Zap","Dualcast+1","Sweeping Beam+1","Gash","FTL","Steam","Defragment+1","Defragment","Chaos","Creative AI","Coolheaded"],"relics":["Cracked Core","Golden Idol","Dead Branch","Kunai","Inserter"],"potions_floor_usage":[16,16],"damage_taken":[{"damage":2,"enemies":"2 Louse","floor":1,"turns":2},{"damage":2,"enemies":"Jaw Worm","floor":2,"turns":3},{"damage":0,"enemies":"Small Slimes","floor":6,"turns":2},{"damage":13,"enemies":"Exordium Thugs","floor":7,"turns":3},{"damage":1,"enemies":"Looter","floor":10,"turns":2},{"damage":5,"enemies":"Blue Slaver","floor":11,"turns":4},{"damage":1,"enemies":"Exordium Wildlife","floor":12,"turns":3},{"damage":5,"enemies":"Exordium Thugs","floor":14,"turns":5},{"damage":25,"enemies":"The Guardian","floor":16,"turns":9},{"damage":40,"enemies":"Chosen","floor":18,"turns":6},{"damage":19,"enemies":"2 Thieves","floor":19,"turns":2}],"seed_played":"6426207298133209294","potions_obtained":[{"floor":1,"key":"LiquidBronze"},{"floor":2,"key":"AttackPotion"},{"floor":7,"key":"SteroidPotion"},{"floor":12,"key":"Block Potion"},{"floor":16,"key":"Ancient Potion"}],"is_trial":false,"path_per_floor":["M","M","?","?","?","M","M","R","T","M","M","M","$","M","R","B",null,"M"],"character_chosen":"DEFECT","items_purchased":["Kunai"],"campfire_rested":0,"item_purchase_floors":[13],"current_hp_per_floor":[66,64,64,64,64,64,51,51,51,50,45,44,44,39,39,14,55,15,0],"gold":135,"neow_bonus":"HUNDRED_GOLD","is_prod":false,"is_daily":false,"chose_seed":false,"campfire_upgraded":2,"win_rate":0,"timestamp":1538067927,"path_taken":["M","M","?","?","?","M","M","R","T","?","M","M","$","M","R","BOSS","M","M"],"build_version":"2018-09-20","purchased_purges":0,"victory":false,"max_hp_per_floor":[75,75,75,69,69,69,69,69,69,69,69,69,69,69,69,69,69,69,69],"card_choices":[{"not_picked":["Streamline","Turbo"],"picked":"Sweeping Beam","floor":1},{"not_picked":["Storm","Compile Driver"],"picked":"Gash","floor":2},{"not_picked":["Streamline","Gash","Barrage"],"picked":"SKIP","floor":6},{"not_picked":["Cold Snap","Hologram"],"picked":"FTL","floor":7},{"not_picked":["Reboot","Turbo"],"picked":"Steam","floor":10},{"not_picked":["Sweeping Beam","Genetic Algorithm"],"picked":"Defragment","floor":11},{"not_picked":["Streamline","Barrage"],"picked":"Defragment","floor":12},{"not_picked":["Aggregate","Barrage"],"picked":"Chaos","floor":14},{"not_picked":["Reboot","Hyperbeam"],"picked":"Creative AI","floor":16},{"not_picked":["Hologram","Barrage"],"picked":"Coolheaded","floor":18}],"player_experience":426232,"relics_obtained":[{"floor":9,"key":"Dead Branch"}],"event_choices":[{"event_name":"Living Wall","player_choice":"Grow","floor":3,"damage_taken":0},{"event_name":"Golden Idol","player_choice":"Lose Max HP","floor":4,"damage_taken":0},{"event_name":"The Cleric","player_choice":"Card Removal","floor":5,"damage_taken":0}],"is_beta":false,"boss_relics":[{"not_picked":["Eternal Feather","Orrery"],"picked":"Inserter"}],"items_purged_floors":[],"is_endless":false,"potions_floor_spawned":[1,2,7,12,14,16],"killed_by":"2 Thieves","ascension_level":9}