{"gold_per_floor":[118,118,137,137,148,204,204,169,220,230,265,265,291,71,71,149,149,168,168,180,180,99,0,0,28,74,74,24,35,35,35,35,112,112,125,125,125,139,157,168,168,185,185,200,215,23,41,51,51,51,51,51,1,29,29],"floor_reached":55,"playtime":3931,"items_purged":["Strike_R","Strike_R"],"score":1150,"play_id":"cf37f760-982e-4585-8f54-4d16a89e2161","local_time":"20190223174145","is_ascension_mode":true,"campfire_choices":[{"data":"Offering","floor":7.0,"key":"SMITH"},{"data":"Whirlwind","floor":12.0,"key":"SMITH"},{"floor":15.0,"key":"REST"},{"data":"Spot Weakness","floor":24.0,"key":"SMITH"},{"floor":27.0,"key":"REST"},{"floor":32.0,"key":"REST"},{"floor":41.0,"key":"REST"},{"floor":49.0,"key":"RECALL"},{"data":"Bash","floor":52,"key":"SMITH"}],"neow_cost":"NONE","seed_source_timestamp":0,"circlet_count":0,"master_deck":["AscendersBane","Strike_R","Strike_R","Strike_R","Defend_R","Defend_R+1","Defend_R","Defend_R","Bash+1","Anger","Shrug It Off+1","Offering+1","Spot Weakness+1","Whirlwind+1","Double Tap","Offering","Flame Barrier","Reaper","Reaper","Warcry","Feed","Exhume","Parasite","Iron Wave"],"special_seed":0,"relics":["Burning Blood","NeowsBlessing","Tiny Chest","PreservedInsect","Blood Vial","Smiling Mask","Regal Pillow","Mark of Pain","GremlinMask","Gambling Chip","War Paint","Singing Bowl","Busted Crown","Orichalcum","Chemical X","Blue Candle"],"potions_floor_usage":[50,55],"damage_taken":[{"damage":0.0,"enemies":"Cultist","floor":1.0,"turns":1.0},{"damage":0.0,"enemies":"2 Louse","floor":3.0,"turns":1.0},{"damage":0.0,"enemies":"Jaw Worm","floor":5.0,"turns":1.0},{"damage":56.0,"enemies":"Lagavulin","floor":6.0,"turns":8.0},{"damage":3.0,"enemies":"3 Louse","floor":10.0,"turns":3.0},{"damage":24.0,"enemies":"Gremlin Nob","floor":11.0,"turns":3.0},{"damage":6.0,"enemies":"3 Sentries","floor":13.0,"turns":2.0},{"damage":46.0,"enemies":"The Guardian","floor":16.0,"turns":10.0},{"damage":12.0,"enemies":"2 Thieves","floor":18.0,"turns":1.0},{"damage":12.0,"enemies":"Spheric Guardian","floor":20.0,"turns":3.0},{"damage":47.0,"enemies":"Book of Stabbing","floor":25.0,"turns":4.0},{"damage":33.0,"enemies":"Snake Plant","floor":29.0,"turns":3.0},{"damage":89.0,"enemies":"Automaton","floor":33.0,"turns":10.0},{"damage":19.0,"enemies":"3 Darklings","floor":35.0,"turns":3.0},{"damage":48.0,"enemies":"Orb Walker","floor":38.0,"turns":5.0},{"damage":20.0,"enemies":"Writhing Mass","floor":39.0,"turns":5.0},{"damage":12.0,"enemies":"3 Darklings","floor":40.0,"turns":1.0},{"damage":41.0,"enemies":"Spire Growth","floor":42.0,"turns":3.0},{"damage":49.0,"enemies":"Sphere and 2 Shapes","floor":44.0,"turns":4.0},{"damage":60.0,"enemies":"4 Shapes","floor":45.0,"turns":5.0},{"damage":30.0,"enemies":"Jaw Worm Horde","floor":47.0,"turns":2.0},{"damage":40.0,"enemies":"Transient","floor":48.0,"turns":5.0},{"damage":119,"enemies":"Awakened One","floor":50,"turns":9},{"damage":38,"enemies":"Shield and Spear","floor":54,"turns":3},{"damage":101,"enemies":"The Heart","floor":55,"turns":3}],"seed_played":"-1699288817109211705","potions_obtained":[{"floor":3.0,"key":"GamblersBrew"},{"floor":5.0,"key":"Weak Potion"},{"floor":10.0,"key":"BloodPotion"},{"floor":13.0,"key":"SteroidPotion"},{"floor":16.0,"key":"GamblersBrew"},{"floor":18.0,"key":"Fire Potion"},{"floor":29.0,"key":"Dexterity Potion"},{"floor":39.0,"key":"Explosive Potion"},{"floor":40.0,"key":"Explosive Potion"},{"floor":47.0,"key":"Swift Potion"}],"is_trial":false,"path_per_floor":["M","?","M","?","M","E","R","?","T","M","E","R","E","$","R","B",null,"M","?","M","?","$","?","R","E","T","R","$","M","?","T","R","B",null,"M","?","?","M","M","M","R","M","T","M","M","$","M","M","R","B",null,"R","$","E","B"],"character_chosen":"IRONCLAD","items_purchased":["Regal Pillow","Iron Wave","Reaper","Chemical X","FearPotion"],"campfire_rested":4,"item_purchase_floors":[14,14,22,46,53],"current_hp_per_floor":[78,78,80,73,79,29,29,49,49,52,42,42,44,44,80,40,70,66,66,62,62,62,62,62,35,35,74,74,49,49,49,80,17,64,69,69,69,37,33,49,88,73,73,53,98,98,100,91,91,11,79,79,79,65,0],"gold":29,"neow_bonus":"THREE_ENEMY_KILL","is_prod":false,"is_daily":false,"chose_seed":false,"campfire_upgraded":4,"win_rate":0,"timestamp":1550940105,"path_taken":["M","?","?","?","M","E","R","?","T","M","E","R","E","$","R","BOSS","M","?","?","?","$","?","R","E","T","R","$","M","?","?","R","BOSS","M","?","?","M","?","M","R","M","T","M","M","$","M","M","R","BOSS","R","$","E","BOSS"],"build_version":"2019-01-23","purchased_purges":2,"victory":false,"max_hp_per_floor":[80,80,80,80,80,80,80,80,80,80,80,80,80,80,80,80,80,80,80,80,80,80,80,80,80,80,80,80,80,80,80,80,80,80,82,82,82,84,86,88,88,90,90,93,98,98,100,102,102,102,102,102,102,104,104],"card_choices":[{"not_picked":["Havoc","Warcry","Cleave"],"picked":"SKIP","floor":1.0},{"not_picked":["Shockwave","Evolve"],"picked":"Anger","floor":3.0},{"not_picked":["Flex","Pommel Strike"],"picked":"Shrug It Off","floor":5.0},{"not_picked":["Warcry","Sword Boomerang"],"picked":"Offering","floor":6.0},{"not_picked":["Havoc","Wild Strike"],"picked":"Spot Weakness","floor":10.0},{"not_picked":["Corruption","Iron Wave"],"picked":"Whirlwind","floor":11.0},{"not_picked":["Iron Wave","Armaments"],"picked":"Double Tap","floor":13.0},{"not_picked":["Exhume","Double Tap"],"picked":"Offering","floor":16.0},{"not_picked":["Wild Strike+1","Perfected Strike"],"picked":"Flame Barrier","floor":18.0},{"not_picked":["Corruption","Body Slam","Rampage"],"picked":"SKIP","floor":20.0},{"not_picked":["Twin Strike","Brutality"],"picked":"Reaper","floor":25.0},{"not_picked":["Body Slam","Rupture"],"picked":"Warcry","floor":29.0},{"not_picked":["Impervious","Double Tap"],"picked":"Feed","floor":33.0},{"not_picked":["Shockwave"],"picked":"Singing Bowl","floor":35.0},{"not_picked":["Cleave"],"picked":"Singing Bowl","floor":38.0},{"not_picked":["Havoc"],"picked":"Singing Bowl","floor":39.0},{"not_picked":["Carnage+1"],"picked":"Singing Bowl","floor":40.0},{"not_picked":["Combust"],"picked":"Singing Bowl","floor":42.0},{"not_picked":[],"picked":"Iron Wave","floor":44.0},{"not_picked":["Havoc"],"picked":"Singing Bowl","floor":45.0},{"not_picked":["Flex+1"],"picked":"Singing Bowl","floor":47.0},{"not_picked":["Wild Strike+1"],"picked":"Singing Bowl","floor":48.0},{"not_picked":["Burning Pact"],"picked":"Singing Bowl","floor":54}],"player_experience":656677,"relics_obtained":[{"floor":6.0,"key":"Tiny Chest"},{"floor":9.0,"key":"PreservedInsect"},{"floor":11.0,"key":"Blood Vial"},{"floor":13.0,"key":"Smiling Mask"},{"floor":25.0,"key":"Gambling Chip"},{"floor":31.0,"key":"Singing Bowl"},{"floor":43.0,"key":"Orichalcum"},{"floor":54,"key":"Blue Candle"}],"event_choices":[{"damage_healed":0.0,"max_hp_gain":0.0,"max_hp_loss":0.0,"gold_gain":0.0,"event_name":"Match and Keep!","player_choice":"1 cards matched","floor":2.0,"gold_loss":0.0,"damage_taken":0.0,"cards_obtained":["Bash"]},{"cards_removed":["Bash"],"damage_healed":0.0,"max_hp_gain":0.0,"max_hp_loss":0.0,"gold_gain":0.0,"event_name":"Golden Wing","player_choice":"Card Removal","floor":4.0,"gold_loss":0.0,"damage_taken":7.0},{"damage_healed":20.0,"max_hp_gain":0.0,"max_hp_loss":0.0,"gold_gain":0.0,"event_name":"The Cleric","player_choice":"Healed","floor":8.0,"gold_loss":35.0,"damage_taken":0.0},{"damage_healed":0.0,"max_hp_gain":0.0,"max_hp_loss":0.0,"gold_gain":0.0,"event_name":"FaceTrader","player_choice":"Trade","floor":19.0,"gold_loss":0.0,"damage_taken":0.0,"relics_obtained":["GremlinMask"]},{"damage_healed":0.0,"max_hp_gain":0.0,"max_hp_loss":0.0,"gold_gain":0.0,"event_name":"Beggar","player_choice":"Ignored","floor":21.0,"gold_loss":0.0,"damage_taken":0.0},{"damage_healed":0.0,"max_hp_gain":0.0,"max_hp_loss":0.0,"gold_gain":0.0,"event_name":"Masked Bandits","player_choice":"Paid Fearfully","floor":23.0,"gold_loss":99.0,"damage_taken":0.0},{"damage_healed":0.0,"max_hp_gain":0.0,"max_hp_loss":0.0,"gold_gain":0.0,"event_name":"The Mausoleum","player_choice":"Opened","floor":30.0,"gold_loss":0.0,"damage_taken":0.0,"relics_obtained":["War Paint"]},{"cards_removed":["Iron Wave"],"damage_healed":0.0,"max_hp_gain":0.0,"max_hp_loss":0.0,"gold_gain":0.0,"event_name":"Falling","player_choice":"Removed Attack","floor":36.0,"gold_loss":0.0,"damage_taken":0.0},{"damage_healed":0.0,"max_hp_gain":0.0,"max_hp_loss":0.0,"gold_gain":0.0,"event_name":"Match and Keep!","player_choice":"1 cards matched","floor":37.0,"gold_loss":0.0,"damage_taken":0.0,"cards_obtained":["Exhume"]}],"is_beta":false,"boss_relics":[{"not_picked":["Fusion Hammer","Empty Cage"],"picked":"Mark of Pain"},{"not_picked":["Runic Dome","White Beast Statue"],"picked":"Busted Crown"}],"items_purged_floors":[14,28],"is_endless":false,"potions_floor_spawned":[3,5,10,13,16,18,29,39,40,47],"killed_by":"The Heart","ascension_level":13}