{"gold_per_floor":[118,118,133,133,153,153,166,187,187,187,205,205],"floor_reached":12,"playtime":451,"items_purged":[],"score":83,"play_id":"9e76aa84-4714-449d-abf5-834c46aa67b3","local_time":"20180810205551","is_ascension_mode":true,"campfire_choices":[{"data":"Redo","floor":6,"key":"SMITH"}],"neow_cost":"CURSE","seed_source_timestamp":0,"circlet_count":0,"master_deck":["Strike_B","Strike_B","Strike_B","Strike_B","Defend_B","Defend_B","Defend_B","Defend_B","Zap","Dualcast","Injury","Redo+1","Compile Driver","Zap","Conserve Battery"],"special_seed":0,"relics":["Cracked Core","Turnip","Golden Idol","Centennial Puzzle","Potion Belt"],"potions_floor_usage":[11],"damage_taken":[{"damage":7.0,"enemies":"Small Slimes","floor":1.0,"turns":4.0},{"damage":7.0,"enemies":"Jaw Worm","floor":3.0,"turns":3.0},{"damage":1.0,"enemies":"Cultist","floor":5.0,"turns":3.0},{"damage":23,"enemies":"Exordium Wildlife","floor":7,"turns":5},{"damage":6,"enemies":"Exordium Thugs","floor":8,"turns":4},{"damage":4,"enemies":"2 Fungi Beasts","floor":11,"turns":2},{"damage":8,"enemies":"Gremlin Gang","floor":12,"turns":1}],"seed_played":"-5221289196237722577","potions_obtained":[{"floor":1.0,"key":"Explosive Potion"},{"floor":3.0,"key":"Fruit Juice"},{"floor":7,"key":"FearPotion"}],"is_trial":false,"path_per_floor":["M","?","M","?","M","R","M","M","T","?","M"],"character_chosen":"DEFECT","items_purchased":[],"campfire_rested":0,"item_purchase_floors":[],"current_hp_per_floor":[68,50,43,43,47,47,24,18,18,11,7,0],"gold":205,"neow_bonus":"ONE_RARE_RELIC","is_prod":false,"is_daily":false,"chose_seed":false,"campfire_upgraded":1,"win_rate":0,"timestamp":1533930951,"path_taken":["M","?","?","?","M","R","?","M","T","?","M","M"],"build_version":"2018-08-09","purchased_purges":0,"victory":false,"max_hp_per_floor":[75,75,75,75,80,80,80,80,80,80,80,80],"card_choices":[{"not_picked":["Gash","Turbo"],"picked":"Redo","floor":1.0},{"not_picked":["Static Discharge","Rebound","Ball Lightning"],"picked":"SKIP","floor":3.0},{"not_picked":["Sweeping Beam","Rebound","Streamline"],"picked":"SKIP","floor":5.0},{"not_picked":["Sunder","Tempest","Sweeping Beam"],"picked":"SKIP","floor":7},{"not_picked":["Turbo","All For One","Reinforced Body"],"picked":"SKIP","floor":8},{"not_picked":["Streamline","BootSequence"],"picked":"Conserve Battery","floor":11}],"player_experience":250972,"relics_obtained":[{"floor":9,"key":"Centennial Puzzle"}],"event_choices":[{"event_name":"Golden Idol","player_choice":"Take Damage","floor":2.0,"damage_taken":0.0},{"event_name":"Match and Keep!","player_choice":"2 cards matched","floor":4.0,"damage_taken":0.0},{"event_name":"Scrap Ooze","player_choice":"success","floor":10,"damage_taken":7}],"is_beta":false,"boss_relics":[],"items_purged_floors":[],"is_endless":false,"potions_floor_spawned":[1,3,7],"killed_by":"Gremlin Gang","ascension_level":3}