{"gold_per_floor":[10,10,10,27,46,46,77,77,101,101,0,0,11,31,31,110,110,121,135,153,164,2,34,34,34,34,34,68,68,96,96,96,173,173,188,208,260,277,277,277,307,83,128,128,145,155,155,155,155,155,155,155,155,55,88,88],"floor_reached":57,"playtime":4318,"items_purged":["Strike_G","Writhe"],"score":3126,"play_id":"82943ca8-f387-40a0-9243-87ba60aa8569","local_time":"20190330141318","is_ascension_mode":true,"campfire_choices":[{"data":"Noxious Fumes","floor":6,"key":"SMITH"},{"data":"Wraith Form v2","floor":8,"key":"SMITH"},{"data":"Neutralize","floor":10,"key":"SMITH"},{"floor":12,"key":"REST"},{"data":"Footwork","floor":15,"key":"SMITH"},{"data":"Catalyst","floor":27,"key":"SMITH"},{"floor":29,"key":"REST"},{"floor":32,"key":"REST"},{"data":"Wraith Form v2","floor":40,"key":"SMITH"},{"data":"Wraith Form v2","floor":47,"key":"SMITH"},{"floor":49,"key":"RECALL"},{"data":"Well Laid Plans","floor":53,"key":"SMITH"}],"neow_cost":"NO_GOLD","seed_source_timestamp":493283498463322,"circlet_count":0,"master_deck":["AscendersBane","Defend_G","Defend_G","Defend_G","Defend_G","Defend_G","Strike_G","Survivor","Neutralize+1","Footwork+1","Footwork","Noxious Fumes+1","Wraith Form v2+1","Noxious Fumes","Flying Knee","Predator","PiercingWail","Wraith Form v2+1","Dagger Throw+1","Choke+1","Crippling Poison+1","Well Laid Plans+1","Catalyst+1","Skewer","Well Laid Plans","Night Terror","Malaise","Wraith Form v2+1","Calculated Gamble"],"special_seed":0,"relics":["Ring of the Snake","Gambling Chip","Orichalcum","Bag of Preparation","Astrolabe","Bottled Lightning","Question Card","Bronze Scales","Art of War","Strawberry","Philosopher\u0027s Stone","Turnip","Letter Opener","OrangePellets","Frozen Egg 2","Centennial Puzzle"],"potions_floor_usage":[5,7,16,16,23,23,36,36,56],"damage_taken":[{"damage":0.0,"enemies":"2 Louse","floor":1.0,"turns":3.0},{"damage":2,"enemies":"Cultist","floor":4,"turns":5},{"damage":3,"enemies":"Jaw Worm","floor":5,"turns":7},{"damage":35,"enemies":"Gremlin Nob","floor":7,"turns":6},{"damage":5,"enemies":"Exordium Wildlife","floor":13,"turns":4},{"damage":0,"enemies":"Looter","floor":14,"turns":4},{"damage":6,"enemies":"Slime Boss","floor":16,"turns":12},{"damage":1,"enemies":"Chosen","floor":18,"turns":6},{"damage":0,"enemies":"Spheric Guardian","floor":19,"turns":6},{"damage":13,"enemies":"Snake Plant","floor":20,"turns":7},{"damage":1,"enemies":"Chosen and Byrds","floor":21,"turns":6},{"damage":0,"enemies":"Book of Stabbing","floor":23,"turns":7},{"damage":36,"enemies":"Slavers","floor":28,"turns":6},{"damage":17,"enemies":"Book of Stabbing","floor":30,"turns":7},{"damage":0,"enemies":"Automaton","floor":33,"turns":7},{"damage":3,"enemies":"3 Shapes","floor":35,"turns":5},{"damage":5,"enemies":"3 Darklings","floor":36,"turns":5},{"damage":0,"enemies":"2 Orb Walkers","floor":37,"turns":5},{"damage":2,"enemies":"Writhing Mass","floor":38,"turns":4},{"damage":0,"enemies":"Reptomancer","floor":41,"turns":6},{"damage":0,"enemies":"Spire Growth","floor":45,"turns":6},{"damage":0,"enemies":"Transient","floor":46,"turns":3},{"damage":0,"enemies":"Donu and Deca","floor":50,"turns":9},{"damage":0,"enemies":"Time Eater","floor":51,"turns":9},{"damage":3,"enemies":"Shield and Spear","floor":55,"turns":9},{"damage":67,"enemies":"The Heart","floor":56,"turns":12}],"seed_played":"-7669652678870859483","potions_obtained":[{"floor":1.0,"key":"Weak Potion"},{"floor":3.0,"key":"AttackPotion"},{"floor":3.0,"key":"SpeedPotion"},{"floor":7,"key":"SpeedPotion"},{"floor":14,"key":"Fire Potion"},{"floor":16,"key":"SteroidPotion"},{"floor":20,"key":"Regen Potion"},{"floor":21,"key":"Energy Potion"},{"floor":28,"key":"Poison Potion"},{"floor":30,"key":"Poison Potion"},{"floor":37,"key":"Poison Potion"},{"floor":38,"key":"Energy Potion"}],"is_trial":false,"path_per_floor":["M","$","?","M","M","R","E","R","T","R","$","R","M","M","R","B",null,"M","M","M","M","$","E","?","$","T","R","E","R","E","T","R","B",null,"M","M","?","M","?","R","E","$","T","?","M","M","R","T","R","B","B",null,"R","$","E","B",null],"character_chosen":"THE_SILENT","items_purchased":["Noxious Fumes","Flying Knee","Well Laid Plans","OrangePellets"],"campfire_rested":3,"item_purchase_floors":[11,11,22,42],"current_hp_per_floor":[59,59,59,57,54,54,19,19,19,19,19,38,33,33,33,27,56,55,55,42,41,41,56,56,56,56,56,20,39,22,29,50,50,67,64,59,59,57,72,72,72,72,72,72,72,72,72,72,72,72,72,73,73,73,70,3],"gold":88,"neow_bonus":"ONE_RARE_RELIC","is_prod":false,"is_daily":false,"chose_seed":false,"campfire_upgraded":8,"win_rate":0,"timestamp":1553947998,"path_taken":["M","$","?","M","M","R","E","R","T","R","?","R","M","M","R","BOSS","M","?","M","?","$","E","?","?","T","R","E","R","E","?","R","BOSS","M","M","?","M","?","R","E","$","T","?","?","M","R","?","R","BOSS","BOSS","R","$","E","BOSS"],"build_version":"2019-01-23","purchased_purges":2,"victory":true,"max_hp_per_floor":[66,66,66,66,66,66,66,66,66,66,66,66,66,66,66,66,66,66,66,66,66,66,66,66,66,66,66,66,66,66,73,73,73,73,73,73,73,73,73,73,73,73,73,73,73,73,73,73,73,73,73,73,73,73,73,73],"card_choices":[{"not_picked":["Sucker Punch","Infinite Blades"],"picked":"Footwork","floor":1.0},{"not_picked":["Slice","Dodge and Roll"],"picked":"Footwork","floor":4},{"not_picked":["Riddle With Holes","Underhanded Strike"],"picked":"Noxious Fumes","floor":5},{"not_picked":["Underhanded Strike","Sucker Punch"],"picked":"Wraith Form v2","floor":7},{"not_picked":["Infinite Blades","Concentrate"],"picked":"Predator","floor":13},{"not_picked":["Underhanded Strike","Footwork"],"picked":"PiercingWail","floor":14},{"not_picked":["After Image","Phantasmal Killer"],"picked":"Wraith Form v2","floor":16},{"not_picked":["Predator","Skewer"],"picked":"Well Laid Plans","floor":18},{"not_picked":["Prepared","Sucker Punch"],"picked":"Catalyst","floor":19},{"not_picked":["Deflect","Dagger Spray","Outmaneuver+1"],"picked":"SKIP","floor":20},{"not_picked":["Deflect","Dagger Spray","Outmaneuver+1"],"picked":"SKIP","floor":20},{"not_picked":["Flying Knee","Sucker Punch"],"picked":"Skewer","floor":21},{"not_picked":["Dagger Throw","Skewer+1","Expertise+1"],"picked":"SKIP","floor":23},{"not_picked":["Flying Knee","Deadly Poison","Blade Dance","Acrobatics"],"picked":"SKIP","floor":28},{"not_picked":["Slice","Backflip","Backstab"],"picked":"Malaise","floor":30},{"not_picked":["Envenom","Phantasmal Killer","A Thousand Cuts"],"picked":"Wraith Form v2","floor":33},{"not_picked":["Bane","Distraction","Dagger Throw"],"picked":"Calculated Gamble","floor":35},{"not_picked":["Heel Hook+1","Dodge and Roll","Blade Dance","Poisoned Stab+1"],"picked":"SKIP","floor":36},{"not_picked":["Accuracy+1","After Image","Flying Knee","Outmaneuver"],"picked":"SKIP","floor":38},{"not_picked":["Tactician","Deadly Poison","Acrobatics+1","Reflex"],"picked":"SKIP","floor":41},{"not_picked":["Riddle With Holes","Cloak And Dagger","Endless Agony","Flying Knee"],"picked":"SKIP","floor":45},{"not_picked":["PiercingWail","Slice","Glass Knife","Cloak And Dagger"],"picked":"SKIP","floor":46},{"not_picked":["Deflect","Backflip","Storm of Steel","Deadly Poison"],"picked":"SKIP","floor":55}],"player_experience":1628924,"relics_obtained":[{"floor":7,"key":"Orichalcum"},{"floor":9,"key":"Bag of Preparation"},{"floor":23,"key":"Bottled Lightning"},{"floor":26,"key":"Question Card"},{"floor":28,"key":"Bronze Scales"},{"floor":30,"key":"Art of War"},{"floor":31,"key":"Strawberry"},{"floor":37,"key":"Turnip"},{"floor":41,"key":"Letter Opener"},{"floor":48,"key":"Frozen Egg 2"},{"floor":55,"key":"Centennial Puzzle"}],"event_choices":[{"damage_healed":0.0,"max_hp_gain":0.0,"max_hp_loss":0.0,"gold_gain":0.0,"event_name":"Lab","player_choice":"Got Potions","floor":3.0,"gold_loss":0.0,"damage_taken":0.0},{"damage_healed":0,"gold_gain":0,"player_choice":"Read","damage_taken":0,"max_hp_gain":0,"max_hp_loss":0,"event_name":"The Library","floor":24,"gold_loss":0,"cards_obtained":["Night Terror"]},{"damage_healed":0,"gold_gain":0,"player_choice":"Fight","damage_taken":0,"max_hp_gain":0,"max_hp_loss":0,"event_name":"Mysterious Sphere","floor":37,"gold_loss":0},{"damage_healed":15,"gold_gain":0,"player_choice":"Writhe","damage_taken":0,"max_hp_gain":0,"max_hp_loss":0,"event_name":"Winding Halls","floor":39,"gold_loss":0,"cards_obtained":["Writhe"]},{"damage_healed":0,"gold_gain":0,"player_choice":"Leave","damage_taken":0,"max_hp_gain":0,"max_hp_loss":0,"event_name":"FaceTrader","floor":44,"gold_loss":0}],"is_beta":false,"boss_relics":[{"not_picked":["Pandora\u0027s Box","Runic Dome"],"picked":"Astrolabe"},{"not_picked":["Ring of the Serpent","Cursed Key"],"picked":"Philosopher\u0027s Stone"}],"items_purged_floors":[22,54],"is_endless":false,"potions_floor_spawned":[1,7,14,16,20,21,28,30,37,38,41,46,55],"ascension_level":20}