{"path_per_floor":["M","$","?","?","M","E","R","E","T","M","?","M","$","M","R","B",null,"M","?","M","?","M","E","?","R","T","M","R","M","R","?","R","B",null,"M","M","?","M","$","R","$","M","T","E","R","M","R","E","R","B"],"character_chosen":"IRONCLAD","items_purchased":["Gremlin Horn","Flex"],"gold_per_floor":[118,43,43,8,19,54,54,84,108,126,126,145,45,57,57,161,161,179,179,195,120,134,167,167,167,167,183,183,200,200,200,200,299,299,311,327,327,347,38,38,0,18,18,49,49,61,61,89,89,89],"floor_reached":51,"campfire_rested":2,"playtime":1311,"current_hp_per_floor":[71,71,64,80,79,63,63,43,43,49,49,55,55,61,61,7,87,81,65,71,71,49,25,25,51,51,45,45,53,53,53,53,23,89,82,80,80,71,71,71,71,67,67,45,45,43,43,49,78,53],"items_purged":["Defend_R","Strike_R","Bash"],"gold":89,"score":892,"play_id":"1e16da3a-5905-47fa-b196-d1254f30306e","local_time":"20180324161023","is_prod":false,"is_daily":false,"is_ascension_mode":true,"campfire_upgraded":3,"timestamp":1521922223,"path_taken":["M","$","?","?","M","E","R","E","T","M","?","?","$","M","R","BOSS","M","?","M","?","M","E","?","R","T","M","R","M","R","?","R","BOSS","M","M","?","M","$","R","$","M","T","E","R","M","R","E","R","BOSS"],"build_version":"2018-03-22v2","purchased_purges":3,"victory":true,"master_deck":["Strike_R+1","Strike_R+1","Strike_R+1","Cleave+1","Clash","Thunderclap+1","Limit Break+1","Whirlwind+1","Flex+1","Flex+1","Feed"],"max_hp_per_floor":[80,80,80,80,80,87,87,87,87,87,87,87,87,87,87,87,87,87,87,87,87,87,87,87,87,87,87,87,89,89,89,89,89,89,89,91,91,93,93,93,93,95,95,97,97,97,97,97,97,100],"relics":["Burning Blood","Strawberry","Red Skull","Bag of Marbles","Sozu","Nilry\u0027s Codex","Bag of Preparation","Shovel","Singing Bowl","Orichalcum","The Courier","Runic Cube","Gremlin Horn","War Paint","Dodecahedron","Gambling Chip","Blue Candle","Art of War"],"card_choices":[{"not_picked":["Blood for Blood","Heavy Blade"],"picked":"Cleave","floor":1},{"not_picked":["Warcry","Double Tap"],"picked":"Clash","floor":5},{"not_picked":["Intimidate","Warcry"],"picked":"Thunderclap","floor":10},{"not_picked":["Immolate","Reaper"],"picked":"Limit Break","floor":33},{"not_picked":["Anger","Rampage"],"picked":"Whirlwind","floor":35},{"not_picked":["Headbutt","Searing Blow"],"picked":"Flex","floor":46},{"not_picked":["Armaments","Pummel"],"picked":"Feed","floor":48}],"player_experience":188616,"potions_floor_usage":[16,16,33],"damage_taken":[{"damage":15,"enemies":"Small Slimes","floor":1,"turns":3},{"damage":7,"enemies":"2 Louse","floor":5,"turns":2},{"damage":29,"enemies":"Gremlin Nob","floor":6,"turns":4},{"damage":26,"enemies":"3 Sentries","floor":8,"turns":5},{"damage":0,"enemies":"Cultist","floor":10,"turns":2},{"damage":0,"enemies":"3 Louse","floor":12,"turns":1},{"damage":0,"enemies":"Gremlin Gang","floor":14,"turns":1},{"damage":60,"enemies":"Hexaghost","floor":16,"turns":6},{"damage":12,"enemies":"3 Byrds","floor":18,"turns":3},{"damage":0,"enemies":"Spheric Guardian","floor":20,"turns":2},{"damage":28,"enemies":"Centurion and Healer","floor":22,"turns":3},{"damage":30,"enemies":"Gremlin Leader","floor":23,"turns":4},{"damage":12,"enemies":"Cultist and Chosen","floor":27,"turns":3},{"damage":0,"enemies":"Chosen and Byrds","floor":29,"turns":2},{"damage":36,"enemies":"Automaton","floor":33,"turns":6},{"damage":13,"enemies":"3 Darklings","floor":35,"turns":2},{"damage":10,"enemies":"Orb Walker","floor":36,"turns":2},{"damage":17,"enemies":"3 Darklings","floor":38,"turns":2},{"damage":12,"enemies":"Sphere and 2 Shapes","floor":42,"turns":1},{"damage":30,"enemies":"Nemesis","floor":44,"turns":3},{"damage":8,"enemies":"4 Shapes","floor":46,"turns":1},{"damage":0,"enemies":"2 Orb Walkers","floor":48,"turns":1},{"damage":34,"enemies":"Donu and Deca","floor":50,"turns":3}],"event_choices":[{"event_name":"Golden Wing","player_choice":"Card Removal","floor":3,"damage_taken":0},{"event_name":"The Cleric","player_choice":"Healed","floor":4,"damage_taken":0},{"event_name":"Bonfire Elementals","player_choice":"BASIC","floor":11,"damage_taken":0},{"event_name":"Cursed Tome","player_choice":"Obtained Book","floor":19,"damage_taken":0},{"event_name":"Beggar","player_choice":"Gave Gold","floor":21,"damage_taken":0},{"event_name":"N\u0027loth","player_choice":"Ignored","floor":24,"damage_taken":0},{"event_name":"Back to Basics","player_choice":"Simplicity","floor":31,"damage_taken":0},{"event_name":"Tomb of Lord Red Mask","player_choice":"Ignored","floor":37,"damage_taken":0}],"boss_relics":[{"not_picked":["Eternal Feather","Snecko Eye"],"picked":"Sozu"},{"not_picked":["Mark of Pain","Astrolabe"],"picked":"Runic Cube"}],"potions_floor_spawned":[1,8,10,16,22,27,29,36,42,44],"seed_played":"7781331179411621034","ascension_level":3,"is_trial":false}