{"gold_per_floor":[113,133,308,323,283,283,303,322,348,365,35,35,66,16,16,16],"floor_reached":16,"playtime":1362,"items_purged":["Doubt"],"score":112,"play_id":"468e4458-bb5f-48af-9bf9-165e6d44ae90","local_time":"20180713005541","is_ascension_mode":true,"campfire_choices":[{"data":"Chaos","floor":6,"key":"SMITH"},{"data":"Fission","floor":12,"key":"SMITH"},{"floor":15,"key":"REST"}],"neow_cost":"NONE","seed_source_timestamp":305503714593532,"circlet_count":0,"master_deck":["Strike_B","Strike_B","Strike_B","Defend_B","Defend_B","Defend_B","Defend_B","Zap","Dualcast","Compile Driver","Leap","Chaos+1","Compile Driver","Conserve Battery","Coolheaded","Self Repair","Undo","Fission+1","Rainbow"],"relics":["Cracked Core","Vajra","Ancient Tea Set","Art of War"],"potions_floor_usage":[13,13,13,16],"damage_taken":[{"damage":0,"enemies":"Small Slimes","floor":1,"turns":3},{"damage":3,"enemies":"Jaw Worm","floor":2,"turns":4},{"damage":0,"enemies":"Cultist","floor":4,"turns":3},{"damage":4,"enemies":"Looter","floor":7,"turns":3},{"damage":12,"enemies":"Exordium Thugs","floor":8,"turns":4},{"damage":0,"enemies":"Large Slime","floor":10,"turns":3},{"damage":51,"enemies":"Gremlin Nob","floor":13,"turns":6},{"damage":34,"enemies":"Hexaghost","floor":16,"turns":16}],"seed_played":"-9034363578076702600","potions_obtained":[{"floor":4,"key":"Dexterity Potion"},{"floor":5,"key":"PowerPotion"},{"floor":5,"key":"EssenceOfSteel"},{"floor":13,"key":"Block Potion"}],"is_trial":false,"path_per_floor":["M","M","?","M","?","R","M","M","T","M","$","R","E","?","R"],"character_chosen":"DEFECT","items_purchased":["Self Repair","Undo","Fission"],"campfire_rested":1,"item_purchase_floors":[11,11,11],"current_hp_per_floor":[75,72,72,72,72,72,68,56,56,56,56,56,12,12,34,0],"gold":16,"neow_bonus":"RANDOM_COMMON_RELIC","is_prod":false,"is_daily":false,"chose_seed":false,"campfire_upgraded":2,"win_rate":0,"timestamp":1531439741,"path_taken":["M","M","?","M","?","R","M","M","T","?","$","R","E","?","R","BOSS"],"build_version":"2018-07-05","purchased_purges":1,"victory":false,"max_hp_per_floor":[75,75,75,75,75,75,75,75,75,75,75,75,75,75,75,75],"card_choices":[{"not_picked":["Sunder","Sweeping Beam"],"picked":"Compile Driver","floor":1},{"not_picked":["Sunder","Force Field"],"picked":"Leap","floor":2},{"not_picked":["Beam Cell","Turbo"],"picked":"Chaos","floor":4},{"not_picked":["Reprogram","Beam Cell"],"picked":"Compile Driver","floor":7},{"not_picked":["Stack","Redo"],"picked":"Conserve Battery","floor":8},{"not_picked":["Reprogram","Conserve Battery"],"picked":"Coolheaded","floor":10},{"not_picked":["Steam","Force Field"],"picked":"Rainbow","floor":13}],"player_experience":211974,"relics_obtained":[{"floor":9,"key":"Ancient Tea Set"},{"floor":13,"key":"Art of War"}],"event_choices":[{"event_name":"Liars Game","player_choice":"agreed","floor":3,"damage_taken":0},{"event_name":"The Woman in Blue","player_choice":"Bought 3 Potions","floor":5,"damage_taken":0},{"event_name":"The Cleric","player_choice":"Card Removal","floor":14,"damage_taken":0}],"boss_relics":[],"items_purged_floors":[11],"is_endless":false,"potions_floor_spawned":[4,8,10,13],"killed_by":"Hexaghost","ascension_level":2}