{"gold_per_floor":[119,119,74,88,88,88,100,119,143,159,159,2,2,30,30,30],"floor_reached":16,"playtime":759,"items_purged":[],"score":117,"play_id":"0e87c0c9-77de-421e-8122-b4a8c7c92a0c","local_time":"20180902212433","is_ascension_mode":true,"campfire_choices":[{"data":"Well Laid Plans","floor":6,"key":"SMITH"},{"data":"Dodge and Roll","floor":11,"key":"SMITH"},{"data":"Dodge and Roll","floor":15,"key":"SMITH"}],"neow_cost":"","seed_source_timestamp":1040352336857009,"circlet_count":0,"master_deck":["Defend_G","Defend_G","Defend_G","Defend_G","Defend_G","Strike_G","Strike_G","Strike_G","Strike_G","Strike_G","Survivor+1","Neutralize+1","Well Laid Plans+1","Dodge and Roll+1","Acrobatics+1","Dodge and Roll+1","Flying Knee"],"relics":["Ring of the Snake","Strawberry","Lantern","War Paint","Pantograph","Odd Mushroom"],"potions_floor_usage":[8,16],"damage_taken":[{"damage":4,"enemies":"Small Slimes","floor":1,"turns":4},{"damage":1,"enemies":"Jaw Worm","floor":4,"turns":4},{"damage":0,"enemies":"Cultist","floor":7,"turns":4},{"damage":8,"enemies":"Exordium Thugs","floor":8,"turns":6},{"damage":1,"enemies":"Looter","floor":10,"turns":4},{"damage":17,"enemies":"The Mushroom Lair","floor":14,"turns":7},{"damage":73,"enemies":"Slime Boss","floor":16,"turns":17}],"seed_played":"-1207353895481869194","potions_obtained":[{"floor":1,"key":"AttackPotion"},{"floor":14,"key":"Regen Potion"}],"is_trial":false,"path_per_floor":["M","?","$","M","?","R","M","M","T","M","R","$","T","?","R"],"character_chosen":"THE_SILENT","items_purchased":["Dodge and Roll","War Paint"],"campfire_rested":0,"item_purchase_floors":[3,12],"current_hp_per_floor":[59,59,59,58,58,58,58,50,50,49,49,49,49,32,32,0],"gold":30,"neow_bonus":"","is_prod":false,"is_daily":false,"chose_seed":false,"campfire_upgraded":3,"win_rate":0,"timestamp":1535919873,"path_taken":["M","?","?","M","?","R","M","M","T","M","R","$","?","?","R","BOSS"],"build_version":"2018-08-30","purchased_purges":0,"victory":false,"max_hp_per_floor":[70,70,70,70,77,77,77,77,77,77,77,77,77,77,77,77],"card_choices":[{"not_picked":["Sucker Punch","Riddle With Holes"],"picked":"Well Laid Plans","floor":1},{"not_picked":["Calculated Gamble","Concentrate","Slice"],"picked":"SKIP","floor":4},{"not_picked":["Eviscerate","Deflect","Cloak And Dagger"],"picked":"SKIP","floor":7},{"not_picked":["Choke","PiercingWail"],"picked":"Acrobatics","floor":8},{"not_picked":["Sucker Punch","Underhanded Strike"],"picked":"Dodge and Roll","floor":10},{"not_picked":["Prepared","Calculated Gamble"],"picked":"Flying Knee","floor":14}],"player_experience":303329,"relics_obtained":[{"floor":9,"key":"Lantern"},{"floor":13,"key":"Pantograph"},{"floor":14,"key":"Odd Mushroom"}],"event_choices":[{"event_name":"Living Wall","player_choice":"Grow","floor":2,"damage_taken":0},{"event_name":"Scrap Ooze","player_choice":"success","floor":5,"damage_taken":7},{"event_name":"Mushrooms","player_choice":"Fought Mushrooms","floor":14,"damage_taken":0}],"is_beta":false,"boss_relics":[],"items_purged_floors":[],"is_endless":false,"potions_floor_spawned":[1,14],"killed_by":"Slime Boss","ascension_level":6}