{"gold_per_floor":[115,133,133,147,147,164,164,177,232,232],"floor_reached":10,"playtime":253,"items_purged":[],"score":99,"play_id":"a0fe6d22-f331-4b54-89db-52233a0417db","local_time":"20190122191227","is_ascension_mode":true,"campfire_choices":[{"data":"Dualcast","floor":7,"key":"SMITH"}],"neow_cost":"NONE","seed_source_timestamp":1107573369038800,"circlet_count":0,"master_deck":["AscendersBane","Strike_B","Strike_B","Strike_B","Defend_B","Defend_B","Defend_B","Defend_B","Zap","Dualcast+1","Coolheaded","Sweeping Beam","Cold Snap"],"relics":["Cracked Core","Omamori","Regal Pillow"],"potions_floor_usage":[10],"damage_taken":[{"damage":1,"enemies":"Cultist","floor":1,"turns":3},{"damage":6,"enemies":"Jaw Worm","floor":2,"turns":4},{"damage":5,"enemies":"2 Louse","floor":4,"turns":2},{"damage":9,"enemies":"Blue Slaver","floor":6,"turns":3},{"damage":4,"enemies":"Looter","floor":8,"turns":3},{"damage":63,"enemies":"Gremlin Nob","floor":10,"turns":5}],"seed_played":"2812759410998336099","potions_obtained":[{"floor":1,"key":"Swift Potion"},{"floor":2,"key":"FearPotion"},{"floor":4,"key":"SpeedPotion"}],"is_trial":false,"path_per_floor":["M","M","?","M","?","M","R","M","T","E"],"character_chosen":"DEFECT","items_purchased":[],"campfire_rested":0,"item_purchase_floors":[],"current_hp_per_floor":[67,61,54,49,49,40,40,36,36,0],"gold":232,"neow_bonus":"RANDOM_COMMON_RELIC","is_prod":false,"is_daily":false,"chose_seed":false,"campfire_upgraded":1,"win_rate":0,"timestamp":1548184347,"path_taken":["M","M","?","?","?","M","R","M","T","E"],"build_version":"2019-01-17v2","purchased_purges":0,"victory":false,"max_hp_per_floor":[75,75,75,75,75,75,75,75,75,75],"card_choices":[{"not_picked":["Reprogram","Recycle"],"picked":"Coolheaded","floor":1},{"not_picked":["Coolheaded","Steam Power"],"picked":"Sweeping Beam","floor":2},{"not_picked":["Reinforced Body","Barrage","Leap"],"picked":"SKIP","floor":4},{"not_picked":["Turbo","Hyperbeam"],"picked":"Cold Snap","floor":6},{"not_picked":["Gash","Rebound","Compile Driver"],"picked":"SKIP","floor":8}],"player_experience":557014,"relics_obtained":[{"floor":9,"key":"Regal Pillow"}],"event_choices":[{"damage_healed":0,"gold_gain":0,"player_choice":"Damaged","damage_taken":7,"max_hp_gain":0,"max_hp_loss":0,"event_name":"Wheel of Change","floor":3,"gold_loss":0},{"cards_removed":["Strike_B"],"damage_healed":0,"gold_gain":0,"player_choice":"Purged","damage_taken":0,"max_hp_gain":0,"max_hp_loss":0,"event_name":"Purifier","floor":5,"gold_loss":0}],"is_beta":false,"boss_relics":[],"items_purged_floors":[],"is_endless":false,"potions_floor_spawned":[1,2,4],"killed_by":"Gremlin Nob","ascension_level":13}