{"gold_per_floor":[118,218,235,246,264,292,292,292,317,317,375,393,418,453,453,453],"floor_reached":16,"playtime":663,"items_purged":[],"score":112,"play_id":"7dcdf69a-6d78-42ac-8c9e-af27080bb1d0","local_time":"20190311220741","is_ascension_mode":false,"campfire_choices":[{"data":"Armaments","floor":7,"key":"SMITH"},{"data":"Bash","floor":10,"key":"SMITH"},{"floor":15,"key":"RECALL"}],"neow_cost":"NONE","seed_source_timestamp":935021943856987,"circlet_count":0,"master_deck":["Strike_R","Strike_R","Strike_R","Strike_R","Strike_R","Defend_R","Defend_R","Defend_R","Defend_R","Bash+1","Clothesline","Evolve","Armaments+1","Ghostly Armor","Seeing Red","Flame Barrier","Pommel Strike","Twin Strike"],"relics":["Burning Blood","Regal Pillow","Happy Flower","Golden Idol","Ancient Tea Set"],"potions_floor_usage":[6,16,16,16],"damage_taken":[{"damage":6,"enemies":"Jaw Worm","floor":1,"turns":6},{"damage":0,"enemies":"Cultist","floor":3,"turns":3},{"damage":7,"enemies":"Small Slimes","floor":4,"turns":4},{"damage":9,"enemies":"Blue Slaver","floor":5,"turns":5},{"damage":28,"enemies":"Gremlin Nob","floor":6,"turns":5},{"damage":5,"enemies":"Looter","floor":12,"turns":4},{"damage":5,"enemies":"Large Slime","floor":13,"turns":9},{"damage":10,"enemies":"3 Sentries","floor":14,"turns":8},{"damage":55,"enemies":"Hexaghost","floor":16,"turns":15}],"seed_played":"-6962992596231893314","potions_obtained":[{"floor":5,"key":"Fire Potion"},{"floor":12,"key":"SpeedPotion"},{"floor":13,"key":"Strength Potion"},{"floor":14,"key":"FearPotion"}],"is_trial":false,"path_per_floor":["M","?","M","M","M","E","R","?","T","R","?","M","M","E","R","B"],"character_chosen":"IRONCLAD","items_purchased":[],"campfire_rested":0,"item_purchase_floors":[],"current_hp_per_floor":[80,80,80,79,76,54,54,54,54,54,54,55,56,52,52,0],"gold":453,"neow_bonus":"RANDOM_COMMON_RELIC","is_prod":false,"is_daily":false,"chose_seed":false,"campfire_upgraded":2,"win_rate":0,"timestamp":1552356461,"path_taken":["M","?","?","M","M","E","R","?","T","R","?","M","M","E","R","BOSS"],"build_version":"2019-01-23","purchased_purges":0,"victory":false,"max_hp_per_floor":[80,80,80,80,80,80,80,74,74,74,74,74,74,74,74,74],"card_choices":[{"not_picked":["Twin Strike","Flex"],"picked":"Clothesline","floor":1},{"not_picked":["Blood for Blood","Thunderclap"],"picked":"Evolve","floor":3},{"not_picked":["Twin Strike","Flex"],"picked":"Armaments","floor":4},{"not_picked":["Sword Boomerang","Twin Strike"],"picked":"Ghostly Armor","floor":5},{"not_picked":["Havoc","Warcry"],"picked":"Seeing Red","floor":6},{"not_picked":["Entrench","Infernal Blade"],"picked":"Flame Barrier","floor":12},{"not_picked":["Anger","True Grit"],"picked":"Pommel Strike","floor":13},{"not_picked":["Limit Break","Wild Strike"],"picked":"Twin Strike","floor":14}],"player_experience":293477,"relics_obtained":[{"floor":6,"key":"Happy Flower"},{"floor":14,"key":"Ancient Tea Set"}],"event_choices":[{"damage_healed":0,"gold_gain":100,"player_choice":"Pray","damage_taken":0,"max_hp_gain":0,"max_hp_loss":0,"event_name":"Golden Shrine","floor":2,"gold_loss":0},{"damage_healed":0,"gold_gain":0,"player_choice":"Lose Max HP","damage_taken":0,"relics_obtained":["Golden Idol"],"max_hp_gain":0,"max_hp_loss":6,"event_name":"Golden Idol","floor":8,"gold_loss":0},{"damage_healed":0,"gold_gain":58,"player_choice":"Gained Gold","damage_taken":0,"max_hp_gain":0,"max_hp_loss":0,"event_name":"Golden Wing","floor":11,"gold_loss":0}],"is_beta":false,"boss_relics":[],"items_purged_floors":[],"is_endless":false,"potions_floor_spawned":[5,12,13,14],"killed_by":"Hexaghost","ascension_level":0}