{"gold_per_floor":[117,25,38,213,84,84,100,100,100,117,117,134,34,45,45,45],"floor_reached":16,"playtime":663,"items_purged":["Doubt","Regret"],"score":115,"play_id":"242b27fb-54f5-4fb4-8463-031dbca4495d","local_time":"20180907143211","is_ascension_mode":true,"campfire_choices":[{"data":"Genetic Algorithm","floor":6,"key":"SMITH"},{"data":"Go for the Eyes","floor":11,"key":"SMITH"},{"data":"Biased Cognition","floor":15,"key":"SMITH"}],"neow_cost":"NONE","seed_source_timestamp":87432823332534,"circlet_count":0,"master_deck":["Strike_B","Strike_B","Strike_B","Strike_B","Defend_B","Defend_B","Defend_B","Defend_B","Zap","Dualcast","Coolheaded","Discovery","Genetic Algorithm+1","Conserve Battery","Go for the Eyes+1","Conserve Battery","Biased Cognition+1","Conserve Battery"],"relics":["Lizard Tail","Gremlin Horn","Centennial Puzzle"],"potions_floor_usage":[16,16],"damage_taken":[{"damage":6,"enemies":"Cultist","floor":1,"turns":4},{"damage":1,"enemies":"Jaw Worm","floor":3,"turns":5},{"damage":0,"enemies":"2 Louse","floor":7,"turns":6},{"damage":14,"enemies":"Exordium Thugs","floor":10,"turns":6},{"damage":15,"enemies":"2 Fungi Beasts","floor":12,"turns":5},{"damage":1,"enemies":"Exordium Wildlife","floor":14,"turns":4},{"damage":79,"enemies":"Slime Boss","floor":16,"turns":17}],"seed_played":"808001415326809034","potions_obtained":[{"floor":3,"key":"Energy Potion"},{"floor":12,"key":"AttackPotion"},{"floor":14,"key":"EssenceOfSteel"}],"is_trial":false,"path_per_floor":["M","$","M","?","$","R","M","?","T","M","R","M","$","M","R"],"character_chosen":"DEFECT","items_purchased":["Discovery","Conserve Battery"],"campfire_rested":0,"item_purchase_floors":[2,5],"current_hp_per_floor":[69,69,68,68,68,68,68,68,68,54,54,39,39,38,38,0],"gold":45,"neow_bonus":"BOSS_RELIC","is_prod":false,"is_daily":false,"chose_seed":false,"campfire_upgraded":3,"win_rate":0,"timestamp":1536327131,"path_taken":["M","?","M","?","$","R","M","?","T","M","R","?","?","M","R","BOSS"],"build_version":"2018-09-06","purchased_purges":2,"victory":false,"max_hp_per_floor":[75,75,75,75,75,75,75,75,75,75,75,75,75,75,75,75],"card_choices":[{"not_picked":["Leap","Beam Cell"],"picked":"Coolheaded","floor":1},{"not_picked":["Compile Driver","Chill"],"picked":"Genetic Algorithm","floor":3},{"not_picked":["Sweeping Beam","Scrape"],"picked":"Go for the Eyes","floor":7},{"not_picked":["Genetic Algorithm","Reprogram"],"picked":"Conserve Battery","floor":10},{"not_picked":["Beam Cell","Sweeping Beam"],"picked":"Biased Cognition","floor":12},{"not_picked":["Fusion","Glacier"],"picked":"Conserve Battery","floor":14}],"player_experience":339047,"relics_obtained":[{"floor":9,"key":"Centennial Puzzle"}],"event_choices":[{"event_name":"Liars Game","player_choice":"agreed","floor":4,"damage_taken":0},{"event_name":"Big Fish","player_choice":"Box","floor":8,"damage_taken":0}],"is_beta":false,"boss_relics":[],"items_purged_floors":[5,13],"is_endless":false,"potions_floor_spawned":[3,12,14],"killed_by":"Slime Boss","ascension_level":5}