{"gold_per_floor":[114,289,304,304,319,319,349,349,349,349,364,77,92,107,107,107],"floor_reached":16,"playtime":562,"items_purged":[],"score":127,"play_id":"d5931090-db37-4af7-a928-daa8897df63a","local_time":"20180916150106","daily_mods":["Shiny","Elite Swarm","Vintage"],"is_ascension_mode":false,"campfire_choices":[{"data":"Buffer","floor":6,"key":"SMITH"},{"data":"Echo Form","floor":8,"key":"SMITH"},{"data":"Rainbow","floor":10,"key":"SMITH"},{"floor":15,"key":"REST"}],"neow_cost":"","seed_source_timestamp":160589592466897,"circlet_count":0,"master_deck":["Multi-Cast","Hyperbeam","Thunder Strike","Biased Cognition","Machine Learning","Electrodynamics","Buffer+1","Rainbow+1","Seek","Meteor Strike","Echo Form+1","All For One","Reboot","Amplify","Creative AI","Fission","Core Surge","Doubt","Conserve Battery","Defragment","Apotheosis"],"special_seed":17790,"relics":["Cracked Core","Shuriken","Molten Egg 2","Omamori","Singing Bowl","Ice Cream","Bottled Flame","Bronze Scales","Kunai","Bottled Tornado"],"potions_floor_usage":[16],"damage_taken":[{"damage":11,"enemies":"Jaw Worm","floor":1,"turns":2},{"damage":10,"enemies":"Small Slimes","floor":3,"turns":3},{"damage":1,"enemies":"2 Louse","floor":5,"turns":2},{"damage":0,"enemies":"Lagavulin","floor":7,"turns":5},{"damage":16,"enemies":"Lots of Slimes","floor":11,"turns":3},{"damage":5,"enemies":"Exordium Wildlife","floor":13,"turns":4},{"damage":14,"enemies":"Blue Slaver","floor":14,"turns":3},{"damage":38,"enemies":"Hexaghost","floor":16,"turns":5}],"seed_played":"-2272757281198237477","potions_obtained":[{"floor":1,"key":"Ancient Potion"},{"floor":7,"key":"FocusPotion"}],"is_trial":false,"path_per_floor":["M","?","M","?","M","R","E","R","T","R","M","$","M","M","R"],"character_chosen":"DEFECT","items_purchased":["Conserve Battery","Defragment","Apotheosis"],"campfire_rested":1,"item_purchase_floors":[12,12,12],"current_hp_per_floor":[64,64,54,47,46,46,48,48,48,48,32,32,27,13,36,0],"gold":107,"neow_bonus":"","is_prod":false,"is_daily":true,"chose_seed":false,"campfire_upgraded":3,"win_rate":0,"timestamp":1537106466,"path_taken":["M","?","?","?","?","R","E","R","T","R","M","$","M","M","R","BOSS"],"build_version":"2018-09-06","purchased_purges":0,"victory":false,"max_hp_per_floor":[75,75,75,75,75,75,77,77,77,77,77,77,77,77,77,77],"card_choices":[{"not_picked":["Creative AI","Meteor Strike+1","Seek"],"picked":"Singing Bowl","floor":7}],"player_experience":390563,"relics_obtained":[{"floor":1,"key":"Shuriken"},{"floor":3,"key":"Molten Egg 2"},{"floor":5,"key":"Singing Bowl"},{"floor":7,"key":"Ice Cream"},{"floor":9,"key":"Bottled Flame"},{"floor":11,"key":"Bronze Scales"},{"floor":13,"key":"Kunai"},{"floor":14,"key":"Bottled Tornado"}],"event_choices":[{"event_name":"Liars Game","player_choice":"agreed","floor":2,"damage_taken":0},{"event_name":"Scrap Ooze","player_choice":"success","floor":4,"damage_taken":7}],"is_beta":false,"boss_relics":[],"items_purged_floors":[],"is_endless":false,"potions_floor_spawned":[1,7],"killed_by":"Hexaghost","ascension_level":0}