{"gold_per_floor":[115,134,134,134,153,153,153,153,153,153,2,20,46,59,59,158,158,171,201,221,221,1,1],"floor_reached":23,"playtime":975,"items_purged":["Strike_R"],"score":284,"play_id":"2fc69a4b-880e-4175-9b82-092688c34d34","local_time":"20180927141714","is_ascension_mode":true,"campfire_choices":[{"floor":6,"key":"REST"},{"data":"Defend_R","floor":8,"key":"SMITH"},{"data":"Defend_R","floor":10,"key":"SMITH"},{"data":"Spot Weakness","floor":15,"key":"SMITH"}],"neow_cost":"PERCENT_DAMAGE","seed_source_timestamp":225861821430743,"circlet_count":0,"master_deck":["Strike_R","Strike_R","Defend_R+1","Defend_R+1","Defend_R+1","Defend_R","Bash+1","AscendersBane","Armaments+1","Spot Weakness+1","Twin Strike","Flex","Double Tap","Iron Wave","Shrug It Off","Metallicize","Metallicize"],"relics":["Burning Blood","Shuriken","Pantograph","Fusion Hammer","Red Mask","Mercury Hourglass","Oddly Smooth Stone"],"potions_floor_usage":[13,16,19],"damage_taken":[{"damage":19,"enemies":"Cultist","floor":1,"turns":6},{"damage":12,"enemies":"Small Slimes","floor":2,"turns":5},{"damage":0,"enemies":"2 Louse","floor":5,"turns":4},{"damage":3,"enemies":"Looter","floor":12,"turns":3},{"damage":19,"enemies":"Lagavulin","floor":13,"turns":5},{"damage":4,"enemies":"Large Slime","floor":14,"turns":6},{"damage":40,"enemies":"The Guardian","floor":16,"turns":11},{"damage":19,"enemies":"3 Byrds","floor":18,"turns":7},{"damage":45,"enemies":"Masked Bandits","floor":19,"turns":6},{"damage":1,"enemies":"Shell Parasite","floor":20,"turns":6},{"damage":32,"enemies":"Gremlin Leader","floor":23,"turns":4}],"seed_played":"-7266488631091689848","potions_obtained":[{"floor":1,"key":"PowerPotion"},{"floor":13,"key":"PowerPotion"},{"floor":16,"key":"Dexterity Potion"},{"floor":19,"key":"LiquidBronze"}],"is_trial":false,"path_per_floor":["M","M","?","?","M","R","?","R","T","R","$","M","E","M","R","B",null,"M","?","M","?","$"],"character_chosen":"IRONCLAD","items_purchased":["Spot Weakness","Oddly Smooth Stone","Metallicize"],"campfire_rested":1,"item_purchase_floors":[11,22,22],"current_hp_per_floor":[38,32,32,16,22,46,72,72,72,72,72,75,62,64,64,46,72,59,20,25,25,25,0],"gold":1,"neow_bonus":"REMOVE_TWO","is_prod":false,"is_daily":false,"chose_seed":false,"campfire_upgraded":3,"win_rate":0,"timestamp":1538054234,"path_taken":["M","?","?","?","M","R","?","R","T","R","?","?","E","M","R","BOSS","M","?","M","?","$","E"],"build_version":"2018-09-20","purchased_purges":1,"victory":false,"max_hp_per_floor":[80,80,80,80,80,80,80,80,80,80,80,80,80,80,80,80,80,80,80,80,80,80,80],"card_choices":[{"not_picked":["Reckless Charge","Hemokinesis","Sword Boomerang"],"picked":"SKIP","floor":1},{"not_picked":["Headbutt","True Grit"],"picked":"Armaments","floor":2},{"not_picked":["Sentinel","Clash","Power Through"],"picked":"SKIP","floor":5},{"not_picked":["Body Slam","Uppercut"],"picked":"Twin Strike","floor":12},{"not_picked":["Entrench","Anger"],"picked":"Flex","floor":13},{"not_picked":["Clash","True Grit","Combust"],"picked":"SKIP","floor":14},{"not_picked":["Bludgeon","Reaper"],"picked":"Double Tap","floor":16},{"not_picked":["Armaments","Shrug It Off"],"picked":"Iron Wave","floor":18},{"not_picked":["Blood for Blood","Perfected Strike"],"picked":"Shrug It Off","floor":19},{"not_picked":["True Grit","Dual Wield"],"picked":"Metallicize","floor":20}],"player_experience":425257,"relics_obtained":[{"floor":9,"key":"Shuriken"},{"floor":13,"key":"Pantograph"},{"floor":19,"key":"Red Mask"}],"event_choices":[{"event_name":"Living Wall","player_choice":"Grow","floor":3,"damage_taken":0},{"event_name":"Shining Light","player_choice":"Entered Light","floor":4,"damage_taken":0},{"event_name":"Big Fish","player_choice":"Banana","floor":7,"damage_taken":0},{"event_name":"Masked Bandits","player_choice":"Fought Bandits","floor":19,"damage_taken":0},{"event_name":"The Mausoleum","player_choice":"Yes","floor":21,"damage_taken":0}],"is_beta":false,"boss_relics":[{"not_picked":["Black Star","Sozu"],"picked":"Fusion Hammer"}],"items_purged_floors":[11],"is_endless":false,"potions_floor_spawned":[1,13,16,19],"killed_by":"Gremlin Leader","ascension_level":10}