{"path_per_floor":["M","?","M","?","M","R","$","T","T","M","R","?","R","M","R","B",null,"M","?","M","M","$"],"character_chosen":"IRONCLAD","items_purchased":["Bottled Tornado","Whetstone"],"gold_per_floor":[113,288,307,307,319,319,71,98,98,109,109,109,109,125,125,225,225,237,237,257,267,43],"floor_reached":23,"campfire_rested":0,"playtime":1187,"current_hp_per_floor":[80,80,80,73,79,79,79,79,79,47,47,31,31,28,28,23,80,58,58,38,35,35],"items_purged":["Doubt"],"gold":43,"score":181,"play_id":"3e8c01e6-c5e8-41d9-bcc0-314f0cbefb95","is_prod":false,"is_daily":false,"is_ascension_mode":false,"campfire_upgraded":4,"path_taken":["M","?","M","?","M","R","?","?","T","M","R","?","R","?","R","BOSS","M","?","?","?","$","E"],"build_version":"2018-02-08-PROD1","purchased_purges":1,"victory":false,"master_deck":["Strike_R","Strike_R","Strike_R+1","Defend_R+1","Defend_R+1","Defend_R","Defend_R","Bash","Inflame","Perfected Strike+1","Uppercut+1","Demon Form+1","Twin Strike+1","Cleave","Limit Break","Warcry","Warcry","Evolve","Reaper+1","Perfected Strike+1","Dropkick"],"max_hp_per_floor":[80,80,80,80,80,80,80,80,80,80,80,80,80,80,80,80,80,80,80,80,80,80],"relics":["Burning Blood","Bottled Tornado","Anchor","Frozen Eye","Orrery","Whetstone"],"card_choices":[{"not_picked":["Sword Boomerang","Twin Strike"],"picked":"Perfected Strike"},{"not_picked":["Thunderclap","Sword Boomerang"],"picked":"Uppercut"},{"not_picked":["Armaments","Infernal Blade"],"picked":"Demon Form"},{"not_picked":["Wild Strike","Havoc"],"picked":"Twin Strike"},{"not_picked":["True Grit","Sword Boomerang"],"picked":"Cleave"},{"not_picked":["Berserk","Barricade"],"picked":"Limit Break"},{"not_picked":["Rupture","Flex"],"picked":"Warcry"},{"not_picked":["Searing Blow","Corruption"],"picked":"Warcry"},{"not_picked":["Wild Strike","Rupture"],"picked":"Evolve"},{"not_picked":["Anger","Dropkick"],"picked":"Perfected Strike"},{"not_picked":["Reckless Charge","Whirlwind"],"picked":"Dropkick"}],"player_experience":105585,"potions_floor_usage":[16,16,16],"damage_taken":[{"damage":0,"enemies":"Small Slimes","floor":1,"turns":3},{"damage":6,"enemies":"Jaw Worm","floor":3,"turns":3},{"damage":0,"enemies":"2 Louse","floor":5,"turns":3},{"damage":38,"enemies":"Gremlin Gang","floor":10,"turns":5},{"damage":9,"enemies":"Exordium Wildlife","floor":14,"turns":3},{"damage":32,"enemies":"The Guardian","floor":16,"turns":8},{"damage":28,"enemies":"Spheric Guardian","floor":18,"turns":5},{"damage":27,"enemies":"Shell Parasite","floor":20,"turns":7},{"damage":48,"enemies":"3 Cultists","floor":21,"turns":5},{"damage":81,"enemies":"Slavers","floor":23,"turns":3}],"event_choices":[{"event_name":"Liars Game","player_choice":"agreed","floor":2,"damage_taken":0},{"event_name":"Golden Wing","player_choice":"Card Removal","floor":4,"damage_taken":0},{"event_name":"Shining Light","player_choice":"Entered Light","floor":12,"damage_taken":0},{"event_name":"The Library","player_choice":"Read","floor":19,"damage_taken":0}],"boss_relics":[{"not_picked":["Eternal Feather","Snecko Eye"],"picked":"Orrery"}],"potions_floor_spawned":[3,10,14],"seed_played":"-687644277421046236","killed_by":"Slavers","ascension_level":0,"is_trial":false}