{"gold_per_floor":[144,144,20,38,56,81,93,93,93,93,93,43,43,78,90,173,185,210,222,40,55,66,66,66,66],"floor_reached":25,"playtime":893,"items_purged":["Strike_R"],"score":355,"play_id":"745ad9dc-f88f-4e75-96a5-96f16edc0abf","local_time":"20190315233828","is_ascension_mode":true,"campfire_choices":[{"data":"Bash","floor":8,"key":"SMITH"},{"data":"Flex","floor":10,"key":"SMITH"},{"data":"Metallicize","floor":13,"key":"SMITH"},{"floor":15,"key":"RECALL"},{"data":"Intimidate","floor":23,"key":"SMITH"}],"neow_cost":"NONE","seed_source_timestamp":173349474698300,"circlet_count":0,"master_deck":["AscendersBane","Strike_R","Strike_R","Strike_R","Defend_R+1","Defend_R+1","Defend_R","Defend_R","Bash+1","Flex+1","Sword Boomerang","Dropkick","Metallicize+1","Anger","Double Tap","Fire Breathing+1","Intimidate+1"],"relics":["Burning Blood","Tiny Chest","Blue Candle","Meat on the Bone","Frozen Egg 2","Pear","MawBank","Mark of Pain","Brimstone","War Paint"],"potions_floor_usage":[6,25,25],"damage_taken":[{"damage":4,"enemies":"Small Slimes","floor":1,"turns":3},{"damage":7,"enemies":"Cultist","floor":4,"turns":6},{"damage":13,"enemies":"Jaw Worm","floor":5,"turns":4},{"damage":37,"enemies":"Lagavulin","floor":6,"turns":8},{"damage":0,"enemies":"Large Slime","floor":7,"turns":6},{"damage":8,"enemies":"Gremlin Nob","floor":14,"turns":3},{"damage":37,"enemies":"Slime Boss","floor":16,"turns":13},{"damage":17,"enemies":"3 Byrds","floor":18,"turns":7},{"damage":49,"enemies":"Colosseum Slavers","floor":19,"turns":7},{"damage":13,"enemies":"Spheric Guardian","floor":21,"turns":3},{"damage":15,"enemies":"Centurion and Healer","floor":22,"turns":5},{"damage":42,"enemies":"Book of Stabbing","floor":25,"turns":4}],"seed_played":"-1554217465679435547","potions_obtained":[{"floor":5,"key":"Fire Potion"},{"floor":6,"key":"SpeedPotion"},{"floor":22,"key":"Fire Potion"}],"is_trial":false,"path_per_floor":["M","?","$","M","M","E","M","R","T","R","?","?","R","E","R","B",null,"M","?","$","M","M","R","T","E"],"character_chosen":"IRONCLAD","items_purchased":["Flex","Brimstone"],"campfire_rested":0,"item_purchase_floors":[3,20],"current_hp_per_floor":[70,70,70,69,62,31,49,49,49,49,59,59,59,57,57,38,73,62,31,31,36,39,39,39,0],"gold":66,"neow_bonus":"RANDOM_COMMON_RELIC","is_prod":false,"is_daily":false,"chose_seed":false,"campfire_upgraded":4,"win_rate":0,"timestamp":1552693108,"path_taken":["M","?","$","M","M","E","?","R","T","R","?","?","R","E","R","BOSS","M","?","$","M","M","R","?","E"],"build_version":"2019-01-23","purchased_purges":1,"victory":false,"max_hp_per_floor":[75,75,75,75,75,75,75,75,75,75,85,85,85,85,85,85,85,85,85,85,85,85,85,85,85],"card_choices":[{"not_picked":["Sword Boomerang","Pommel Strike"],"picked":"Twin Strike","floor":1},{"not_picked":["Headbutt","Dual Wield"],"picked":"Sword Boomerang","floor":4},{"not_picked":["True Grit","Sever Soul"],"picked":"Dropkick","floor":5},{"not_picked":["Flex","Warcry"],"picked":"Metallicize","floor":6},{"not_picked":["Combust","True Grit"],"picked":"Anger","floor":7},{"not_picked":["Berserk+1","Sentinel","Bloodletting"],"picked":"SKIP","floor":14},{"not_picked":["Demon Form+1","Bludgeon"],"picked":"Double Tap","floor":16},{"not_picked":["Heavy Blade","Perfected Strike"],"picked":"Fire Breathing+1","floor":18},{"not_picked":["Clothesline+1","Anger","Perfected Strike"],"picked":"SKIP","floor":21},{"not_picked":["Perfected Strike","True Grit"],"picked":"Intimidate","floor":22}],"player_experience":610028,"relics_obtained":[{"floor":6,"key":"Meat on the Bone"},{"floor":9,"key":"Frozen Egg 2"},{"floor":14,"key":"MawBank"},{"floor":24,"key":"War Paint"}],"event_choices":[{"cards_removed":["Twin Strike"],"damage_healed":0,"gold_gain":0,"player_choice":"Gave Card","damage_taken":0,"relics_obtained":["Blue Candle"],"max_hp_gain":0,"max_hp_loss":0,"event_name":"WeMeetAgain","floor":2,"gold_loss":0},{"damage_healed":0,"gold_gain":0,"player_choice":"Searched \u00271\u0027 times","damage_taken":0,"relics_obtained":["Pear"],"max_hp_gain":0,"max_hp_loss":0,"event_name":"Dead Adventurer","floor":11,"gold_loss":0},{"cards_removed":["Strike_R"],"damage_healed":0,"gold_gain":0,"player_choice":"Card Removal","damage_taken":0,"max_hp_gain":0,"max_hp_loss":0,"event_name":"The Cleric","floor":12,"gold_loss":50},{"damage_healed":0,"gold_gain":0,"player_choice":"Fight","damage_taken":0,"max_hp_gain":0,"max_hp_loss":0,"event_name":"Colosseum","floor":19,"gold_loss":0},{"damage_healed":0,"gold_gain":0,"player_choice":"Fled From Nobs","damage_taken":0,"max_hp_gain":0,"max_hp_loss":0,"event_name":"Colosseum","floor":19,"gold_loss":0}],"is_beta":false,"boss_relics":[{"not_picked":["Lizard Tail","Philosopher\u0027s Stone"],"picked":"Mark of Pain"}],"items_purged_floors":[3],"is_endless":false,"potions_floor_spawned":[5,6,19,22],"killed_by":"Book of Stabbing","ascension_level":14}