{"gold_per_floor":[119,194,204,204,215,241,253,253,253,263,275,295,306,323,323,323],"floor_reached":16,"playtime":1066,"items_purged":[],"score":178,"play_id":"6eaba457-61ac-4026-b8ed-bbbe262146fa","local_time":"20190302170543","is_ascension_mode":true,"campfire_choices":[{"data":"Rage","floor":8,"key":"SMITH"},{"data":"Armaments","floor":15,"key":"SMITH"}],"neow_cost":"NONE","seed_source_timestamp":76592185638800,"circlet_count":0,"master_deck":["AscendersBane","Strike_R","Strike_R","Strike_R","Strike_R","Defend_R","Defend_R","Defend_R","Defend_R","Bash","Rage+1","Shrug It Off","Rampage","Metallicize","Armaments+1","Iron Wave","Flex","Cleave"],"relics":["Burning Blood","NeowsBlessing","Oddly Smooth Stone"],"potions_floor_usage":[6,10,16,16],"damage_taken":[{"damage":0,"enemies":"Jaw Worm","floor":1,"turns":1},{"damage":0,"enemies":"2 Louse","floor":3,"turns":1},{"damage":0,"enemies":"Cultist","floor":5,"turns":1},{"damage":66,"enemies":"3 Sentries","floor":6,"turns":18},{"damage":2,"enemies":"Looter","floor":7,"turns":5},{"damage":5,"enemies":"2 Fungi Beasts","floor":10,"turns":5},{"damage":3,"enemies":"Exordium Thugs","floor":11,"turns":8},{"damage":2,"enemies":"Large Slime","floor":12,"turns":10},{"damage":11,"enemies":"Lots of Slimes","floor":13,"turns":7},{"damage":0,"enemies":"2 Fungi Beasts","floor":14,"turns":5},{"damage":47,"enemies":"Hexaghost","floor":16,"turns":16}],"seed_played":"5337914831565285553","potions_obtained":[{"floor":5,"key":"EssenceOfSteel"},{"floor":6,"key":"GamblersBrew"},{"floor":7,"key":"Regen Potion"},{"floor":12,"key":"EssenceOfSteel"}],"is_trial":false,"path_per_floor":["M","?","M","?","M","E","M","R","T","M","M","M","M","M","R","B"],"character_chosen":"IRONCLAD","items_purchased":[],"campfire_rested":0,"item_purchase_floors":[],"current_hp_per_floor":[78,67,73,73,79,19,23,23,23,36,39,43,38,44,44,0],"gold":323,"neow_bonus":"THREE_ENEMY_KILL","is_prod":false,"is_daily":false,"chose_seed":false,"campfire_upgraded":2,"win_rate":0,"timestamp":1551546343,"path_taken":["M","?","M","?","?","E","M","R","T","M","M","M","M","M","R","BOSS"],"build_version":"2019-01-23","purchased_purges":0,"victory":false,"max_hp_per_floor":[80,80,80,80,80,80,80,80,80,80,80,80,80,80,80,80],"card_choices":[{"not_picked":["Perfected Strike","Havoc","Corruption"],"picked":"SKIP","floor":1},{"not_picked":["Clothesline","Headbutt","Seeing Red"],"picked":"SKIP","floor":3},{"not_picked":["Cleave","Iron Wave"],"picked":"Shrug It Off","floor":5},{"not_picked":["Headbutt","Body Slam"],"picked":"Rampage","floor":6},{"not_picked":["Iron Wave","Warcry"],"picked":"Metallicize","floor":7},{"not_picked":["Clothesline","Havoc"],"picked":"Armaments","floor":10},{"not_picked":["Corruption","Clash"],"picked":"Iron Wave","floor":11},{"not_picked":["Brutality","Clothesline"],"picked":"Flex","floor":12},{"not_picked":["Body Slam","Warcry","Flex"],"picked":"SKIP","floor":13},{"not_picked":["Thunderclap","Dual Wield"],"picked":"Cleave","floor":14}],"player_experience":589546,"relics_obtained":[{"floor":6,"key":"Oddly Smooth Stone"}],"event_choices":[{"damage_healed":0,"gold_gain":75,"player_choice":"Gather Gold","damage_taken":11,"max_hp_gain":0,"max_hp_loss":0,"event_name":"World of Goop","floor":2,"gold_loss":0},{"damage_healed":0,"gold_gain":0,"cards_transformed":["Strike_R"],"player_choice":"Transformed","damage_taken":0,"max_hp_gain":0,"max_hp_loss":0,"event_name":"Transmorgrifier","floor":4,"gold_loss":0,"cards_obtained":["Rage"]}],"is_beta":false,"boss_relics":[],"items_purged_floors":[],"is_endless":false,"potions_floor_spawned":[5,6,7,12,14],"killed_by":"Hexaghost","ascension_level":13}