{"path_per_floor":["M","M","?","$","?","R","E","M","T","M","?","R","M","M","R","B",null,"M","$","?","?","?","R","$","R","T","M","?","R","E","M","R","B",null,"M","T","?","M","M","R","?","R","T","$","M","E","$","?","R","B"],"character_chosen":"IRONCLAD","items_purchased":["Juzu Bracelet","Shuriken","Inflame","Flash of Steel","Flex"],"gold_per_floor":[112,125,125,50,50,50,91,104,150,173,173,173,194,209,209,330,330,353,108,108,108,108,108,108,108,134,154,79,79,105,123,123,220,220,237,237,237,254,269,269,616,616,616,56,73,107,82,82,82,82],"floor_reached":51,"campfire_rested":3,"playtime":998,"current_hp_per_floor":[66,64,39,39,19,43,25,22,22,24,50,50,56,48,48,17,80,59,59,59,59,59,59,59,59,64,75,75,75,37,24,63,17,80,79,79,86,87,78,78,56,56,56,56,59,46,46,46,87,13],"items_purged":["Defend_R","Defend_R","Normality"],"gold":82,"score":819,"play_id":"232ade2c-bac1-4937-af39-fe36a7362e0f","local_time":"20180324163727","is_prod":false,"is_daily":false,"is_ascension_mode":true,"campfire_upgraded":5,"timestamp":1521923847,"path_taken":["M","M","?","$","?","R","E","M","T","?","?","R","M","M","R","BOSS","M","$","?","?","?","R","?","R","T","M","?","R","E","M","R","BOSS","M","?","?","M","M","R","?","R","T","?","M","E","$","?","R","BOSS"],"build_version":"2018-03-22v2","purchased_purges":3,"victory":true,"master_deck":["Strike_R+1","Strike_R+1","Strike_R+1","Thunderclap+1","Spot Weakness+1","Whirlwind+1","Flex+1","Whirlwind+1","Rampage+1","Offering","Inflame","Flash of Steel","Inflame","Flex"],"max_hp_per_floor":[80,80,80,80,80,80,80,80,80,80,80,80,80,80,80,80,80,80,80,80,80,80,80,80,80,80,80,80,80,80,80,80,80,80,80,80,87,87,87,87,87,87,87,87,87,87,87,87,87,87],"relics":["Burning Blood","Champion Belt","Bloody Idol","Bag of Preparation","War Paint","Lizard Tail","Juzu Bracelet","Regal Pillow","Peace Pipe","Velvet Choker","Du-Vu Doll","Strawberry","Old Coin","Dead Branch","Shuriken","Prayer Wheel"],"card_choices":[{"not_picked":["Anger","Power Through"],"picked":"Thunderclap","floor":1},{"not_picked":["Heavy Blade","Pummel"],"picked":"Spot Weakness","floor":7},{"not_picked":["Second Wind","Shockwave"],"picked":"Whirlwind","floor":10},{"not_picked":["Combust","Body Slam"],"picked":"Flex","floor":13},{"not_picked":["Feel No Pain","Iron Wave"],"picked":"Whirlwind","floor":14},{"not_picked":["Ghostly Armor","Heavy Blade"],"picked":"Rampage","floor":18},{"not_picked":["Exhume","Barricade"],"picked":"Offering","floor":33},{"not_picked":["Anger","Rupture"],"picked":"Inflame","floor":45}],"player_experience":190474,"potions_floor_usage":[16,16,33,33,33,41,50,50,50],"damage_taken":[{"damage":20,"enemies":"Small Slimes","floor":1,"turns":3},{"damage":8,"enemies":"2 Louse","floor":2,"turns":2},{"damage":24,"enemies":"Gremlin Nob","floor":7,"turns":4},{"damage":9,"enemies":"Jaw Worm","floor":8,"turns":3},{"damage":4,"enemies":"Large Slime","floor":10,"turns":5},{"damage":0,"enemies":"Exordium Wildlife","floor":13,"turns":2},{"damage":14,"enemies":"Red Slaver","floor":14,"turns":2},{"damage":37,"enemies":"The Guardian","floor":16,"turns":7},{"damage":27,"enemies":"Chosen","floor":18,"turns":4},{"damage":0,"enemies":"3 Byrds","floor":27,"turns":2},{"damage":49,"enemies":"Book of Stabbing","floor":30,"turns":4},{"damage":24,"enemies":"Snake Plant","floor":31,"turns":3},{"damage":57,"enemies":"Collector","floor":33,"turns":7},{"damage":12,"enemies":"Orb Walker","floor":35,"turns":2},{"damage":0,"enemies":"3 Shapes","floor":38,"turns":1},{"damage":20,"enemies":"Sphere and 2 Shapes","floor":39,"turns":1},{"damage":41,"enemies":"Mysterious Sphere","floor":41,"turns":2},{"damage":8,"enemies":"4 Shapes","floor":45,"turns":1},{"damage":24,"enemies":"2 Orb Walkers","floor":46,"turns":2},{"damage":130,"enemies":"Donu and Deca","floor":50,"turns":5}],"event_choices":[{"event_name":"Scrap Ooze","player_choice":"success","floor":3,"damage_taken":25},{"event_name":"Golden Idol","player_choice":"Take Damage","floor":5,"damage_taken":0},{"event_name":"Big Fish","player_choice":"Banana","floor":11,"damage_taken":0},{"event_name":"Back to Basics","player_choice":"Simplicity","floor":20,"damage_taken":0},{"event_name":"Forgotten Altar","player_choice":"Gave Idol","floor":21,"damage_taken":0},{"event_name":"Cursed Tome","player_choice":"Ignored","floor":22,"damage_taken":0},{"event_name":"Beggar","player_choice":"Gave Gold","floor":28,"damage_taken":0},{"event_name":"Accursed Blacksmith","player_choice":"Rummage","floor":37,"damage_taken":0},{"event_name":"Mysterious Sphere","player_choice":"Fight","floor":41,"damage_taken":0}],"boss_relics":[{"not_picked":["Mark of Pain","Cursed Key"],"picked":"Lizard Tail"},{"not_picked":["Calling Bell","Black Star"],"picked":"Velvet Choker"}],"potions_floor_spawned":[2,7,10,18,31,33,35,39,45],"seed_played":"-8119682834749358955","ascension_level":4,"is_trial":false}