{"path_per_floor":["M","M","M","M","M","R","E","M","T","M","R","?","?","$","R","B",null,"M","?","?","M"],"character_chosen":"THE_SILENT","items_purchased":["Infinite Blades","Flash of Steel"],"gold_per_floor":[116,130,141,151,119,119,151,165,165,175,175,250,250,3,3,104,104,116,31,31,50],"floor_reached":22,"campfire_rested":1,"playtime":1881,"current_hp_per_floor":[70,66,64,56,42,42,17,29,29,39,39,28,28,28,49,38,70,23,23,23,29],"items_purged":["Strike_G"],"gold":50,"score":216,"play_id":"2cdaa8b3-d590-4259-8536-00180651e018","local_time":"20180305192256","is_prod":false,"is_daily":false,"is_ascension_mode":true,"campfire_upgraded":2,"timestamp":1520277776,"path_taken":["M","M","?","M","M","R","E","M","T","M","R","?","?","$","R","BOSS","M","?","?","M","M"],"build_version":"2018-03-01-PROD1","purchased_purges":1,"victory":false,"master_deck":["Defend_G","Defend_G","Defend_G","Defend_G","Defend_G","Strike_G","Strike_G","Strike_G","Survivor","Neutralize+1","Cloak And Dagger","Outmaneuver","Backflip","PiercingWail","Terror","Dodge and Roll+1","Escape Plan","Infinite Blades","Flash of Steel","Envenom","Accuracy"],"max_hp_per_floor":[70,70,70,70,70,70,70,70,70,70,70,70,70,70,70,70,70,70,70,70,70],"relics":["Ring of the Snake","Meat on the Bone","Shovel","Cursed Key","Art of War"],"card_choices":[{"not_picked":["Skewer","Caltrops"],"picked":"Cloak And Dagger"},{"not_picked":["Dagger Throw","Sucker Punch"],"picked":"Outmaneuver"},{"not_picked":["Deflect","Cloak And Dagger"],"picked":"Backflip"},{"not_picked":["Catalyst","Slice"],"picked":"PiercingWail"},{"not_picked":["Unload","Underhanded Strike"],"picked":"Terror"},{"not_picked":["Bouncing Flask","Flying Knee"],"picked":"Dodge and Roll"},{"not_picked":["Crippling Poison","Quick Slash"],"picked":"Escape Plan"},{"not_picked":["Phantasmal Killer","Tools of the Trade"],"picked":"Envenom"},{"not_picked":["Slice","Cloak And Dagger"],"picked":"Accuracy"}],"player_experience":143131,"potions_floor_usage":[7,22,22],"damage_taken":[{"damage":0,"enemies":"Cultist","floor":1,"turns":4},{"damage":4,"enemies":"2 Louse","floor":2,"turns":3},{"damage":2,"enemies":"Jaw Worm","floor":3,"turns":5},{"damage":8,"enemies":"2 Fungi Beasts","floor":4,"turns":5},{"damage":14,"enemies":"Exordium Thugs","floor":5,"turns":5},{"damage":25,"enemies":"3 Sentries","floor":7,"turns":13},{"damage":0,"enemies":"Exordium Wildlife","floor":8,"turns":4},{"damage":2,"enemies":"3 Louse","floor":10,"turns":4},{"damage":11,"enemies":"The Guardian","floor":16,"turns":17},{"damage":59,"enemies":"Chosen","floor":18,"turns":9},{"damage":6,"enemies":"3 Byrds","floor":21,"turns":8},{"damage":29,"enemies":"Sentry and Sphere","floor":22,"turns":7}],"event_choices":[{"event_name":"World of Goop","player_choice":"Gather Gold","floor":12,"damage_taken":0},{"event_name":"Purifier","player_choice":"One Purge","floor":13,"damage_taken":0},{"event_name":"Addict","player_choice":"Obtained Relic","floor":19,"damage_taken":0},{"event_name":"The Lab","player_choice":"Got Potions","floor":20,"damage_taken":0}],"boss_relics":[{"not_picked":["Eternal Feather","Tiny House"],"picked":"Cursed Key"}],"potions_floor_spawned":[1,4,7],"seed_played":"-5579761425083156199","killed_by":"Sentry and Sphere","ascension_level":3,"is_trial":false}