{"gold_per_floor":[109,121,133,21,32,61,61,90,90,90,70,98,117,131,131,236,236,254,254,272,291,320,353,353,380,380,380,380,77,77,2,2,106,106,119,119,169,19,36,36,48,48,75,75,75,75,86,98,98,98],"floor_reached":51,"playtime":3136,"items_purged":["Bite"],"score":796,"play_id":"92bac38e-42f3-462d-b7b1-1f3490b9ffe8","local_time":"20190330154440","is_ascension_mode":true,"campfire_choices":[{"data":"Bash","floor":7,"key":"SMITH"},{"data":"Power Through","floor":10,"key":"SMITH"},{"data":"Heavy Blade","floor":15,"key":"SMITH"},{"data":"Shockwave","floor":24,"key":"SMITH"},{"data":"Armaments","floor":30,"key":"SMITH"},{"data":"Spot Weakness","floor":32,"key":"SMITH"},{"data":"Heavy Blade","floor":40,"key":"SMITH"},{"data":"Spot Weakness","floor":46,"key":"SMITH"},{"data":"Impervious","floor":49,"key":"SMITH"}],"neow_cost":"PERCENT_DAMAGE","seed_source_timestamp":0,"circlet_count":0,"master_deck":["Defend_R","Defend_R","Defend_R","Defend_R","Bash+1","Sword Boomerang","Spot Weakness+1","Disarm","Power Through+1","Spot Weakness+1","Cleave","Iron Wave","Body Slam","Shockwave+1","Heavy Blade+1","Anger","Juggernaut","Heavy Blade+1","Necronomicurse","Ghostly Armor+1","Barricade","Bite","Bite","Bite","Bite","Armaments+1","Impervious+1","Corruption+1","Rage+1","Entrench+1","Madness","Madness","Shrug It Off+1","Shrug It Off+1"],"special_seed":0,"relics":["Burning Blood","Thread and Needle","Kunai","Du-Vu Doll","Mango","Magic Flower","Snecko Eye","Necronomicon","Red Mask","Boot","Gambling Chip","Charon\u0027s Ashes","Paper Frog","Runic Dome","Prayer Wheel","Pen Nib","Lantern"],"potions_floor_usage":[6,6,8,8,12,12,16,16,22,22,50],"damage_taken":[{"damage":3,"enemies":"Jaw Worm","floor":1,"turns":3},{"damage":0,"enemies":"Cultist","floor":2,"turns":4},{"damage":3,"enemies":"2 Louse","floor":3,"turns":3},{"damage":0,"enemies":"Blue Slaver","floor":5,"turns":3},{"damage":30,"enemies":"Lagavulin","floor":6,"turns":10},{"damage":14,"enemies":"3 Sentries","floor":8,"turns":4},{"damage":13,"enemies":"Lagavulin","floor":12,"turns":8},{"damage":0,"enemies":"Looter","floor":13,"turns":3},{"damage":7,"enemies":"3 Louse","floor":14,"turns":3},{"damage":24,"enemies":"The Guardian","floor":16,"turns":7},{"damage":12,"enemies":"Shell Parasite","floor":18,"turns":4},{"damage":0,"enemies":"Chosen","floor":20,"turns":2},{"damage":7,"enemies":"Shelled Parasite and Fungi","floor":21,"turns":3},{"damage":0,"enemies":"Masked Bandits","floor":22,"turns":4},{"damage":2,"enemies":"Gremlin Leader","floor":23,"turns":6},{"damage":19,"enemies":"Slavers","floor":25,"turns":5},{"damage":17,"enemies":"Collector","floor":33,"turns":7},{"damage":0,"enemies":"Orb Walker","floor":35,"turns":2},{"damage":7,"enemies":"2 Orb Walkers","floor":37,"turns":3},{"damage":0,"enemies":"3 Shapes","floor":39,"turns":2},{"damage":3,"enemies":"Spire Growth","floor":41,"turns":4},{"damage":9,"enemies":"Maw","floor":47,"turns":5},{"damage":0,"enemies":"4 Shapes","floor":48,"turns":2},{"damage":7,"enemies":"Time Eater","floor":50,"turns":6}],"seed_played":"8002004694546597558","potions_obtained":[{"floor":2,"key":"SkillPotion"},{"floor":5,"key":"Energy Potion"},{"floor":6,"key":"EntropicBrew"},{"floor":11,"key":"FearPotion"},{"floor":13,"key":"Weak Potion"},{"floor":20,"key":"GamblersBrew"},{"floor":21,"key":"SkillPotion"},{"floor":25,"key":"Swift Potion"},{"floor":37,"key":"GamblersBrew"},{"floor":41,"key":"EssenceOfSteel"}],"is_trial":false,"path_per_floor":["M","M","M","$","M","E","R","E","T","R","?","E","M","M","R","B",null,"M","?","M","M","?","E","R","E","T","?","?","$","R","$","R","B",null,"M","$","?","$","M","R","M","?","T","$","?","R","M","M","R","B",null],"character_chosen":"IRONCLAD","items_purchased":["Power Through","Spot Weakness","Paper Frog","Fire Potion","Pen Nib"],"campfire_rested":0,"item_purchase_floors":[4,4,29,29,38],"current_hp_per_floor":[59,65,68,68,74,50,50,42,56,56,56,49,58,60,60,45,94,91,75,84,86,94,94,94,84,84,65,65,65,65,65,65,65,65,65,65,65,65,65,65,65,57,57,57,57,57,65,65,65,65],"gold":98,"neow_bonus":"ONE_RARE_RELIC","is_prod":false,"is_daily":false,"chose_seed":false,"campfire_upgraded":9,"win_rate":0,"timestamp":1553975080,"path_taken":["M","M","M","$","M","E","R","E","T","R","?","E","?","M","R","BOSS","M","?","M","M","?","E","R","E","T","?","?","?","R","$","R","BOSS","M","$","?","$","M","R","M","?","T","?","?","R","M","M","R","BOSS"],"build_version":"2019-01-23","purchased_purges":1,"victory":true,"max_hp_per_floor":[80,80,80,80,80,80,80,80,94,94,94,94,94,94,94,94,94,94,94,94,94,94,94,94,94,94,65,65,65,65,65,65,65,65,65,65,65,65,65,65,65,65,65,65,65,65,65,65,65,65],"card_choices":[{"not_picked":["Warcry","Sever Soul"],"picked":"Sword Boomerang","floor":1},{"not_picked":["Sword Boomerang","Havoc"],"picked":"Spot Weakness","floor":2},{"not_picked":["Bludgeon","Twin Strike"],"picked":"Disarm","floor":3},{"not_picked":["Clothesline","Havoc"],"picked":"Cleave","floor":5},{"not_picked":["Fire Breathing","Flex"],"picked":"Iron Wave","floor":6},{"not_picked":["Rampage","Brutality"],"picked":"Body Slam","floor":8},{"not_picked":["True Grit","Body Slam"],"picked":"Shockwave","floor":12},{"not_picked":["Searing Blow","Carnage"],"picked":"Heavy Blade","floor":13},{"not_picked":["Corruption","Heavy Blade"],"picked":"Anger","floor":14},{"not_picked":["Feed","Limit Break"],"picked":"Juggernaut","floor":16},{"not_picked":["Wild Strike","Twin Strike"],"picked":"Heavy Blade","floor":18},{"not_picked":["Pommel Strike","Searing Blow","Sword Boomerang+1"],"picked":"SKIP","floor":20},{"not_picked":["Clothesline","Wild Strike"],"picked":"Ghostly Armor+1","floor":21},{"not_picked":["Pummel+1","Clothesline"],"picked":"Barricade","floor":22},{"not_picked":["Sentinel","Clothesline","Perfected Strike"],"picked":"SKIP","floor":23},{"not_picked":["Body Slam","Second Wind","Clash"],"picked":"SKIP","floor":25},{"not_picked":["Double Tap","Barricade"],"picked":"Impervious","floor":33},{"not_picked":["Clash","Cleave"],"picked":"Corruption+1","floor":35},{"not_picked":["Body Slam+1","Infernal Blade"],"picked":"Rage+1","floor":39},{"not_picked":["True Grit","Dropkick+1","Disarm"],"picked":"SKIP","floor":39},{"not_picked":["Wild Strike","Thunderclap+1"],"picked":"Entrench+1","floor":41},{"not_picked":["Whirlwind","Juggernaut","True Grit"],"picked":"SKIP","floor":41},{"not_picked":["Heavy Blade","Flex","Feel No Pain+1"],"picked":"SKIP","floor":47},{"not_picked":["Headbutt","Warcry","Pummel+1"],"picked":"SKIP","floor":47},{"not_picked":["Rage+1","Rupture"],"picked":"Shrug It Off+1","floor":48},{"not_picked":["Corruption","Wild Strike"],"picked":"Shrug It Off+1","floor":48}],"player_experience":77187,"relics_obtained":[{"floor":6,"key":"Kunai"},{"floor":8,"key":"Du-Vu Doll"},{"floor":9,"key":"Mango"},{"floor":12,"key":"Magic Flower"},{"floor":19,"key":"Necronomicon"},{"floor":22,"key":"Red Mask"},{"floor":23,"key":"Boot"},{"floor":25,"key":"Gambling Chip"},{"floor":26,"key":"Charon\u0027s Ashes"},{"floor":37,"key":"Prayer Wheel"},{"floor":43,"key":"Lantern"}],"event_choices":[{"damage_healed":0,"gold_gain":0,"player_choice":"Bought 1 Potion","damage_taken":0,"max_hp_gain":0,"max_hp_loss":0,"event_name":"The Woman in Blue","floor":11,"gold_loss":0},{"damage_healed":0,"gold_gain":0,"player_choice":"Obtained Book","damage_taken":16,"max_hp_gain":0,"max_hp_loss":0,"event_name":"Cursed Tome","floor":19,"gold_loss":0},{"damage_healed":0,"gold_gain":0,"player_choice":"Fought Bandits","damage_taken":0,"max_hp_gain":0,"max_hp_loss":0,"event_name":"Masked Bandits","floor":22,"gold_loss":0},{"damage_healed":0,"gold_gain":0,"player_choice":"Became a vampire","damage_taken":0,"max_hp_gain":0,"max_hp_loss":29,"event_name":"Vampires","floor":27,"gold_loss":0,"cards_obtained":["Bite","Bite","Bite","Bite","Bite"]},{"damage_healed":0,"gold_gain":0,"player_choice":"Read","damage_taken":0,"max_hp_gain":0,"max_hp_loss":0,"event_name":"The Library","floor":28,"gold_loss":0,"cards_obtained":["Armaments"]},{"damage_healed":0,"gold_gain":0,"player_choice":"Fight","damage_taken":0,"max_hp_gain":0,"max_hp_loss":0,"event_name":"Mysterious Sphere","floor":37,"gold_loss":0},{"damage_healed":0,"gold_gain":0,"player_choice":"Embrace Madness","damage_taken":8,"max_hp_gain":0,"max_hp_loss":0,"event_name":"Winding Halls","floor":42,"gold_loss":0,"cards_obtained":["Madness","Madness"]},{"damage_healed":0,"gold_gain":0,"player_choice":"Memory 1","damage_taken":0,"max_hp_gain":0,"max_hp_loss":0,"event_name":"SensoryStone","floor":45,"gold_loss":0}],"is_beta":false,"boss_relics":[{"not_picked":["Runic Pyramid","Philosopher\u0027s Stone"],"picked":"Snecko Eye"},{"not_picked":["Black Blood","Runic Cube"],"picked":"Runic Dome"}],"items_purged_floors":[31],"is_endless":false,"potions_floor_spawned":[2,5,6,13,20,21,25,37,41],"ascension_level":2}