{"gold_per_floor":[116,29,29,29,43,77,89,115,184,216,216,291,325,79,79,153,153,173,173,190,190,205,205,268,279,279,292,317,317,333,65,65,140,140,156,156,167,518,518,548,398,398,398,433,446,446,446,466,466,466,466,466,466,126,156,156],"floor_reached":57,"playtime":3271,"items_purged":["Strike_G","Backstab+1"],"score":3377,"play_id":"6eb4645f-adc1-4e1d-986b-452dbf717b33","local_time":"20190330005916","is_ascension_mode":true,"campfire_choices":[{"floor":11.0,"key":"REST"},{"data":"Noxious Fumes","floor":15.0,"key":"SMITH"},{"data":"Crippling Poison","floor":23.0,"key":"SMITH"},{"data":"Night Terror","floor":29.0,"key":"SMITH"},{"data":"Malaise","floor":32.0,"key":"SMITH"},{"data":"Catalyst","floor":42.0,"key":"SMITH"},{"floor":46.0,"key":"RECALL"},{"data":"Dodge and Roll","floor":49.0,"key":"SMITH"},{"floor":53.0,"key":"REST"}],"neow_cost":"NONE","seed_source_timestamp":1452971110799576,"circlet_count":0,"master_deck":["AscendersBane","Defend_G+1","Defend_G+1","Defend_G+1","Defend_G+1","Defend_G+1","Survivor+1","Neutralize+1","Bouncing Flask+1","Footwork+1","Noxious Fumes+1","Dash+1","Backflip+1","Backflip+1","Footwork+1","Malaise+1","Cloak And Dagger+1","Bane+1","Dodge and Roll+1","Crippling Poison+1","PiercingWail+1","Night Terror+1","Blur+1","Deflect+1","Doppelganger+1","Well Laid Plans+1","PiercingWail+1","Corpse Explosion+1","PiercingWail+1","PiercingWail+1","Catalyst+1","Dodge and Roll+1","PiercingWail"],"special_seed":0,"relics":["Ring of the Snake","NeowsBlessing","Bird Faced Urn","Boot","Mercury Hourglass","Lantern","Snake Skull","Astrolabe","Dream Catcher","Bronze Scales","Tiny Chest","Ninja Scroll","Paper Crane","Bag of Preparation","Sozu","Mark of the Bloom","Old Coin","Centennial Puzzle","Potion Belt","Oddly Smooth Stone","Bag of Marbles","Pocketwatch","Incense Burner"],"potions_floor_usage":[56,56],"damage_taken":[{"damage":0.0,"enemies":"Small Slimes","floor":1.0,"turns":1.0},{"damage":0.0,"enemies":"Jaw Worm","floor":5.0,"turns":1.0},{"damage":0.0,"enemies":"Lagavulin","floor":6.0,"turns":1.0},{"damage":0.0,"enemies":"Cultist","floor":7.0,"turns":5.0},{"damage":21.0,"enemies":"3 Sentries","floor":8.0,"turns":9.0},{"damage":24.0,"enemies":"Gremlin Nob","floor":10.0,"turns":4.0},{"damage":7.0,"enemies":"3 Sentries","floor":13.0,"turns":6.0},{"damage":0.0,"enemies":"The Guardian","floor":16.0,"turns":9.0},{"damage":6.0,"enemies":"Shell Parasite","floor":18.0,"turns":8.0},{"damage":10.0,"enemies":"2 Thieves","floor":20.0,"turns":3.0},{"damage":3.0,"enemies":"Cultist and Chosen","floor":22.0,"turns":5.0},{"damage":20.0,"enemies":"Slavers","floor":24.0,"turns":5.0},{"damage":1.0,"enemies":"Snake Plant","floor":25.0,"turns":5.0},{"damage":0.0,"enemies":"Centurion and Healer","floor":27.0,"turns":7.0},{"damage":6.0,"enemies":"Book of Stabbing","floor":28.0,"turns":6.0},{"damage":13.0,"enemies":"Shelled Parasite and Fungi","floor":30.0,"turns":7.0},{"damage":10.0,"enemies":"Automaton","floor":33.0,"turns":11.0},{"damage":0.0,"enemies":"Orb Walker","floor":35.0,"turns":4.0},{"damage":0.0,"enemies":"3 Shapes","floor":37.0,"turns":3.0},{"damage":0.0,"enemies":"2 Orb Walkers","floor":38.0,"turns":3.0},{"damage":0.0,"enemies":"Reptomancer","floor":40.0,"turns":7.0},{"damage":0.0,"enemies":"Giant Head","floor":44.0,"turns":7.0},{"damage":0.0,"enemies":"Jaw Worm Horde","floor":45.0,"turns":3.0},{"damage":0.0,"enemies":"Writhing Mass","floor":48.0,"turns":4.0},{"damage":0.0,"enemies":"Awakened One","floor":50.0,"turns":20.0},{"damage":2.0,"enemies":"Donu and Deca","floor":51.0,"turns":6.0},{"damage":0.0,"enemies":"Shield and Spear","floor":55.0,"turns":6.0},{"damage":0,"enemies":"The Heart","floor":56,"turns":7}],"seed_played":"-6876073287291062902","potions_obtained":[{"floor":6.0,"key":"Poison Potion"},{"floor":8.0,"key":"SkillPotion"},{"floor":13.0,"key":"Dexterity Potion"},{"floor":16.0,"key":"PowerPotion"},{"floor":24.0,"key":"SteroidPotion"},{"floor":25.0,"key":"GhostInAJar"}],"is_trial":false,"path_per_floor":["M","$","?","?","M","E","M","E","T","E","R","?","E","$","R","B",null,"M","?","M","?","M","R","E","M","T","M","E","R","M","$","R","B",null,"M","?","M","?","T","E","$","R","T","E","M","R","T","M","R","B","B",null,"R","$","E","B",null],"character_chosen":"THE_SILENT","items_purchased":["Footwork","Snake Skull","Bag of Preparation","GhostInAJar","PiercingWail","Dodge and Roll","Pocketwatch"],"campfire_rested":2,"item_purchase_floors":[2,14,31,31,31,41,54],"current_hp_per_floor":[59,59,52,52,52,52,56,39,39,19,38,27,24,24,24,30,57,57,57,49,49,52,52,38,43,43,47,47,47,40,40,40,44,61,66,66,66,66,66,66,66,66,66,66,66,66,66,66,66,66,64,64,64,64,64,64],"gold":156,"neow_bonus":"THREE_ENEMY_KILL","is_prod":false,"is_daily":false,"chose_seed":false,"campfire_upgraded":6,"win_rate":0,"timestamp":1553921956,"path_taken":["M","$","?","?","?","E","M","E","T","E","R","?","E","$","R","BOSS","M","?","?","?","?","R","E","M","T","M","E","R","M","$","R","BOSS","M","?","M","?","?","E","$","R","T","E","M","R","?","M","R","BOSS","BOSS","R","$","E","BOSS"],"build_version":"2019-03-15","purchased_purges":2,"victory":true,"max_hp_per_floor":[66,66,66,66,66,66,66,66,66,66,66,66,66,66,66,66,66,66,66,66,66,66,66,66,66,66,66,66,66,66,66,66,66,66,66,66,66,66,66,66,66,66,66,66,66,66,66,66,66,66,66,66,66,66,66,66],"card_choices":[{"not_picked":["Sucker Punch","Flying Knee"],"picked":"Bouncing Flask","floor":1.0},{"not_picked":["Quick Slash","Bane"],"picked":"Noxious Fumes","floor":5.0},{"not_picked":["PiercingWail","Dodge and Roll"],"picked":"Dash","floor":6.0},{"not_picked":["Dagger Throw","Terror"],"picked":"Backstab","floor":7.0},{"not_picked":["All Out Attack","Flechettes"],"picked":"Backflip","floor":8.0},{"not_picked":["Poisoned Stab","Dodge and Roll"],"picked":"Backflip","floor":10.0},{"not_picked":["All Out Attack","Flying Knee"],"picked":"Footwork","floor":13.0},{"not_picked":["Envenom","Grand Finale"],"picked":"Malaise","floor":16.0},{"not_picked":["Dagger Throw","Quick Slash","Caltrops"],"picked":"SKIP","floor":18.0},{"not_picked":["PiercingWail","Distraction"],"picked":"Crippling Poison","floor":20.0},{"not_picked":["Dash","Reflex"],"picked":"PiercingWail","floor":22.0},{"not_picked":["Dagger Spray","Sucker Punch"],"picked":"Night Terror","floor":24.0},{"not_picked":["Poisoned Stab","PiercingWail"],"picked":"Blur","floor":25.0},{"not_picked":["Deflect","Underhanded Strike","Phantasmal Killer"],"picked":"SKIP","floor":27.0},{"not_picked":["Underhanded Strike","Phantasmal Killer"],"picked":"Deflect","floor":27.0},{"not_picked":["Accuracy","Riddle With Holes"],"picked":"Doppelganger","floor":28.0},{"not_picked":["Cloak And Dagger","Terror"],"picked":"Well Laid Plans","floor":30.0},{"not_picked":["Adrenaline","A Thousand Cuts"],"picked":"Corpse Explosion","floor":33.0},{"not_picked":["Dagger Spray","Setup","Bane"],"picked":"SKIP","floor":35.0},{"not_picked":["Dagger Throw","Quick Slash"],"picked":"PiercingWail+1","floor":37.0},{"not_picked":["Masterful Stab+1","Outmaneuver"],"picked":"PiercingWail+1","floor":38.0},{"not_picked":["Escape Plan+1","Phantasmal Killer"],"picked":"Catalyst","floor":40.0},{"not_picked":["Slice","Envenom","Bane"],"picked":"SKIP","floor":44.0},{"not_picked":["Eviscerate","Expertise","Dagger Spray"],"picked":"SKIP","floor":45.0},{"not_picked":["Prepared","Quick Slash","Well Laid Plans"],"picked":"SKIP","floor":48.0},{"not_picked":["Infinite Blades","Poisoned Stab+1"],"picked":"PiercingWail","floor":53.0},{"not_picked":["Prepared","Escape Plan","Acrobatics"],"picked":"SKIP","floor":55.0}],"player_experience":1367130,"relics_obtained":[{"floor":6.0,"key":"Bird Faced Urn"},{"floor":8.0,"key":"Boot"},{"floor":9.0,"key":"Mercury Hourglass"},{"floor":10.0,"key":"Lantern"},{"floor":19.0,"key":"Dream Catcher"},{"floor":24.0,"key":"Tiny Chest"},{"floor":26.0,"key":"Ninja Scroll"},{"floor":28.0,"key":"Paper Crane"},{"floor":38.0,"key":"Old Coin"},{"floor":39.0,"key":"Centennial Puzzle"},{"floor":40.0,"key":"Potion Belt"},{"floor":44.0,"key":"Oddly Smooth Stone"},{"floor":47.0,"key":"Bag of Marbles"},{"floor":55.0,"key":"Incense Burner"}],"event_choices":[{"cards_removed":["Strike_G"],"damage_healed":0.0,"max_hp_gain":0.0,"max_hp_loss":0.0,"gold_gain":0.0,"event_name":"Golden Wing","player_choice":"Card Removal","floor":3.0,"gold_loss":0.0,"damage_taken":7.0},{"damage_healed":0.0,"max_hp_gain":0.0,"max_hp_loss":0.0,"gold_gain":0.0,"cards_transformed":["Strike_G"],"event_name":"Transmorgrifier","player_choice":"Transformed","floor":4.0,"gold_loss":0.0,"damage_taken":0.0,"cards_obtained":["Heel Hook"]},{"damage_healed":0.0,"max_hp_gain":0.0,"max_hp_loss":0.0,"gold_gain":75.0,"event_name":"World of Goop","player_choice":"Gather Gold","floor":12.0,"gold_loss":0.0,"damage_taken":11.0},{"damage_healed":0.0,"max_hp_gain":0.0,"max_hp_loss":0.0,"gold_gain":0.0,"event_name":"Wheel of Change","player_choice":"Relic","floor":19.0,"gold_loss":0.0,"damage_taken":0.0},{"damage_healed":0.0,"max_hp_gain":0.0,"max_hp_loss":0.0,"gold_gain":0.0,"event_name":"WeMeetAgain","player_choice":"Gave Potion","floor":21.0,"gold_loss":0.0,"damage_taken":0.0,"relics_obtained":["Bronze Scales"]},{"damage_healed":0.0,"max_hp_gain":0.0,"max_hp_loss":0.0,"gold_gain":0.0,"event_name":"MindBloom","player_choice":"Upgrade","floor":36.0,"gold_loss":0.0,"damage_taken":0.0,"cards_upgraded":["Defend_G","Defend_G","Defend_G","Defend_G","Defend_G","Survivor","Neutralize","Bouncing Flask","Footwork","Dash","Backstab","Backflip","Backflip","Footwork","PiercingWail","Blur","Deflect","Doppelganger","Well Laid Plans","PiercingWail","Corpse Explosion"],"relics_obtained":["Mark of the Bloom"]},{"damage_healed":0.0,"max_hp_gain":0.0,"max_hp_loss":0.0,"gold_gain":0.0,"event_name":"Mysterious Sphere","player_choice":"Fight","floor":38.0,"gold_loss":0.0,"damage_taken":0.0}],"is_beta":true,"boss_relics":[{"not_picked":["White Beast Statue","Philosopher\u0027s Stone"],"picked":"Astrolabe"},{"not_picked":["Velvet Choker","Eternal Feather"],"picked":"Sozu"}],"items_purged_floors":[14,41],"is_endless":false,"potions_floor_spawned":[6,8,13,16,18,24,25,28,33,35,37,44,48,55],"ascension_level":20}