{"gold_per_floor":[117,137,137,157,157,157,20,55,55,65,65,65,89,26,26,105,105,119,91,91,31,41,41,41],"floor_reached":24,"playtime":1030,"items_purged":["Strike_B"],"score":349,"play_id":"a7d9d728-ec2e-4b5b-8767-5c1deb0201ba","local_time":"20190328224817","is_ascension_mode":true,"campfire_choices":[{"floor":6,"key":"REST"},{"floor":11,"key":"REST"},{"data":"Capacitor","floor":15,"key":"SMITH"},{"floor":23,"key":"REST"}],"neow_cost":"PERCENT_DAMAGE","seed_source_timestamp":86142210612400,"circlet_count":0,"master_deck":["AscendersBane","Strike_B","Strike_B+1","Defend_B","Defend_B","Defend_B","Defend_B","Zap","Dualcast+1","Rainbow+1","Auto Shields","Scrape","Coolheaded","Capacitor+1","Bandage Up","Cold Snap","Cold Snap","Rainbow","Defragment+1","Conserve Battery","BootSequence","Ball Lightning"],"relics":["Cracked Core","Prayer Wheel","MawBank","Velvet Choker"],"potions_floor_usage":[4,8,16,24],"damage_taken":[{"damage":3,"enemies":"Cultist","floor":1,"turns":5},{"damage":9,"enemies":"Small Slimes","floor":2,"turns":5},{"damage":7,"enemies":"Jaw Worm","floor":4,"turns":4},{"damage":29,"enemies":"3 Sentries","floor":8,"turns":7},{"damage":1,"enemies":"Exordium Wildlife","floor":10,"turns":3},{"damage":1,"enemies":"Blue Slaver","floor":13,"turns":5},{"damage":23,"enemies":"Hexaghost","floor":16,"turns":16},{"damage":3,"enemies":"Chosen","floor":18,"turns":5},{"damage":18,"enemies":"2 Thieves","floor":21,"turns":4},{"damage":43,"enemies":"Cultist and Chosen","floor":22,"turns":7},{"damage":39,"enemies":"Gremlin Leader","floor":24,"turns":2}],"seed_played":"859471957309817022","potions_obtained":[{"floor":1,"key":"PowerPotion"},{"floor":4,"key":"Fruit Juice"},{"floor":13,"key":"Dexterity Potion"},{"floor":22,"key":"Dexterity Potion"}],"is_trial":false,"path_per_floor":["M","M","?","M","?","R","$","E","T","M","R","?","M","$","R","B",null,"M","$","?","M","M","R","E"],"character_chosen":"DEFECT","items_purchased":["Capacitor","Bandage Up","Conserve Battery"],"campfire_rested":3,"item_purchase_floors":[7,7,19],"current_hp_per_floor":[43,34,34,32,9,31,31,6,6,9,31,26,29,29,29,10,60,61,61,61,47,8,30,0],"gold":41,"neow_bonus":"THREE_RARE_CARDS","is_prod":false,"is_daily":false,"chose_seed":false,"campfire_upgraded":1,"win_rate":0,"timestamp":1553813297,"path_taken":["M","?","?","?","?","R","?","E","T","M","R","?","M","$","R","BOSS","M","$","?","?","M","R","E"],"build_version":"2019-01-23","purchased_purges":1,"victory":false,"max_hp_per_floor":[71,71,71,76,76,76,76,76,76,76,76,76,76,76,76,76,76,76,76,76,76,76,76,76],"card_choices":[{"not_picked":["Reboot","Echo Form"],"picked":"Rainbow","floor":0},{"not_picked":["Storm","Lockon"],"picked":"Auto Shields","floor":1},{"not_picked":["Barrage","Gash"],"picked":"Scrape","floor":2},{"not_picked":["Streamline","Doom and Gloom"],"picked":"Coolheaded","floor":4},{"not_picked":["Stack","Gash"],"picked":"Cold Snap","floor":8},{"not_picked":["Darkness","Tempest"],"picked":"Cold Snap","floor":10},{"not_picked":["Creative AI","Steam Power","Aggregate"],"picked":"SKIP","floor":10},{"not_picked":["Hologram","Streamline","Reinforced Body"],"picked":"SKIP","floor":13},{"not_picked":["Streamline","Reinforced Body","Turbo"],"picked":"SKIP","floor":13},{"not_picked":["Seek","Machine Learning"],"picked":"Rainbow","floor":16},{"not_picked":["Chill","Redo"],"picked":"Defragment+1","floor":18},{"not_picked":["Steam","Redo","Gash"],"picked":"SKIP","floor":18},{"not_picked":["Darkness","Compile Driver"],"picked":"BootSequence","floor":21},{"not_picked":["Heatsinks","Redo","Melter"],"picked":"SKIP","floor":21},{"not_picked":["Aggregate","Steam"],"picked":"Ball Lightning","floor":22},{"not_picked":["Stack","Rebound","Sweeping Beam"],"picked":"SKIP","floor":22}],"player_experience":635069,"relics_obtained":[{"floor":8,"key":"Prayer Wheel"}],"event_choices":[{"damage_healed":0,"gold_gain":0,"player_choice":"Upgraded","damage_taken":0,"max_hp_gain":0,"max_hp_loss":0,"event_name":"Upgrade Shrine","floor":3,"gold_loss":0,"cards_upgraded":["Rainbow"]},{"damage_healed":0,"gold_gain":0,"player_choice":"Entered Light","damage_taken":23,"max_hp_gain":0,"max_hp_loss":0,"event_name":"Shining Light","floor":5,"gold_loss":0,"cards_upgraded":["Dualcast","Strike_B"]},{"damage_healed":0,"gold_gain":0,"player_choice":"Success","damage_taken":5,"relics_obtained":["MawBank"],"max_hp_gain":0,"max_hp_loss":0,"event_name":"Scrap Ooze","floor":12,"gold_loss":0},{"cards_removed":["Strike_B"],"damage_healed":0,"gold_gain":0,"player_choice":"Purged","damage_taken":0,"max_hp_gain":0,"max_hp_loss":0,"event_name":"Purifier","floor":20,"gold_loss":0}],"is_beta":false,"boss_relics":[{"not_picked":["Eternal Feather","Runic Dome"],"picked":"Velvet Choker"}],"items_purged_floors":[14],"is_endless":false,"potions_floor_spawned":[1,4,13,22],"killed_by":"Gremlin Leader","ascension_level":16}