{"gold_per_floor":[219,238,255,275,275,275,287,287,287,319,319,319,354,373,373,469,469,487,85,109,119,131,161,161,175,175,202,216,216],"floor_reached":29,"playtime":1080,"items_purged":[],"score":416,"play_id":"42f49606-49d2-4007-8382-ea030370740a","local_time":"20190306213924","is_ascension_mode":true,"campfire_choices":[{"data":"Rampage","floor":6,"key":"SMITH"},{"floor":12,"key":"REST"},{"data":"Demon Form","floor":15,"key":"SMITH"},{"floor":24,"key":"REST"}],"neow_cost":"NONE","seed_source_timestamp":504506250108049,"circlet_count":0,"master_deck":["AscendersBane","Strike_R+1","Strike_R","Defend_R","Defend_R","Defend_R","Defend_R","Bash","Rampage+1","Thunderclap+1","Demon Form+1","Carnage","Twin Strike","Shrug It Off","Offering","Second Wind+1","Sever Soul+1","Ghostly Armor+1","Wild Strike+1","Whirlwind","Armaments+1","Seeing Red+1","Clothesline","Twin Strike+1","Flame Barrier","Clothesline+1"],"relics":["Burning Blood","Orichalcum","Shuriken","Whetstone","Charon\u0027s Ashes","Mercury Hourglass","Astrolabe","ClockworkSouvenir","Tiny Chest","Omamori","Potion Belt","Bottled Flame","Regal Pillow"],"potions_floor_usage":[7,10,16,21,22,27],"damage_taken":[{"damage":0,"enemies":"Small Slimes","floor":1,"turns":3},{"damage":4,"enemies":"2 Louse","floor":2,"turns":3},{"damage":14,"enemies":"Jaw Worm","floor":3,"turns":3},{"damage":17,"enemies":"Red Slaver","floor":4,"turns":4},{"damage":17,"enemies":"Lots of Slimes","floor":7,"turns":5},{"damage":27,"enemies":"3 Sentries","floor":10,"turns":6},{"damage":20,"enemies":"Gremlin Nob","floor":13,"turns":4},{"damage":0,"enemies":"Exordium Thugs","floor":14,"turns":3},{"damage":18,"enemies":"Hexaghost","floor":16,"turns":7},{"damage":11,"enemies":"Spheric Guardian","floor":18,"turns":3},{"damage":10,"enemies":"2 Thieves","floor":21,"turns":3},{"damage":15,"enemies":"Centurion and Healer","floor":22,"turns":3},{"damage":34,"enemies":"Slavers","floor":23,"turns":4},{"damage":23,"enemies":"Snake Plant","floor":25,"turns":5},{"damage":26,"enemies":"Gremlin Leader","floor":27,"turns":6},{"damage":6,"enemies":"3 Cultists","floor":28,"turns":5},{"damage":15,"enemies":"Slavers","floor":29,"turns":1}],"seed_played":"741690751480926664","potions_obtained":[{"floor":1,"key":"Swift Potion"},{"floor":3,"key":"SkillPotion"},{"floor":10,"key":"Poison Potion"},{"floor":13,"key":"SpeedPotion"},{"floor":14,"key":"Energy Potion"},{"floor":18,"key":"Energy Potion"},{"floor":21,"key":"SpeedPotion"},{"floor":23,"key":"SkillPotion"},{"floor":25,"key":"LiquidBronze"}],"is_trial":false,"path_per_floor":["M","M","M","M","?","R","M","?","T","E","?","R","E","M","R","B",null,"M","$","T","M","M","E","R","M","T","E","M","E"],"character_chosen":"IRONCLAD","items_purchased":["ClockworkSouvenir","Tiny Chest","Whirlwind"],"campfire_rested":2,"item_purchase_floors":[19,19,19],"current_hp_per_floor":[78,80,72,61,58,58,47,47,47,26,26,50,36,42,42,30,68,63,63,63,59,50,22,46,29,29,9,9,0],"gold":216,"neow_bonus":"HUNDRED_GOLD","is_prod":false,"is_daily":false,"chose_seed":false,"campfire_upgraded":2,"win_rate":0,"timestamp":1551926364,"path_taken":["M","M","M","M","?","R","M","?","T","E","?","R","E","M","R","BOSS","M","$","?","M","M","E","R","?","T","E","M","E"],"build_version":"2019-01-23","purchased_purges":0,"victory":false,"max_hp_per_floor":[80,80,80,80,80,80,80,80,80,80,80,80,80,80,80,80,80,80,80,80,80,80,80,80,80,80,80,80,80],"card_choices":[{"not_picked":["Fire Breathing","Anger"],"picked":"Rampage","floor":1},{"not_picked":["Bloodletting","Warcry"],"picked":"Thunderclap","floor":2},{"not_picked":["Sword Boomerang","Thunderclap","Pummel"],"picked":"SKIP","floor":3},{"not_picked":["Uppercut","Body Slam"],"picked":"Demon Form","floor":4},{"not_picked":["Spot Weakness","Sever Soul","Corruption"],"picked":"SKIP","floor":7},{"not_picked":["Perfected Strike","Pommel Strike"],"picked":"Carnage","floor":10},{"not_picked":["Dark Embrace","Wild Strike"],"picked":"Twin Strike","floor":13},{"not_picked":["Disarm","True Grit"],"picked":"Shrug It Off","floor":14},{"not_picked":["Bludgeon","Barricade"],"picked":"Offering","floor":16},{"not_picked":["True Grit","Clothesline"],"picked":"Wild Strike+1","floor":18},{"not_picked":["Carnage","Sentinel"],"picked":"Armaments+1","floor":21},{"not_picked":["Power Through","Intimidate"],"picked":"Seeing Red+1","floor":22},{"not_picked":["Warcry","Sword Boomerang"],"picked":"Clothesline","floor":23},{"not_picked":["Anger+1","Perfected Strike"],"picked":"Twin Strike+1","floor":25},{"not_picked":["Havoc","Berserk"],"picked":"Flame Barrier","floor":27},{"not_picked":["Rupture+1","Armaments"],"picked":"Clothesline+1","floor":28}],"player_experience":275902,"relics_obtained":[{"floor":9,"key":"Whetstone"},{"floor":10,"key":"Charon\u0027s Ashes"},{"floor":13,"key":"Mercury Hourglass"},{"floor":20,"key":"Omamori"},{"floor":23,"key":"Potion Belt"},{"floor":26,"key":"Bottled Flame"},{"floor":27,"key":"Regal Pillow"}],"event_choices":[{"damage_healed":0,"gold_gain":0,"player_choice":"Success","damage_taken":3,"relics_obtained":["Orichalcum"],"max_hp_gain":0,"max_hp_loss":0,"event_name":"Scrap Ooze","floor":5,"gold_loss":0},{"damage_healed":0,"gold_gain":0,"player_choice":"Box","damage_taken":0,"relics_obtained":["Shuriken"],"max_hp_gain":0,"max_hp_loss":0,"event_name":"Big Fish","floor":8,"gold_loss":0,"cards_obtained":["Regret"]},{"cards_removed":["Regret"],"damage_healed":0,"gold_gain":0,"player_choice":"Removed Curses","damage_taken":0,"max_hp_gain":0,"max_hp_loss":0,"event_name":"Fountain of Cleansing","floor":11,"gold_loss":0}],"is_beta":false,"boss_relics":[{"not_picked":["Coffee Dripper","Lizard Tail"],"picked":"Astrolabe"}],"items_purged_floors":[],"is_endless":false,"potions_floor_spawned":[1,3,10,13,14,18,21,23,25],"killed_by":"Slavers","ascension_level":10}