{"gold_per_floor":[114,128,403,478,493,509,0,0,24,38,57,57,112,132,132,235,235,249,268,278,32,32,32,32],"floor_reached":24,"playtime":1347,"items_purged":["Regret","Strike_B"],"score":276,"play_id":"e0167d76-a1d3-4a1a-b8a4-cb133485bf62","local_time":"20180926222444","is_ascension_mode":true,"campfire_choices":[{"floor":8,"key":"REST"},{"floor":12,"key":"REST"},{"floor":15,"key":"REST"},{"floor":23,"key":"REST"}],"neow_cost":"NONE","seed_source_timestamp":168338592407332,"circlet_count":0,"master_deck":["Strike_B","Strike_B","Strike_B","Defend_B","Defend_B","Defend_B","Defend_B","Zap","Dualcast","White Noise","Fusion","Go for the Eyes","Seek","Mayhem","Cold Snap","Defragment","Conserve Battery","Biased Cognition","FTL+1"],"relics":["Fusion Hammer","Medical Kit","Vajra","Art of War","Inserter","MawBank"],"potions_floor_usage":[13,16,22],"damage_taken":[{"damage":11,"enemies":"Small Slimes","floor":1,"turns":4},{"damage":0,"enemies":"Cultist","floor":2,"turns":3},{"damage":7,"enemies":"2 Louse","floor":5,"turns":4},{"damage":23,"enemies":"Large Slime","floor":6,"turns":8},{"damage":6,"enemies":"3 Louse","floor":10,"turns":5},{"damage":3,"enemies":"2 Fungi Beasts","floor":11,"turns":3},{"damage":21,"enemies":"3 Sentries","floor":13,"turns":10},{"damage":4,"enemies":"Exordium Wildlife","floor":14,"turns":3},{"damage":18,"enemies":"The Guardian","floor":16,"turns":13},{"damage":7,"enemies":"Spheric Guardian","floor":18,"turns":5},{"damage":18,"enemies":"Shell Parasite","floor":19,"turns":6},{"damage":10,"enemies":"Centurion and Healer","floor":20,"turns":8},{"damage":0,"enemies":"Colosseum Slavers","floor":22,"turns":1},{"damage":71,"enemies":"Gremlin Leader","floor":24,"turns":8}],"seed_played":"5923553376304167846","potions_obtained":[{"floor":1,"key":"SteroidPotion"},{"floor":6,"key":"Regen Potion"},{"floor":11,"key":"Poison Potion"},{"floor":13,"key":"FocusPotion"},{"floor":20,"key":"SmokeBomb"}],"is_trial":false,"path_per_floor":["M","M","?","?","M","M","$","R","T","M","M","R","?","M","R","B",null,"M","M","M","$","?","R"],"character_chosen":"DEFECT","items_purchased":["Medical Kit","Mayhem","Cold Snap","MawBank"],"campfire_rested":4,"item_purchase_floors":[7,7,7,21],"current_hp_per_floor":[57,57,57,46,39,16,16,38,38,32,29,51,45,41,63,45,68,61,43,33,33,33,55,0],"gold":32,"neow_bonus":"BOSS_RELIC","is_prod":false,"is_daily":false,"chose_seed":false,"campfire_upgraded":0,"win_rate":0,"timestamp":1537997084,"path_taken":["M","M","?","?","M","M","$","R","T","M","?","R","?","M","R","BOSS","M","M","M","$","?","R","E"],"build_version":"2018-09-20","purchased_purges":2,"victory":false,"max_hp_per_floor":[75,75,75,75,75,75,75,75,75,75,75,75,75,75,75,75,75,75,75,75,75,75,75,75],"card_choices":[{"not_picked":["Gash","Loop"],"picked":"White Noise","floor":1},{"not_picked":["Coolheaded","Streamline"],"picked":"Fusion","floor":2},{"not_picked":["Sweeping Beam","Redo"],"picked":"Go for the Eyes","floor":5},{"not_picked":["Streamline","Rebound"],"picked":"Seek","floor":6},{"not_picked":["Go for the Eyes","Compile Driver","Steam"],"picked":"SKIP","floor":10},{"not_picked":["Doom and Gloom","Reprogram"],"picked":"Defragment","floor":11},{"not_picked":["Glacier","Streamline"],"picked":"Conserve Battery","floor":13},{"not_picked":["Compile Driver","Hello World","Heatsinks"],"picked":"SKIP","floor":14},{"not_picked":["Reboot","Thunder Strike"],"picked":"Biased Cognition","floor":16},{"not_picked":["Go for the Eyes","Reinforced Body","Compile Driver"],"picked":"SKIP","floor":18},{"not_picked":["Go for the Eyes+1","Blizzard","Compile Driver+1"],"picked":"SKIP","floor":19},{"not_picked":["Redo","Defragment"],"picked":"FTL+1","floor":20}],"player_experience":421989,"relics_obtained":[{"floor":9,"key":"Vajra"},{"floor":13,"key":"Art of War"}],"event_choices":[{"event_name":"Golden Shrine","player_choice":"Desecrate","floor":3,"damage_taken":0},{"event_name":"World of Goop","player_choice":"Gather Gold","floor":4,"damage_taken":0},{"event_name":"Dead Adventurer","player_choice":"Searched \u00271\u0027 times","floor":13,"damage_taken":0},{"event_name":"Colosseum","player_choice":"Fight","floor":22,"damage_taken":0},{"event_name":"Colosseum","player_choice":"Fled From Nobs","floor":22,"damage_taken":0}],"is_beta":false,"boss_relics":[{"not_picked":["Astrolabe","Busted Crown"],"picked":"Inserter"}],"items_purged_floors":[7,21],"is_endless":false,"potions_floor_spawned":[1,6,11,13,20],"killed_by":"Gremlin Leader","ascension_level":9}