{"path_per_floor":["M","?","M","M","M","R","M","?","T","$","M","$","R","T","R","B",null,"M","M","$","M","?","R","E","M","T","M","E","M","M","M","R","B",null,"M","M","$","?","$","R","E","?","T","R","E","M","E","M","R"],"character_chosen":"IRONCLAD","items_purchased":["Whirlwind","Clash","Flex","Gremlin Horn","Regen Potion","Battle Trance","Regen Potion"],"gold_per_floor":[119,294,313,329,341,341,360,360,384,135,148,48,48,116,116,211,211,223,241,0,20,20,20,52,66,66,84,119,136,153,168,168,272,272,292,305,96,96,44,44,78,78,125,125,158,171,206,226,226,226],"floor_reached":50,"campfire_rested":3,"playtime":1467,"current_hp_per_floor":[69,69,63,63,55,55,61,61,61,61,69,69,69,69,69,49,69,77,78,78,66,66,66,74,70,70,64,52,58,24,11,36,19,69,66,36,36,36,36,63,20,80,80,80,56,43,37,39,83,0],"items_purged":["Defend_R","Defend_R","Strike_R"],"gold":226,"score":823,"play_id":"21b80b23-1ad2-4108-b8f5-7381af8f86b7","local_time":"20180326173050","is_prod":false,"is_daily":false,"is_ascension_mode":true,"campfire_upgraded":4,"timestamp":1522099850,"path_taken":["M","?","M","?","M","R","M","?","T","$","M","?","R","?","R","BOSS","M","M","$","?","?","R","E","M","T","M","E","M","M","M","R","BOSS","M","?","?","?","$","R","E","?","T","R","E","M","E","M","R","BOSS"],"build_version":"2018-03-22v2","purchased_purges":4,"victory":false,"master_deck":["Strike_R","Strike_R","Strike_R","Bash","Cleave","Flex+1","Seeing Red+1","Whirlwind+1","Clash","Flex+1","Thunderclap","Thunderclap+1","Spot Weakness+1","Inflame","Battle Trance+1","Limit Break","Battle Trance"],"max_hp_per_floor":[72,72,72,72,72,72,72,72,72,72,74,74,74,74,74,76,76,78,78,78,78,78,78,80,82,82,84,84,84,84,86,86,86,86,88,90,90,90,90,90,92,80,80,80,82,84,96,98,98,98],"relics":["Burning Blood","Singing Bowl","Mummified Hand","Velvet Choker","Gremlin Horn","Centennial Puzzle","Girya","Bottled Lightning","Black Star","Bronze Scales","Blood Vial","Regal Pillow","Lantern","Bag of Preparation","Pear","Ornamental Fan"],"card_choices":[{"not_picked":["Body Slam","True Grit"],"picked":"Cleave","floor":1},{"not_picked":["Clothesline","Rupture"],"picked":"Flex","floor":3},{"not_picked":["Corruption","Rage"],"picked":"Seeing Red","floor":4},{"not_picked":["Twin Strike","Clash"],"picked":"Thunderclap","floor":19},{"not_picked":["Clothesline","Heavy Blade"],"picked":"Thunderclap","floor":21},{"not_picked":["Anger","Heavy Blade"],"picked":"Spot Weakness","floor":28},{"not_picked":["Warcry","Uppercut"],"picked":"Inflame","floor":29},{"not_picked":["Wild Strike","Thunderclap"],"picked":"Battle Trance","floor":30},{"not_picked":["Immolate","Offering"],"picked":"Limit Break","floor":33}],"player_experience":199930,"potions_floor_usage":[7,21,24,25,33,33,41,41,41,50,50,50],"damage_taken":[{"damage":9,"enemies":"2 Louse","floor":1,"turns":3},{"damage":12,"enemies":"Small Slimes","floor":3,"turns":4},{"damage":6,"enemies":"Cultist","floor":4,"turns":3},{"damage":14,"enemies":"3 Louse","floor":5,"turns":2},{"damage":0,"enemies":"Gremlin Gang","floor":7,"turns":2},{"damage":0,"enemies":"Exordium Wildlife","floor":11,"turns":2},{"damage":28,"enemies":"Slime Boss","floor":16,"turns":6},{"damage":0,"enemies":"3 Byrds","floor":18,"turns":2},{"damage":0,"enemies":"Spheric Guardian","floor":19,"turns":2},{"damage":18,"enemies":"Snecko","floor":21,"turns":3},{"damage":0,"enemies":"Slavers","floor":24,"turns":1},{"damage":12,"enemies":"Snake Plant","floor":25,"turns":2},{"damage":14,"enemies":"Centurion and Healer","floor":27,"turns":2},{"damage":18,"enemies":"Gremlin Leader","floor":28,"turns":3},{"damage":0,"enemies":"Sentry and Sphere","floor":29,"turns":1},{"damage":40,"enemies":"Slaver and Parasite","floor":30,"turns":3},{"damage":21,"enemies":"Chosen and Byrds","floor":31,"turns":3},{"damage":23,"enemies":"Champ","floor":33,"turns":5},{"damage":11,"enemies":"Orb Walker","floor":35,"turns":2},{"damage":38,"enemies":"3 Shapes","floor":36,"turns":3},{"damage":66,"enemies":"Giant Head","floor":41,"turns":6},{"damage":32,"enemies":"2 Orb Walkers","floor":45,"turns":2},{"damage":23,"enemies":"3 Darklings","floor":46,"turns":2},{"damage":26,"enemies":"Giant Head","floor":47,"turns":5},{"damage":8,"enemies":"4 Shapes","floor":48,"turns":2},{"damage":86,"enemies":"Donu and Deca","floor":50,"turns":3}],"event_choices":[{"event_name":"Liars Game","player_choice":"agreed","floor":2,"damage_taken":0},{"event_name":"Fountain of Cleansing","player_choice":"Removed Curse","floor":8,"damage_taken":0},{"event_name":"Drug Dealer","player_choice":"Ignored","floor":22,"damage_taken":0},{"event_name":"Wheel of Change","player_choice":"Card Removal","floor":38,"damage_taken":0},{"event_name":"The Moai Head","player_choice":"Heal","floor":42,"damage_taken":0}],"boss_relics":[{"not_picked":["Philosopher\u0027s Stone","Runic Pyramid"],"picked":"Velvet Choker"},{"not_picked":["Question Card","Tiny House"],"picked":"Black Star"}],"potions_floor_spawned":[3,4,11,18,21,30,31,33,35,36,46,47,48],"seed_played":"5835611574506308408","killed_by":"Donu and Deca","ascension_level":7,"is_trial":false}