{"gold_per_floor":[116,136,152,165,184,184,198,198,222,239,6,23,40,51,51,154,154,172,172,187,187,200,229,229,62,62,78,98,98,116,135,135,237,237,250,264,184,199,174,201,201,219,269,288,47,64,64,64,64,64],"floor_reached":50,"playtime":4762,"items_purged":[],"score":596,"play_id":"ef6e5054-d5d8-41b8-8b7e-88e922665cd0","local_time":"20181222095123","is_ascension_mode":false,"campfire_choices":[{"data":"Adrenaline","floor":6,"key":"SMITH"},{"data":"Deflect","floor":8,"key":"SMITH"},{"data":"Infinite Blades","floor":15,"key":"SMITH"},{"data":"Backflip","floor":24,"key":"SMITH"},{"data":"Quick Slash","floor":29,"key":"SMITH"},{"floor":32,"key":"REST"},{"floor":41,"key":"REST"},{"floor":47,"key":"REST"},{"floor":49,"key":"REST"}],"neow_cost":"NONE","seed_source_timestamp":58914935014818,"circlet_count":0,"master_deck":["Defend_G+1","Defend_G+1","Defend_G+1","Defend_G+1","Defend_G+1","Strike_G+1","Strike_G+1","Strike_G+1","Strike_G+1","Strike_G+1","Survivor+1","Neutralize","Quick Slash+1","All Out Attack","Bane","Backflip+1","Adrenaline+1","Deflect+1","After Image","Terror+1","Slice","Riddle With Holes","Infinite Blades+1","Tools of the Trade","Blade Dance+1","Expertise+1","Infinite Blades+1","Backstab+1","Dagger Spray","Flying Knee","Footwork+1","Underhanded Strike+1","Glass Knife+1","Glass Knife+1","Outmaneuver+1","Choke+1","Backstab+1","Slice+1","Backstab+1","Slice+1","Slice+1"],"relics":["Ring of the Snake","Happy Flower","Vajra","WristBlade","Bird Faced Urn","War Paint","Molten Egg 2","Fusion Hammer","Lantern","Blood Vial","Sundial"],"potions_floor_usage":[13,22,50],"damage_taken":[{"damage":1,"enemies":"Cultist","floor":1,"turns":4},{"damage":2,"enemies":"Jaw Worm","floor":2,"turns":4},{"damage":5,"enemies":"Small Slimes","floor":3,"turns":3},{"damage":21,"enemies":"Exordium Thugs","floor":4,"turns":5},{"damage":15,"enemies":"Exordium Wildlife","floor":5,"turns":7},{"damage":0,"enemies":"Looter","floor":7,"turns":4},{"damage":0,"enemies":"Gremlin Gang","floor":10,"turns":7},{"damage":0,"enemies":"Exordium Thugs","floor":12,"turns":3},{"damage":0,"enemies":"Lots of Slimes","floor":13,"turns":2},{"damage":0,"enemies":"Blue Slaver","floor":14,"turns":3},{"damage":0,"enemies":"Hexaghost","floor":16,"turns":7},{"damage":0,"enemies":"3 Byrds","floor":18,"turns":6},{"damage":0,"enemies":"Shell Parasite","floor":20,"turns":3},{"damage":8,"enemies":"3 Cultists","floor":22,"turns":3},{"damage":26,"enemies":"Slavers","floor":23,"turns":4},{"damage":2,"enemies":"Cultist and Chosen","floor":27,"turns":3},{"damage":0,"enemies":"Chosen and Byrds","floor":28,"turns":5},{"damage":16,"enemies":"Shelled Parasite and Fungi","floor":30,"turns":4},{"damage":20,"enemies":"Centurion and Healer","floor":31,"turns":3},{"damage":10,"enemies":"Automaton","floor":33,"turns":9},{"damage":1,"enemies":"Orb Walker","floor":35,"turns":3},{"damage":5,"enemies":"3 Shapes","floor":36,"turns":4},{"damage":7,"enemies":"Sphere and 2 Shapes","floor":38,"turns":4},{"damage":10,"enemies":"Giant Head","floor":40,"turns":5},{"damage":16,"enemies":"4 Shapes","floor":42,"turns":3},{"damage":9,"enemies":"3 Darklings","floor":44,"turns":3},{"damage":4,"enemies":"Maw","floor":46,"turns":5},{"damage":91,"enemies":"Time Eater","floor":50,"turns":8}],"seed_played":"-1089113006368033876","potions_obtained":[{"floor":5,"key":"EssenceOfSteel"},{"floor":7,"key":"Dexterity Potion"},{"floor":10,"key":"SpeedPotion"},{"floor":13,"key":"Fruit Juice"},{"floor":18,"key":"AttackPotion"},{"floor":22,"key":"Energy Potion"},{"floor":35,"key":"Energy Potion"}],"is_trial":false,"path_per_floor":["M","M","M","M","M","R","M","R","T","M","$","M","M","M","R","B",null,"M","?","M","?","M","E","R","$","T","M","M","R","M","M","R","B",null,"M","M","$","M","$","E","R","M","T","M","$","M","R","?","R","B"],"character_chosen":"THE_SILENT","items_purchased":["Vajra","Terror","Slice","Flying Knee","War Paint","Backstab+1","Slice+1","Sundial"],"campfire_rested":4,"item_purchase_floors":[11,11,11,25,25,37,39,45],"current_hp_per_floor":[76,74,69,48,33,33,33,33,33,33,33,33,38,38,38,38,82,82,82,82,82,74,48,48,48,48,50,58,58,50,34,58,56,82,81,81,81,77,77,73,82,66,66,65,65,71,82,82,82,0],"gold":64,"neow_bonus":"TEN_PERCENT_HP_BONUS","is_prod":false,"is_daily":false,"chose_seed":false,"campfire_upgraded":5,"win_rate":0.0,"timestamp":1545468683,"path_taken":["M","M","M","M","M","R","?","R","T","M","$","M","M","M","R","BOSS","M","?","M","?","M","E","R","$","T","M","M","R","?","M","R","BOSS","M","M","$","M","$","E","R","?","T","M","$","M","R","?","R","BOSS"],"build_version":"2018-12-20","purchased_purges":0,"victory":false,"max_hp_per_floor":[77,77,77,77,77,77,77,77,77,77,77,77,82,82,82,82,82,82,82,82,82,82,82,82,82,82,82,82,82,82,82,82,82,82,82,82,82,82,82,82,82,82,82,82,82,82,82,82,82,82],"card_choices":[{"not_picked":["Poisoned Stab","Distraction"],"picked":"Quick Slash","floor":1},{"not_picked":["Endless Agony","Sucker Punch"],"picked":"All Out Attack","floor":2},{"not_picked":["Reflex","Flechettes"],"picked":"Bane","floor":3},{"not_picked":["Flechettes","Reflex"],"picked":"Backflip","floor":4},{"not_picked":["Underhanded Strike","Acrobatics"],"picked":"Adrenaline","floor":5},{"not_picked":["Slice","Outmaneuver"],"picked":"Deflect","floor":7},{"not_picked":["Backflip","Escape Plan"],"picked":"After Image","floor":10},{"not_picked":["Poisoned Stab","Flechettes"],"picked":"Riddle With Holes","floor":12},{"not_picked":["Flechettes","Bane","Dodge and Roll"],"picked":"SKIP","floor":13},{"not_picked":["Bane","Heel Hook"],"picked":"Infinite Blades","floor":14},{"not_picked":["Doppelganger","Phantasmal Killer"],"picked":"Tools of the Trade","floor":16},{"not_picked":["Poisoned Stab","Bane+1"],"picked":"Blade Dance+1","floor":18},{"not_picked":["Heel Hook","Predator"],"picked":"Expertise+1","floor":20},{"not_picked":["Crippling Poison","Outmaneuver"],"picked":"Backstab+1","floor":22},{"not_picked":["Poisoned Stab","Deadly Poison"],"picked":"Dagger Spray","floor":23},{"not_picked":["PiercingWail+1","Dagger Throw+1"],"picked":"Footwork+1","floor":27},{"not_picked":["All Out Attack+1","Dodge and Roll+1"],"picked":"Underhanded Strike+1","floor":28},{"not_picked":["Dodge and Roll","Dash+1","Dagger Spray+1"],"picked":"SKIP","floor":30},{"not_picked":["Sucker Punch+1","Dagger Throw+1"],"picked":"Glass Knife+1","floor":31},{"not_picked":["Venomology","Bullet Time"],"picked":"Glass Knife+1","floor":33},{"not_picked":["Flying Knee+1","Caltrops+1"],"picked":"Outmaneuver+1","floor":35},{"not_picked":["Bane+1","Quick Slash+1"],"picked":"Choke+1","floor":36},{"not_picked":["Sucker Punch+1","Prepared","Dodge and Roll"],"picked":"SKIP","floor":38},{"not_picked":["Distraction+1","Acrobatics"],"picked":"Backstab+1","floor":40},{"not_picked":["Infinite Blades","Dagger Throw+1","Tactician"],"picked":"SKIP","floor":42},{"not_picked":["Sucker Punch+1","Quick Slash+1"],"picked":"Slice+1","floor":44},{"not_picked":["Backflip","Predator+1"],"picked":"Slice+1","floor":46}],"player_experience":19490,"relics_obtained":[{"floor":9,"key":"Happy Flower"},{"floor":23,"key":"Bird Faced Urn"},{"floor":26,"key":"Molten Egg 2"},{"floor":40,"key":"Lantern"},{"floor":43,"key":"Blood Vial"}],"event_choices":[{"damage_healed":0,"gold_gain":0,"player_choice":"Simplicity","damage_taken":0,"max_hp_gain":0,"max_hp_loss":0,"event_name":"Back to Basics","floor":19,"gold_loss":0,"cards_upgraded":["Defend_G","Defend_G","Defend_G","Defend_G","Defend_G","Strike_G","Strike_G","Strike_G","Strike_G","Strike_G"]},{"damage_healed":0,"gold_gain":0,"player_choice":"Copied","damage_taken":0,"max_hp_gain":0,"max_hp_loss":0,"event_name":"Duplicator","floor":21,"gold_loss":0,"cards_obtained":["Infinite Blades"]},{"damage_healed":0,"gold_gain":0,"player_choice":"Leave","damage_taken":0,"max_hp_gain":0,"max_hp_loss":0,"event_name":"FaceTrader","floor":48,"gold_loss":0}],"is_beta":false,"boss_relics":[{"not_picked":["White Beast Statue","Eternal Feather"],"picked":"WristBlade"},{"not_picked":["HoveringKite","Coffee Dripper"],"picked":"Fusion Hammer"}],"items_purged_floors":[],"is_endless":false,"potions_floor_spawned":[5,7,10,13,18,22,31,33,35,38,44],"killed_by":"Time Eater","ascension_level":0}