{"gold_per_floor":[118,118,43,8,26,26,40,58,58,73,86,86,105,121,121,216,216,236,248,248,79,96,96,126,126,149,162,162,162,190,8,8,111,111,126,144,162,136,148,148,223,223,299,329,344,361,375,388,388,388],"floor_reached":50,"playtime":3308,"items_purged":["Strike_B","Strike_B"],"score":561,"play_id":"25dc88b0-7070-47cf-880b-6dfcb71cacb3","local_time":"20190131112350","is_ascension_mode":true,"campfire_choices":[{"data":"Go for the Eyes","floor":6.0,"key":"SMITH"},{"floor":15.0,"key":"REST"},{"data":"Conserve Battery","floor":23.0,"key":"SMITH"},{"data":"Chill","floor":25.0,"key":"SMITH"},{"data":"Apotheosis","floor":32.0,"key":"SMITH"},{"data":"Fission","floor":40,"key":"SMITH"},{"floor":42,"key":"REST"},{"floor":49,"key":"REST"}],"neow_cost":"FIFTY_PERCENT_DAMAGE","seed_source_timestamp":0,"circlet_count":0,"master_deck":["Defend_B","Defend_B","Defend_B","Defend_B","Zap","Dualcast","Ball Lightning","Go for the Eyes+1","Melter","Hologram","Conserve Battery+1","Machine Learning","Doom and Gloom","Lockon+1","Capacitor","Chill+1","Sunder+1","Consume","Apotheosis+1","Fission+1","Defragment","Chill+1","Redo","Redo","Self Repair","Storm+1","Fusion+1"],"special_seed":0,"relics":["Cracked Core","Torii","Turnip","Nuclear Battery","Mango","Omamori","Centennial Puzzle","Vajra","Black Star","Pantograph","Bottled Lightning","Incense Burner"],"potions_floor_usage":[36,44,44,46,50,50],"damage_taken":[{"damage":2.0,"enemies":"2 Louse","floor":1.0,"turns":2.0},{"damage":0.0,"enemies":"Cultist","floor":5.0,"turns":3.0},{"damage":0.0,"enemies":"Small Slimes","floor":7.0,"turns":2.0},{"damage":3.0,"enemies":"3 Louse","floor":8.0,"turns":3.0},{"damage":10.0,"enemies":"Gremlin Gang","floor":10.0,"turns":3.0},{"damage":0.0,"enemies":"Exordium Wildlife","floor":11.0,"turns":3.0},{"damage":16.0,"enemies":"Exordium Thugs","floor":13.0,"turns":4.0},{"damage":0.0,"enemies":"Looter","floor":14.0,"turns":2.0},{"damage":8.0,"enemies":"Hexaghost","floor":16.0,"turns":9.0},{"damage":0.0,"enemies":"Chosen","floor":18.0,"turns":4.0},{"damage":5.0,"enemies":"3 Byrds","floor":19.0,"turns":3.0},{"damage":1.0,"enemies":"Centurion and Healer","floor":22.0,"turns":4.0},{"damage":45.0,"enemies":"Gremlin Leader","floor":24.0,"turns":7.0},{"damage":1.0,"enemies":"Chosen and Byrds","floor":27.0,"turns":5.0},{"damage":14.0,"enemies":"Slavers","floor":30.0,"turns":7.0},{"damage":13.0,"enemies":"Champ","floor":33.0,"turns":9.0},{"damage":18,"enemies":"3 Darklings","floor":35,"turns":5},{"damage":15,"enemies":"Flame Bruiser 1 Orb","floor":36,"turns":5},{"damage":8,"enemies":"4 Shapes","floor":37,"turns":9},{"damage":10,"enemies":"Sphere and 2 Shapes","floor":39,"turns":5},{"damage":44,"enemies":"2 Orb Walkers","floor":44,"turns":7},{"damage":12,"enemies":"Spire Growth","floor":45,"turns":3},{"damage":0,"enemies":"4 Shapes","floor":46,"turns":4},{"damage":2,"enemies":"3 Darklings","floor":47,"turns":5},{"damage":24,"enemies":"Maw","floor":48,"turns":7},{"damage":73,"enemies":"Awakened One","floor":50,"turns":13}],"seed_played":"6093099740885908706","potions_obtained":[{"floor":1.0,"key":"GamblersBrew"},{"floor":7.0,"key":"SneckoOil"},{"floor":10.0,"key":"LiquidBronze"},{"floor":13.0,"key":"Block Potion"},{"floor":14.0,"key":"SteroidPotion"},{"floor":22.0,"key":"Fire Potion"},{"floor":24.0,"key":"Block Potion"},{"floor":27.0,"key":"AttackPotion"},{"floor":30.0,"key":"Block Potion"},{"floor":35,"key":"Fruit Juice"},{"floor":37,"key":"SteroidPotion"},{"floor":44,"key":"Fire Potion"},{"floor":47,"key":"Explosive Potion"}],"is_trial":false,"path_per_floor":["M","?","$","?","M","R","M","M","T","M","M","T","M","M","R","B",null,"M","M","?","$","M","R","E","R","T","M","?","?","E","$","R","B",null,"M","M","M","$","M","R","?","R","T","E","M","M","M","M","R","B"],"character_chosen":"DEFECT","items_purchased":["Capacitor","Apotheosis","Redo"],"campfire_rested":3,"item_purchase_floors":[21,31,38],"current_hp_per_floor":[36,36,36,54,54,54,54,51,51,41,41,41,25,25,47,39,75,75,70,70,70,69,69,38,38,38,37,66,66,52,52,52,39,89,71,61,53,53,43,43,34,62,62,25,13,23,31,17,45,0],"gold":388,"neow_bonus":"REMOVE_TWO","is_prod":false,"is_daily":false,"chose_seed":false,"campfire_upgraded":5,"win_rate":0,"timestamp":1548951830,"path_taken":["M","?","$","?","M","R","?","M","T","M","M","?","?","M","R","BOSS","M","M","?","$","M","R","E","R","T","M","?","?","E","$","R","BOSS","M","M","M","$","M","R","?","R","T","E","M","M","M","M","R","BOSS"],"build_version":"2019-01-23","purchased_purges":2,"victory":false,"max_hp_per_floor":[75,75,75,75,75,75,75,75,75,75,75,75,75,75,75,75,75,75,75,75,75,75,75,89,89,89,89,89,89,89,89,89,89,89,89,94,94,94,94,94,94,94,94,94,94,94,94,94,94,94],"card_choices":[{"not_picked":["Sunder","Tempest"],"picked":"Ball Lightning","floor":1.0},{"not_picked":["Compile Driver","Streamline"],"picked":"Go for the Eyes","floor":5.0},{"not_picked":["Meteor Strike","White Noise"],"picked":"Melter","floor":7.0},{"not_picked":["Melter","Stack","Streamline"],"picked":"SKIP","floor":8.0},{"not_picked":["Cold Snap","Ball Lightning"],"picked":"Hologram","floor":10.0},{"not_picked":["Melter","Hello World","Compile Driver"],"picked":"SKIP","floor":11.0},{"not_picked":["Gash","Undo"],"picked":"Conserve Battery","floor":13.0},{"not_picked":["Ball Lightning","Compile Driver","Turbo"],"picked":"SKIP","floor":14.0},{"not_picked":["All For One","Rainbow"],"picked":"Machine Learning","floor":16.0},{"not_picked":["Barrage","Chaos"],"picked":"Doom and Gloom","floor":18.0},{"not_picked":["Rebound+1","Beam Cell"],"picked":"Lockon+1","floor":19.0},{"not_picked":["Double Energy","Reinforced Body","Chaos"],"picked":"SKIP","floor":22.0},{"not_picked":["Capacitor+1","Streamline"],"picked":"Chill","floor":24.0},{"not_picked":["Steam","Echo Form"],"picked":"Sunder+1","floor":27.0},{"not_picked":["Chaos+1","Lockon+1"],"picked":"Consume","floor":30.0},{"not_picked":["Seek","Rainbow"],"picked":"Fission","floor":33.0},{"not_picked":["Coolheaded","Beam Cell+1"],"picked":"Defragment","floor":35},{"not_picked":["Steam+1","Beam Cell"],"picked":"Chill+1","floor":36},{"not_picked":["Conserve Battery","Beam Cell+1"],"picked":"Redo","floor":37},{"not_picked":["Hologram","Ball Lightning"],"picked":"Self Repair","floor":39},{"not_picked":["All For One","Reprogram"],"picked":"Storm+1","floor":44},{"not_picked":["Hologram","Reprogram+1","Rebound"],"picked":"SKIP","floor":45},{"not_picked":["Scrape","Gash"],"picked":"Fusion+1","floor":46},{"not_picked":["Coolheaded","Beam Cell","Chaos"],"picked":"SKIP","floor":47},{"not_picked":["Rip and Tear+1","Cold Snap","Redo"],"picked":"SKIP","floor":48}],"player_experience":222373,"relics_obtained":[{"floor":9.0,"key":"Torii"},{"floor":12.0,"key":"Turnip"},{"floor":24.0,"key":"Mango"},{"floor":26.0,"key":"Omamori"},{"floor":30.0,"key":"Vajra"},{"floor":43,"key":"Pantograph"},{"floor":44,"key":"Bottled Lightning"},{"floor":44,"key":"Incense Burner"}],"event_choices":[{"event_name":"The Woman in Blue","player_choice":"Bought 0 Potions","floor":2.0,"damage_taken":0.0},{"event_name":"The Cleric","player_choice":"Healed","floor":4.0,"damage_taken":0.0},{"event_name":"N\u0027loth","player_choice":"Ignored","floor":20.0,"damage_taken":0.0},{"event_name":"The Library","player_choice":"Heal","floor":28.0,"damage_taken":0.0},{"event_name":"The Mausoleum","player_choice":"Yes","floor":29.0,"damage_taken":0.0},{"damage_healed":0,"gold_gain":75,"player_choice":"Touch","damage_taken":9,"max_hp_gain":0,"max_hp_loss":0,"event_name":"FaceTrader","floor":41,"gold_loss":0}],"is_beta":false,"boss_relics":[{"not_picked":["Eternal Feather","Tiny House"],"picked":"Nuclear Battery"},{"not_picked":["White Beast Statue","Snecko Eye"],"picked":"Black Star"}],"items_purged_floors":[3,21],"is_endless":false,"potions_floor_spawned":[1,7,10,13,14,22,24,27,30,35,37,44,47],"killed_by":"Awakened One","ascension_level":1}