{"gold_per_floor":[115,115,132,307,318,318,328,361,361,361,380,380,394,34,34,133,133,152,75,93,116,116,116,144,160,183,108,0,0,0,12,12,12],"floor_reached":33,"playtime":2482,"items_purged":["Strike_R"],"score":343,"play_id":"6cd0d90b-ae2d-4e14-810e-c5a4aaa6bc76","local_time":"20180727220811","is_ascension_mode":true,"campfire_choices":[{"data":"Bash","floor":6.0,"key":"SMITH"},{"data":"Armaments","floor":12.0,"key":"SMITH"},{"data":"Warcry","floor":15.0,"key":"SMITH"},{"data":"Infernal Blade","floor":23.0,"key":"SMITH"},{"data":"Warcry","floor":29,"key":"SMITH"},{"data":"J.A.X.","floor":32,"key":"SMITH"}],"neow_cost":"NONE","seed_source_timestamp":0,"circlet_count":0,"master_deck":["Strike_R","Strike_R","Strike_R","Defend_R","Defend_R","Defend_R","Defend_R","Bash+1","Infernal Blade+1","Warcry+1","Dropkick","Demon Form+1","Armaments+1","Metallicize+1","Shrug It Off","Barricade+1","Metallicize+1","J.A.X.+1","Iron Wave+1","Metallicize+1","Warcry+1","Searing Blow"],"special_seed":0,"relics":["Burning Blood","Frozen Egg 2","Blue Candle","GremlinMask","Lee\u0027s Waffle","Coffee Dripper","Vajra","Happy Flower","Red Skull"],"potions_floor_usage":[],"damage_taken":[{"damage":2.0,"enemies":"Small Slimes","floor":1.0,"turns":4.0},{"damage":3.0,"enemies":"2 Louse","floor":3.0,"turns":3.0},{"damage":10.0,"enemies":"Jaw Worm","floor":5.0,"turns":5.0},{"damage":16.0,"enemies":"Exordium Wildlife","floor":7.0,"turns":3.0},{"damage":26.0,"enemies":"3 Sentries","floor":8.0,"turns":10.0},{"damage":14.0,"enemies":"Red Slaver","floor":11.0,"turns":5.0},{"damage":14.0,"enemies":"3 Louse","floor":13.0,"turns":4.0},{"damage":33.0,"enemies":"Slime Boss","floor":16.0,"turns":11.0},{"damage":8.0,"enemies":"Chosen","floor":18.0,"turns":7.0},{"damage":11.0,"enemies":"Shell Parasite","floor":20.0,"turns":8.0},{"damage":62.0,"enemies":"Book of Stabbing","floor":24.0,"turns":10.0},{"damage":19.0,"enemies":"Centurion and Healer","floor":25.0,"turns":5.0},{"damage":5,"enemies":"Chosen and Byrds","floor":31,"turns":7},{"damage":23,"enemies":"Automaton","floor":33,"turns":6}],"seed_played":"-4093786239307416529","potions_obtained":[{"floor":5.0,"key":"Block Potion"},{"floor":7.0,"key":"Poison Potion"},{"floor":11.0,"key":"Strength Potion"},{"floor":16.0,"key":"AttackPotion"},{"floor":20.0,"key":"Explosive Potion"},{"floor":24.0,"key":"SteroidPotion"}],"is_trial":false,"path_per_floor":["M","?","M","?","M","R","M","E","T","?","M","R","M","$","R","B",null,"M","?","M","T","?","R","E","M","T","?","?","R","$","M","R"],"character_chosen":"IRONCLAD","items_purchased":["Metallicize+1","Lee\u0027s Waffle","Shrug It Off"],"campfire_rested":0,"item_purchase_floors":[14,14,14],"current_hp_per_floor":[88,88,88,88,84,84,74,54,54,54,46,46,38,95,95,68,95,93,93,88,88,88,88,32,19,19,19,19,19,19,20,20,0],"gold":12,"neow_bonus":"TEN_PERCENT_HP_BONUS","is_prod":false,"is_daily":false,"chose_seed":false,"campfire_upgraded":6,"win_rate":0,"timestamp":1532725691,"path_taken":["M","?","M","?","?","R","M","E","T","?","?","R","M","$","R","BOSS","M","?","M","?","?","R","E","?","T","?","?","R","$","M","R","BOSS"],"build_version":"2018-07-26","purchased_purges":1,"victory":false,"max_hp_per_floor":[88,88,88,88,88,88,88,88,88,88,88,88,88,95,95,95,95,95,95,95,95,95,95,95,95,95,95,95,95,95,95,95,95],"card_choices":[{"not_picked":["Heavy Blade","Intimidate","Cleave"],"picked":"SKIP","floor":1.0},{"not_picked":["Clash","Sever Soul"],"picked":"Infernal Blade","floor":3.0},{"not_picked":["Sentinel","Power Through"],"picked":"Warcry","floor":5.0},{"not_picked":["Inflame","Wild Strike"],"picked":"Dropkick","floor":7.0},{"not_picked":["Heavy Blade","Pommel Strike"],"picked":"Demon Form","floor":8.0},{"not_picked":["Infernal Blade","Warcry"],"picked":"Armaments","floor":11.0},{"not_picked":["Feel No Pain+1","Havoc","Sword Boomerang"],"picked":"SKIP","floor":13.0},{"not_picked":["Berserk+1","Offering"],"picked":"Barricade+1","floor":16.0},{"not_picked":["Anger+1","Disarm"],"picked":"Metallicize+1","floor":18.0},{"not_picked":["Anger","Blood for Blood"],"picked":"Iron Wave+1","floor":20.0},{"not_picked":["Anger","Perfected Strike+1"],"picked":"Warcry","floor":24.0},{"not_picked":["Body Slam","Cleave"],"picked":"Searing Blow","floor":25.0},{"not_picked":["Thunderclap","Infernal Blade","Havoc"],"picked":"SKIP","floor":31}],"player_experience":239110,"relics_obtained":[{"floor":8.0,"key":"Frozen Egg 2"},{"floor":9.0,"key":"Blue Candle"},{"floor":21.0,"key":"Vajra"},{"floor":24.0,"key":"Happy Flower"},{"floor":26,"key":"Red Skull"}],"event_choices":[{"event_name":"Living Wall","player_choice":"Forget","floor":2.0,"damage_taken":0.0},{"event_name":"Liars Game","player_choice":"agreed","floor":4.0,"damage_taken":0.0},{"event_name":"FaceTrader","player_choice":"Trade","floor":10.0,"damage_taken":0.0},{"event_name":"Drug Dealer","player_choice":"Got JAXXED","floor":19.0,"damage_taken":0.0},{"event_name":"The Library","player_choice":"Read","floor":22.0,"damage_taken":0.0},{"event_name":"Beggar","player_choice":"Gave Gold","floor":27,"damage_taken":0},{"event_name":"Masked Bandits","player_choice":"Paid Bandits 108 gold","floor":28,"damage_taken":0}],"is_beta":false,"boss_relics":[{"not_picked":["Lizard Tail","Sozu"],"picked":"Coffee Dripper"}],"items_purged_floors":[14],"is_endless":false,"potions_floor_spawned":[5,7,11,16,20,24],"killed_by":"Automaton","ascension_level":4}