{"gold_per_floor":[116,134,7,22,33,62,81,46,70,101,26,26,44,72,72,168,168,178,178,178,198,215,215],"floor_reached":23,"playtime":2174,"items_purged":[],"score":213,"play_id":"72eaa242-3296-4d59-b41c-5d32605f18e5","local_time":"20190321002205","is_ascension_mode":false,"campfire_choices":[{"data":"Venomology","floor":12,"key":"SMITH"},{"data":"Storm of Steel","floor":15,"key":"SMITH"}],"neow_cost":"NONE","seed_source_timestamp":360047995930800,"circlet_count":0,"master_deck":["Defend_G","Defend_G","Defend_G","Defend_G","Defend_G","Strike_G","Strike_G","Strike_G","Strike_G","Survivor","Neutralize","Heel Hook","Skewer","Bouncing Flask","Well Laid Plans","Dagger Throw","Backflip","Venomology+1","Leg Sweep","Poisoned Stab","Noxious Fumes","Storm of Steel+1","Night Terror","PiercingWail+1","Blade Dance","RitualDagger"],"relics":["Ring of the Snake","Mercury Hourglass","Orichalcum","Omamori","Lantern","WristBlade"],"potions_floor_usage":[6,7,10,13,13,13,14,16,16,18,21,22,22,22,23,23],"damage_taken":[{"damage":0,"enemies":"Cultist","floor":1,"turns":3},{"damage":1,"enemies":"Small Slimes","floor":2,"turns":3},{"damage":6,"enemies":"Jaw Worm","floor":4,"turns":4},{"damage":9,"enemies":"Looter","floor":5,"turns":3},{"damage":14,"enemies":"3 Sentries","floor":6,"turns":8},{"damage":0,"enemies":"2 Fungi Beasts","floor":7,"turns":3},{"damage":2,"enemies":"Lagavulin","floor":10,"turns":5},{"damage":0,"enemies":"Exordium Thugs","floor":13,"turns":3},{"damage":1,"enemies":"Gremlin Nob","floor":14,"turns":4},{"damage":18,"enemies":"The Guardian","floor":16,"turns":7},{"damage":0,"enemies":"Spheric Guardian","floor":18,"turns":3},{"damage":0,"enemies":"Chosen","floor":21,"turns":3},{"damage":16,"enemies":"Centurion and Healer","floor":22,"turns":7},{"damage":49,"enemies":"Gremlin Leader","floor":23,"turns":4}],"seed_played":"-610308133664194716","potions_obtained":[{"floor":4,"key":"Dexterity Potion"},{"floor":6,"key":"SteroidPotion"},{"floor":10,"key":"LiquidBronze"},{"floor":13,"key":"LiquidBronze"},{"floor":16,"key":"GamblersBrew"},{"floor":22,"key":"Strength Potion"}],"is_trial":false,"path_per_floor":["M","M","$","M","M","E","M","?","T","E","$","R","M","E","R","B",null,"M","?","?","M","M","E"],"character_chosen":"THE_SILENT","items_purchased":["Well Laid Plans","SteroidPotion","Noxious Fumes"],"campfire_rested":0,"item_purchase_floors":[3,3,11],"current_hp_per_floor":[70,69,69,63,54,40,40,57,57,55,55,55,55,54,54,36,70,70,70,64,64,48,0],"gold":215,"neow_bonus":"TRANSFORM_CARD","is_prod":false,"is_daily":false,"chose_seed":false,"campfire_upgraded":2,"win_rate":0.0,"timestamp":1553142125,"path_taken":["M","?","$","M","M","E","M","?","T","E","$","R","M","E","R","BOSS","M","?","?","M","M","E"],"build_version":"2019-01-23","purchased_purges":0,"victory":false,"max_hp_per_floor":[70,70,70,70,70,70,70,70,70,70,70,70,70,70,70,70,70,70,70,70,70,70,70],"card_choices":[{"not_picked":["Prepared","Deadly Poison"],"picked":"Skewer","floor":1},{"not_picked":["Blur","Backstab"],"picked":"Bouncing Flask","floor":2},{"not_picked":["Deflect","Masterful Stab"],"picked":"Dagger Throw","floor":4},{"not_picked":["Choke","Deadly Poison"],"picked":"Backflip","floor":5},{"not_picked":["Dagger Spray","Bane"],"picked":"Venomology","floor":6},{"not_picked":["Blur","Dodge and Roll"],"picked":"Leg Sweep","floor":7},{"not_picked":["Dodge and Roll","Riddle With Holes"],"picked":"Poisoned Stab","floor":10},{"not_picked":["Deflect","Sucker Punch","Poisoned Stab"],"picked":"SKIP","floor":13},{"not_picked":["Skewer","Deadly Poison"],"picked":"Storm of Steel","floor":14},{"not_picked":["After Image","Malaise"],"picked":"Night Terror","floor":16},{"not_picked":["Noxious Fumes","Blade Dance"],"picked":"PiercingWail+1","floor":18},{"not_picked":["Outmaneuver","Sucker Punch","Bane"],"picked":"SKIP","floor":21},{"not_picked":["A Thousand Cuts","Bane+1","Poisoned Stab"],"picked":"SKIP","floor":22}],"player_experience":43428,"relics_obtained":[{"floor":6,"key":"Mercury Hourglass"},{"floor":9,"key":"Orichalcum"},{"floor":10,"key":"Omamori"},{"floor":14,"key":"Lantern"}],"event_choices":[{"damage_healed":17,"gold_gain":0,"player_choice":"Healed","damage_taken":0,"max_hp_gain":0,"max_hp_loss":0,"event_name":"The Cleric","floor":8,"gold_loss":35},{"damage_healed":0,"gold_gain":0,"player_choice":"Read","damage_taken":0,"max_hp_gain":0,"max_hp_loss":0,"event_name":"The Library","floor":19,"gold_loss":0,"cards_obtained":["Blade Dance"]},{"damage_healed":0,"gold_gain":0,"player_choice":"Joined the Cult","damage_taken":6,"max_hp_gain":0,"max_hp_loss":0,"event_name":"Nest","floor":20,"gold_loss":0,"cards_obtained":["RitualDagger"]}],"is_beta":false,"boss_relics":[{"not_picked":["Tiny House","Ectoplasm"],"picked":"WristBlade"}],"items_purged_floors":[],"is_endless":false,"potions_floor_spawned":[4,6,10,13,16,22],"killed_by":"Gremlin Leader","ascension_level":0}