{"gold_per_floor":[360,376,388,113,132,158,172,172,172,198,216,181,199,219,219,316,316,316,241,241,241,241,241,241,241,241,241],"floor_reached":27,"playtime":4498,"items_purged":["Regret"],"score":279,"play_id":"ab0cfe2b-e7da-4440-ba8d-5d3d9f6298a5","local_time":"20180725223330","is_ascension_mode":true,"campfire_choices":[{"floor":8,"key":"REST"},{"data":"Apotheosis","floor":15,"key":"SMITH"},{"floor":23,"key":"DIG"}],"neow_cost":"CURSE","seed_source_timestamp":5762500164614,"circlet_count":0,"master_deck":["Strike_B","Strike_B+1","Strike_B","Strike_B+1","Defend_B","Defend_B","Defend_B","Defend_B","Zap","Dualcast","Conserve Battery","Cold Snap","Apotheosis+1","Conserve Battery","FTL","Steam","Capacitor","Conserve Battery","Creative AI","Undo","Genetic Algorithm","RitualDagger","Conserve Battery"],"relics":["Cracked Core","Whetstone","Shovel","Gremlin Horn","Ectoplasm","Ice Cream","Centennial Puzzle"],"potions_floor_usage":[10,11,16,19,22],"damage_taken":[{"damage":18,"enemies":"Cultist","floor":1,"turns":4},{"damage":5,"enemies":"2 Louse","floor":2,"turns":3},{"damage":2,"enemies":"Small Slimes","floor":3,"turns":3},{"damage":19,"enemies":"Exordium Wildlife","floor":5,"turns":5},{"damage":16,"enemies":"3 Sentries","floor":6,"turns":7},{"damage":8,"enemies":"Gremlin Gang","floor":7,"turns":5},{"damage":11,"enemies":"Gremlin Nob","floor":10,"turns":3},{"damage":10,"enemies":"Large Slime","floor":11,"turns":4},{"damage":2,"enemies":"2 Fungi Beasts","floor":13,"turns":4},{"damage":4,"enemies":"Lots of Slimes","floor":14,"turns":4},{"damage":16,"enemies":"Hexaghost","floor":16,"turns":11},{"damage":4,"enemies":"Shell Parasite","floor":18,"turns":8},{"damage":12,"enemies":"2 Thieves","floor":19,"turns":5},{"damage":21,"enemies":"Centurion and Healer","floor":20,"turns":10},{"damage":5,"enemies":"Snake Plant","floor":22,"turns":8},{"damage":10,"enemies":"Snecko","floor":24,"turns":9},{"damage":14,"enemies":"Centurion and Healer","floor":25,"turns":12},{"damage":4,"enemies":"3 Cultists","floor":27,"turns":3}],"seed_played":"-6453280545473668296","potions_obtained":[{"floor":1,"key":"LiquidBronze"},{"floor":6,"key":"Ancient Potion"},{"floor":7,"key":"FearPotion"},{"floor":10,"key":"PowerPotion"},{"floor":16,"key":"SpeedPotion"},{"floor":18,"key":"SkillPotion"},{"floor":22,"key":"LiquidBronze"},{"floor":25,"key":"Dexterity Potion"}],"is_trial":false,"path_per_floor":["M","M","M","$","M","E","M","R","T","E","M","?","M","M","R","B",null,"M","M","M","?","M","R","M","M","T"],"character_chosen":"DEFECT","items_purchased":["Apotheosis"],"campfire_rested":1,"item_purchase_floors":[4],"current_hp_per_floor":[57,52,50,50,31,15,7,29,29,18,8,26,24,20,20,4,75,71,59,38,32,27,27,17,3,3,0],"gold":241,"neow_bonus":"TWO_FIFTY_GOLD","is_prod":false,"is_daily":false,"chose_seed":false,"campfire_upgraded":1,"win_rate":0,"timestamp":1532554410,"path_taken":["M","M","M","$","M","E","?","R","T","E","?","?","M","M","R","BOSS","M","M","?","?","?","R","M","M","T","M"],"build_version":"2018-07-19v2","purchased_purges":1,"victory":false,"max_hp_per_floor":[75,75,75,75,75,75,75,75,75,75,75,75,75,75,75,75,75,75,75,75,75,75,75,75,75,75,75],"card_choices":[{"not_picked":["Self Repair","Heatsinks"],"picked":"Conserve Battery","floor":1},{"not_picked":["Auto Shields","Rebound","Ball Lightning"],"picked":"SKIP","floor":2},{"not_picked":["Melter","Scrape"],"picked":"Cold Snap","floor":3},{"not_picked":["Beam Cell","Cold Snap"],"picked":"Conserve Battery","floor":5},{"not_picked":["Turbo","Steam"],"picked":"FTL","floor":6},{"not_picked":["Auto Shields","Ball Lightning"],"picked":"Steam","floor":7},{"not_picked":["Barrage","Skim"],"picked":"Capacitor","floor":10},{"not_picked":["Coolheaded","Cold Snap","Steam"],"picked":"SKIP","floor":11},{"not_picked":["Biased Cognition","Blizzard"],"picked":"Conserve Battery","floor":13},{"not_picked":["Cold Snap","Stack","Darkness"],"picked":"SKIP","floor":14},{"not_picked":["Thunder Strike","Buffer"],"picked":"Creative AI","floor":16},{"not_picked":["Hologram","Rebound+1"],"picked":"Undo","floor":18},{"not_picked":["Aggregate","Barrage+1","Hologram+1"],"picked":"SKIP","floor":19},{"not_picked":["Coolheaded+1","Consume"],"picked":"Genetic Algorithm","floor":20},{"not_picked":["Ball Lightning","Sweeping Beam","Gash"],"picked":"SKIP","floor":22},{"not_picked":["Compile Driver+1","Biased Cognition"],"picked":"Conserve Battery","floor":24},{"not_picked":["Sweeping Beam","Force Field+1","Compile Driver"],"picked":"SKIP","floor":25}],"player_experience":213336,"relics_obtained":[{"floor":6,"key":"Whetstone"},{"floor":9,"key":"Shovel"},{"floor":10,"key":"Gremlin Horn"},{"floor":23,"key":"Ice Cream"},{"floor":26,"key":"Centennial Puzzle"}],"event_choices":[{"event_name":"The Cleric","player_choice":"Healed","floor":12,"damage_taken":0},{"event_name":"Nest","player_choice":"Joined the Cult","floor":21,"damage_taken":0}],"is_beta":false,"boss_relics":[{"not_picked":["Calling Bell","Philosopher\u0027s Stone"],"picked":"Ectoplasm"}],"items_purged_floors":[4],"is_endless":false,"potions_floor_spawned":[1,6,7,10,16,18,22,25],"killed_by":"3 Cultists","ascension_level":2}