{"path_per_floor":["M","M","?","?","M","R","M","R","T","R","M","M","M","E","R","B",null,"M","$","?","M","M","R","?","R","T","M","E","?","T","?","R"],"character_chosen":"THE_SILENT","items_purchased":["Footwork","Outmaneuver"],"gold_per_floor":[116,133,133,133,145,145,115,115,115,115,135,151,165,198,198,294,294,204,72,72,72,72,72,72,72,72,72,72,72,72,72,72],"floor_reached":33,"campfire_rested":1,"playtime":3023,"current_hp_per_floor":[70,70,70,56,56,56,56,56,56,56,56,54,54,42,42,1,70,62,62,62,48,48,48,48,48,48,27,19,6,6,6,28],"items_purged":[],"gold":72,"score":278,"play_id":"b91c061a-a5cd-48be-9fc3-5e00bbb56cfa","is_prod":false,"is_daily":false,"is_ascension_mode":true,"campfire_upgraded":6,"path_taken":["M","M","?","?","M","R","M","R","T","R","M","?","?","E","R","BOSS","M","$","?","M","M","R","?","R","T","M","E","?","?","?","R","BOSS"],"build_version":"2018-02-08-PROD1","purchased_purges":0,"victory":false,"master_deck":["Defend_G+1","Defend_G+1","Defend_G+1","Defend_G+1","Defend_G+1","Strike_G+1","Strike_G+1","Strike_G+1","Strike_G+1","Survivor","Neutralize+1","Dagger Spray+1","PiercingWail+1","Malaise+1","Dodge and Roll+1","Prepared+1","Poisoned Stab","Heel Hook","Die Die Die","Burst+1","Underhanded Strike+1","Footwork+1","Outmaneuver","Bane","Deadly Poison","Footwork"],"max_hp_per_floor":[70,70,70,70,70,70,70,70,70,70,70,70,70,70,70,70,70,70,70,70,70,70,70,70,70,70,70,70,75,75,75,75],"relics":["Ring of the Snake","Unceasing Top","Gremlin Horn","Ectoplasm","Juzu Bracelet","Bag of Marbles","Bronze Scales","Ginger"],"card_choices":[{"not_picked":["Underhanded Strike","Poisoned Stab"],"picked":"Dagger Spray"},{"not_picked":["Catalyst","Deadly Poison"],"picked":"PiercingWail"},{"not_picked":["Dagger Spray","Outmaneuver"],"picked":"Malaise"},{"not_picked":["Distraction","Dagger Throw"],"picked":"Dodge and Roll"},{"not_picked":["Malaise","Dagger Throw"],"picked":"Prepared"},{"not_picked":["Bane","PiercingWail"],"picked":"Poisoned Stab"},{"not_picked":["Distraction","Calculated Gamble"],"picked":"Heel Hook"},{"not_picked":["Sucker Punch","Flechettes"],"picked":"Die Die Die"},{"not_picked":["Venomology","Unload"],"picked":"Burst"},{"not_picked":["Outmaneuver","Poisoned Stab"],"picked":"Underhanded Strike"},{"not_picked":["Choke","Unload"],"picked":"Bane"},{"not_picked":["Crippling Poison","Masterful Stab"],"picked":"Deadly Poison"},{"not_picked":["Bane","Heel Hook"],"picked":"Footwork"}],"player_experience":92504,"potions_floor_usage":[16,33],"damage_taken":[{"damage":0,"enemies":"Small Slimes","floor":1,"turns":4},{"damage":0,"enemies":"Blue Slaver","floor":2,"turns":5},{"damage":0,"enemies":"2 Louse","floor":5,"turns":2},{"damage":0,"enemies":"Looter","floor":7,"turns":4},{"damage":0,"enemies":"2 Fungi Beasts","floor":11,"turns":3},{"damage":2,"enemies":"3 Louse","floor":12,"turns":3},{"damage":0,"enemies":"Red Slaver","floor":13,"turns":5},{"damage":12,"enemies":"3 Sentries","floor":14,"turns":9},{"damage":41,"enemies":"Slime Boss","floor":16,"turns":18},{"damage":8,"enemies":"2 Thieves","floor":18,"turns":4},{"damage":14,"enemies":"Chosen","floor":21,"turns":9},{"damage":0,"enemies":"3 Cultists","floor":22,"turns":7},{"damage":21,"enemies":"Centurion and Healer","floor":27,"turns":8},{"damage":8,"enemies":"Book of Stabbing","floor":28,"turns":7},{"damage":32,"enemies":"Automaton","floor":33,"turns":10}],"event_choices":[{"event_name":"Upgrade Shrine","player_choice":"Upgraded","floor":3,"damage_taken":0},{"event_name":"Shining Light","player_choice":"Entered Light","floor":4,"damage_taken":0},{"event_name":"The Mausoleum","player_choice":"Yes","floor":20,"damage_taken":0},{"event_name":"Beggar","player_choice":"Ignored","floor":24,"damage_taken":0},{"event_name":"Forgotten Altar","player_choice":"Shed Blood","floor":29,"damage_taken":0},{"event_name":"Back to Basics","player_choice":"Simplicity","floor":31,"damage_taken":0}],"boss_relics":[{"not_picked":["Orrery","Velvet Choker"],"picked":"Ectoplasm"}],"potions_floor_spawned":[11,12,14,18,21],"seed_played":"-7569532415646245402","killed_by":"Automaton","ascension_level":1,"is_trial":false}