{"gold_per_floor":[217,232,11,30,49,49,77,77,77,107,74,74,93,121,121,220,270,290,6,6,18,40,80,110,122,134,146,158,170,211,240,252,366,378,406,343,343,361,378,378,378],"floor_reached":41,"playtime":2586,"items_purged":["Strike_B+1"],"score":464,"play_id":"d53e0a31-4e7f-41de-8681-096fa6915623","local_time":"20190326182520","is_ascension_mode":false,"campfire_choices":[{"data":"Sunder","floor":6.0,"key":"SMITH"},{"data":"Conserve Battery","floor":12.0,"key":"SMITH"},{"floor":15.0,"key":"REST"},{"data":"Static Discharge","floor":25,"key":"SMITH"},{"data":"Rip and Tear","floor":27,"key":"SMITH"},{"data":"Double Energy","floor":32,"key":"SMITH"},{"data":"Echo Form","floor":40,"key":"SMITH"}],"neow_cost":"NONE","seed_source_timestamp":0,"circlet_count":0,"master_deck":["Strike_B+1","Strike_B+1","Strike_B+1","Defend_B+1","Defend_B+1","Defend_B+1","Defend_B+1","Zap+1","Dualcast","Sunder+1","Conserve Battery+1","Melter","Redo","Self Repair","Leap","Barrage","Rip and Tear+1","Ball Lightning","Lockon","Sweeping Beam","Echo Form+1","Stack","BootSequence+1","Static Discharge+1","Shame","Hologram+1","Tempest","Reinforced Body+1","Writhe","Double Energy+1","Seek","Multi-Cast","Rebound+1"],"special_seed":0,"relics":["Cracked Core","Lantern","Incense Burner","Pantograph","Ornamental Fan","Odd Mushroom","Tiny House","Bottled Tornado","MawBank","Bottled Lightning","Torii","Pear","Bag of Preparation","Busted Crown"],"potions_floor_usage":[30,33,41],"damage_taken":[{"damage":2.0,"enemies":"2 Louse","floor":1.0,"turns":2.0},{"damage":0.0,"enemies":"Small Slimes","floor":2.0,"turns":2.0},{"damage":0.0,"enemies":"Jaw Worm","floor":4.0,"turns":3.0},{"damage":5.0,"enemies":"3 Louse","floor":5.0,"turns":4.0},{"damage":10.0,"enemies":"3 Sentries","floor":7.0,"turns":7.0},{"damage":10.0,"enemies":"Lagavulin","floor":10.0,"turns":4.0},{"damage":8.0,"enemies":"Exordium Thugs","floor":13.0,"turns":4.0},{"damage":9.0,"enemies":"The Mushroom Lair","floor":14.0,"turns":4.0},{"damage":45.0,"enemies":"Slime Boss","floor":16.0,"turns":11.0},{"damage":0.0,"enemies":"Spheric Guardian","floor":18.0,"turns":2.0},{"damage":11.0,"enemies":"3 Byrds","floor":22.0,"turns":2.0},{"damage":26.0,"enemies":"Slavers","floor":23.0,"turns":5.0},{"damage":4.0,"enemies":"Snecko","floor":24.0,"turns":4.0},{"damage":2,"enemies":"Book of Stabbing","floor":30,"turns":7},{"damage":8,"enemies":"Snake Plant","floor":31,"turns":3},{"damage":46,"enemies":"Collector","floor":33,"turns":10},{"damage":18,"enemies":"3 Shapes","floor":35,"turns":6},{"damage":8,"enemies":"Orb Walker","floor":38,"turns":4},{"damage":27,"enemies":"Transient","floor":39,"turns":5},{"damage":84,"enemies":"Giant Head","floor":41,"turns":8}],"seed_played":"-904398626823849750","potions_obtained":[{"floor":1.0,"key":"FocusPotion"},{"floor":7.0,"key":"Explosive Potion"},{"floor":17.0,"key":"EssenceOfSteel"},{"floor":31,"key":"SteroidPotion"},{"floor":35,"key":"EssenceOfSteel"},{"floor":38,"key":"Strength Potion"}],"is_trial":false,"path_per_floor":["M","M","$","M","M","R","E","?","T","E","?","R","M","?","R","B",null,"M","$","?","?","M","E","M","R","T","R","$","?","E","M","R","B",null,"M","$","?","M","M","R","E"],"character_chosen":"DEFECT","items_purchased":["Melter","Redo","Self Repair","Leap","Bottled Tornado","Static Discharge"],"campfire_rested":1,"item_purchase_floors":[3,3,3,3,19,19],"current_hp_per_floor":[73,73,73,75,75,75,72,60,60,57,57,57,49,47,69,30,80,80,80,80,80,76,57,60,60,60,60,60,70,75,74,74,51,90,79,79,79,78,58,58,0],"gold":378,"neow_bonus":"HUNDRED_GOLD","is_prod":false,"is_daily":false,"chose_seed":false,"campfire_upgraded":6,"win_rate":0.0,"timestamp":1553639120,"path_taken":["M","M","$","M","M","R","E","?","T","E","?","R","M","?","R","BOSS","M","$","?","?","M","E","M","R","T","R","?","?","E","M","R","BOSS","M","$","?","M","M","R","E"],"build_version":"2019-01-23","purchased_purges":1,"victory":false,"max_hp_per_floor":[75,75,75,75,75,75,75,75,75,75,75,75,75,75,75,75,80,80,80,80,80,80,80,80,80,80,80,80,90,90,90,90,90,90,90,90,90,90,90,90,90],"card_choices":[{"not_picked":["BootSequence","Steam"],"picked":"Sunder","floor":1.0},{"not_picked":["Steam","Fusion"],"picked":"Conserve Battery","floor":2.0},{"not_picked":["Coolheaded","Streamline"],"picked":"Barrage","floor":4.0},{"not_picked":["Cold Snap","Go for the Eyes"],"picked":"Rip and Tear","floor":5.0},{"not_picked":["Barrage","Rebound"],"picked":"Ball Lightning","floor":7.0},{"not_picked":["Cold Snap","Rebound"],"picked":"Lockon","floor":10.0},{"not_picked":["Leap","Turbo"],"picked":"Sweeping Beam","floor":13.0},{"not_picked":["All For One","Reboot"],"picked":"Echo Form","floor":16.0},{"not_picked":["Barrage","Streamline"],"picked":"Stack","floor":17.0},{"not_picked":["Compile Driver","Steam"],"picked":"BootSequence+1","floor":18.0},{"not_picked":["Conserve Battery","Go for the Eyes+1"],"picked":"Hologram+1","floor":22.0},{"not_picked":["Sweeping Beam","Redo"],"picked":"Tempest","floor":23.0},{"not_picked":["Reboot","Ball Lightning"],"picked":"Reinforced Body+1","floor":24.0},{"not_picked":["Melter","Streamline","Reinforced Body+1"],"picked":"SKIP","floor":30},{"not_picked":["Barrage","Coolheaded+1"],"picked":"Double Energy","floor":31},{"not_picked":["Thunder Strike","Rainbow"],"picked":"Seek","floor":33},{"not_picked":["Fusion+1"],"picked":"SKIP","floor":35},{"not_picked":["Stack+1"],"picked":"SKIP","floor":38},{"not_picked":[],"picked":"Rebound+1","floor":39}],"player_experience":66219,"relics_obtained":[{"floor":7.0,"key":"Lantern"},{"floor":9.0,"key":"Pantograph"},{"floor":10.0,"key":"Ornamental Fan"},{"floor":14.0,"key":"Odd Mushroom"},{"floor":23.0,"key":"Bottled Lightning"},{"floor":26,"key":"Torii"},{"floor":30,"key":"Bag of Preparation"}],"event_choices":[{"damage_healed":0.0,"max_hp_gain":0.0,"max_hp_loss":0.0,"gold_gain":0.0,"event_name":"Scrap Ooze","player_choice":"Success","floor":8.0,"gold_loss":0.0,"damage_taken":12.0,"relics_obtained":["Incense Burner"]},{"damage_healed":0.0,"max_hp_gain":0.0,"max_hp_loss":0.0,"gold_gain":0.0,"event_name":"World of Goop","player_choice":"Left Gold","floor":11.0,"gold_loss":33.0,"damage_taken":0.0},{"damage_healed":0.0,"max_hp_gain":0.0,"max_hp_loss":0.0,"gold_gain":0.0,"event_name":"Mushrooms","player_choice":"Fought Mushrooms","floor":14.0,"gold_loss":0.0,"damage_taken":0.0},{"damage_healed":0.0,"max_hp_gain":0.0,"max_hp_loss":0.0,"gold_gain":0.0,"event_name":"Addict","player_choice":"Stole Relic","floor":20.0,"gold_loss":0.0,"damage_taken":0.0,"relics_obtained":["MawBank"],"cards_obtained":["Shame"]},{"damage_healed":0.0,"max_hp_gain":0.0,"max_hp_loss":0.0,"gold_gain":0.0,"event_name":"Back to Basics","player_choice":"Simplicity","floor":21.0,"gold_loss":0.0,"damage_taken":0.0,"cards_upgraded":["Strike_B","Strike_B","Strike_B","Strike_B","Defend_B","Defend_B","Defend_B","Defend_B"]},{"damage_healed":0,"gold_gain":0,"player_choice":"Opened","damage_taken":0,"relics_obtained":["Pear"],"max_hp_gain":0,"max_hp_loss":0,"event_name":"The Mausoleum","floor":29,"gold_loss":0,"cards_obtained":["Writhe"]},{"damage_healed":0,"gold_gain":0,"player_choice":"1 cards matched","damage_taken":0,"max_hp_gain":0,"max_hp_loss":0,"event_name":"Match and Keep!","floor":37,"gold_loss":0,"cards_obtained":["Multi-Cast"]}],"is_beta":false,"boss_relics":[{"not_picked":["Empty Cage","White Beast Statue"],"picked":"Tiny House"},{"not_picked":["Velvet Choker","Fusion Hammer"],"picked":"Busted Crown"}],"items_purged_floors":[36],"is_endless":false,"potions_floor_spawned":[1,7,31,35,38],"killed_by":"Giant Head","ascension_level":0}