{"gold_per_floor":[111,111,124,199,54,54,81,61,61,95,108,126,126,144,144,239,239,258,258,16,286,300,316,350,350,422,452,465,496,496,522,522,626,676,689,89,89,89,102,102,134,134,134,134,145,162,213,236,236,236],"floor_reached":51,"playtime":5321,"items_purged":["Strike_R","Strike_R"],"score":786,"play_id":"601a19cd-7795-40bc-9339-3b5bb70b4175","local_time":"20190317181616","is_ascension_mode":false,"campfire_choices":[{"data":"Armaments","floor":6,"key":"SMITH"},{"data":"Shockwave","floor":13,"key":"SMITH"},{"data":"Clash","floor":15,"key":"SMITH"},{"floor":25,"key":"REST"},{"floor":30,"key":"REST"},{"floor":32,"key":"REST"},{"data":"Demon Form","floor":40,"key":"SMITH"},{"data":"1","floor":42,"key":"LIFT"},{"floor":44,"key":"REST"},{"floor":49,"key":"REST"}],"neow_cost":"NONE","seed_source_timestamp":75730031548500,"circlet_count":0,"master_deck":["Strike_R","Strike_R","Strike_R+1","Defend_R","Defend_R","Defend_R","Defend_R","Bash","Clash+1","Armaments+1","Shockwave+1","Carnage+1","Spot Weakness","Thunderclap+1","Anger+1","Fiend Fire+1","Cleave+1","Whirlwind+1","Anger+1","Clothesline+1","Iron Wave+1","Shrug It Off","Fiend Fire+1","Heavy Blade+1","Demon Form","Battle Trance+1","Seeing Red+1","Combust","Demon Form+1","Seeing Red+1","Anger+1","Headbutt+1"],"relics":["Burning Blood","Molten Egg 2","Kunai","Mango","Snecko Eye","Lee\u0027s Waffle","Letter Opener","Matryoshka","Regal Pillow","Girya","Toxic Egg 2","Tiny House","HandDrill","Potion Belt","Lantern","Oddly Smooth Stone","Pen Nib","Shovel","Orichalcum","Bronze Scales"],"potions_floor_usage":[7,10,16,16,28,31,33,41,45,47,47,50],"damage_taken":[{"damage":0,"enemies":"Small Slimes","floor":1,"turns":3},{"damage":1,"enemies":"Cultist","floor":3,"turns":3},{"damage":14,"enemies":"Lagavulin","floor":7,"turns":8},{"damage":9,"enemies":"3 Sentries","floor":10,"turns":5},{"damage":0,"enemies":"2 Louse","floor":11,"turns":3},{"damage":20,"enemies":"Lots of Slimes","floor":12,"turns":6},{"damage":3,"enemies":"Large Slime","floor":14,"turns":4},{"damage":51,"enemies":"Hexaghost","floor":16,"turns":10},{"damage":0,"enemies":"3 Byrds","floor":18,"turns":4},{"damage":17,"enemies":"Shell Parasite","floor":22,"turns":3},{"damage":5,"enemies":"Cultist and Chosen","floor":23,"turns":3},{"damage":36,"enemies":"Slavers","floor":24,"turns":3},{"damage":7,"enemies":"Gremlin Leader","floor":27,"turns":3},{"damage":8,"enemies":"Centurion and Healer","floor":28,"turns":5},{"damage":36,"enemies":"Slavers","floor":29,"turns":3},{"damage":17,"enemies":"Gremlin Leader","floor":31,"turns":4},{"damage":16,"enemies":"Champ","floor":33,"turns":9},{"damage":17,"enemies":"3 Darklings","floor":35,"turns":4},{"damage":1,"enemies":"3 Shapes","floor":39,"turns":4},{"damage":46,"enemies":"Nemesis","floor":41,"turns":5},{"damage":15,"enemies":"Maw","floor":45,"turns":5},{"damage":16,"enemies":"Spire Growth","floor":46,"turns":3},{"damage":41,"enemies":"2 Orb Walkers","floor":47,"turns":3},{"damage":68,"enemies":"Awakened One","floor":50,"turns":8}],"seed_played":"1248943923271910244","potions_obtained":[{"floor":0,"key":"Poison Potion"},{"floor":0,"key":"Explosive Potion"},{"floor":0,"key":"FairyPotion"},{"floor":8,"key":"SmokeBomb"},{"floor":10,"key":"SpeedPotion"},{"floor":14,"key":"FearPotion"},{"floor":18,"key":"SpeedPotion"},{"floor":23,"key":"GamblersBrew"},{"floor":28,"key":"Dexterity Potion"},{"floor":31,"key":"LiquidBronze"},{"floor":33,"key":"Energy Potion"},{"floor":41,"key":"Poison Potion"},{"floor":46,"key":"PowerPotion"}],"is_trial":false,"path_per_floor":["M","?","M","?","$","R","E","?","T","E","M","M","R","M","R","B",null,"M","?","$","?","M","M","E","R","T","E","M","E","R","E","R","B",null,"M","$","?","?","M","R","E","R","T","R","M","M","?","T","R","B",null],"character_chosen":"IRONCLAD","items_purchased":["Shockwave","Anger+1","Lee\u0027s Waffle","HandDrill","Potion Belt","Combust","BloodPotion"],"campfire_rested":5,"item_purchase_floors":[5,20,20,36,36,36,36],"current_hp_per_floor":[80,85,85,74,74,74,66,66,66,77,83,69,69,72,72,27,99,99,99,106,66,55,56,26,57,57,56,54,24,70,59,105,95,111,100,100,100,100,105,105,65,65,65,105,96,86,61,61,105,43],"gold":236,"neow_bonus":"THREE_SMALL_POTIONS","is_prod":false,"is_daily":false,"chose_seed":false,"campfire_upgraded":4,"win_rate":0.0,"timestamp":1552860976,"path_taken":["M","?","M","?","$","R","E","?","T","E","M","M","R","M","R","BOSS","M","?","$","?","M","?","E","R","T","E","M","E","R","E","R","BOSS","M","$","?","?","M","R","E","R","T","R","M","?","?","?","R","BOSS"],"build_version":"2019-01-23","purchased_purges":2,"victory":true,"max_hp_per_floor":[80,85,85,85,85,85,85,85,85,99,99,99,99,99,99,99,99,99,99,106,106,106,106,106,106,106,106,106,106,106,106,106,106,111,111,111,105,105,105,105,105,105,105,105,105,105,105,105,105,105],"card_choices":[{"not_picked":["Wild Strike","Rupture"],"picked":"Clash","floor":1},{"not_picked":["Infernal Blade","Searing Blow"],"picked":"Armaments","floor":3},{"not_picked":["Warcry","Feel No Pain","Sever Soul"],"picked":"SKIP","floor":7},{"not_picked":["True Grit","Barricade"],"picked":"Carnage+1","floor":10},{"not_picked":["Warcry","Fire Breathing"],"picked":"Spot Weakness","floor":11},{"not_picked":["Perfected Strike+1","Anger+1"],"picked":"Thunderclap+1","floor":12},{"not_picked":["Limit Break","Iron Wave+1"],"picked":"Anger+1","floor":14},{"not_picked":["Juggernaut","Brutality"],"picked":"Fiend Fire+1","floor":16},{"not_picked":["Rampage+1","Body Slam+1"],"picked":"Cleave+1","floor":18},{"not_picked":["Shockwave","Perfected Strike+1","Armaments"],"picked":"SKIP","floor":22},{"not_picked":["Fire Breathing","Body Slam+1"],"picked":"Clothesline+1","floor":23},{"not_picked":["Perfected Strike+1","Spot Weakness"],"picked":"Iron Wave+1","floor":24},{"not_picked":["Entrench","Flex"],"picked":"Shrug It Off","floor":27},{"not_picked":["Clothesline+1","Armaments+1"],"picked":"Fiend Fire+1","floor":28},{"not_picked":["Infernal Blade","Clothesline+1","Clash+1"],"picked":"SKIP","floor":29},{"not_picked":["Dual Wield","Pummel+1"],"picked":"Heavy Blade+1","floor":31},{"not_picked":["Fiend Fire+1","Reaper+1"],"picked":"Demon Form","floor":33},{"not_picked":["Twin Strike+1","Anger+1"],"picked":"Battle Trance+1","floor":34},{"not_picked":["Warcry+1","Flex+1"],"picked":"Seeing Red+1","floor":35},{"not_picked":["Second Wind+1","Evolve"],"picked":"Seeing Red+1","floor":39},{"not_picked":["Rupture","Body Slam+1","Combust"],"picked":"SKIP","floor":41},{"not_picked":["Perfected Strike+1","Cleave+1"],"picked":"Anger+1","floor":45},{"not_picked":["Sever Soul+1","Armaments+1","True Grit+1"],"picked":"SKIP","floor":46},{"not_picked":["Bloodletting+1","Blood for Blood+1"],"picked":"Headbutt+1","floor":47}],"player_experience":23341,"relics_obtained":[{"floor":7,"key":"Molten Egg 2"},{"floor":9,"key":"Kunai"},{"floor":10,"key":"Mango"},{"floor":24,"key":"Letter Opener"},{"floor":26,"key":"Matryoshka"},{"floor":27,"key":"Regal Pillow"},{"floor":29,"key":"Girya"},{"floor":31,"key":"Toxic Egg 2"},{"floor":41,"key":"Lantern"},{"floor":43,"key":"Oddly Smooth Stone"},{"floor":43,"key":"Pen Nib"},{"floor":47,"key":"Shovel"},{"floor":48,"key":"Orichalcum"},{"floor":48,"key":"Bronze Scales"}],"event_choices":[{"damage_healed":0,"gold_gain":0,"player_choice":"Donut","damage_taken":0,"max_hp_gain":5,"max_hp_loss":0,"event_name":"Big Fish","floor":2,"gold_loss":0},{"damage_healed":0,"gold_gain":75,"player_choice":"Gather Gold","damage_taken":11,"max_hp_gain":0,"max_hp_loss":0,"event_name":"World of Goop","floor":4,"gold_loss":0},{"damage_healed":0,"gold_gain":0,"player_choice":"Bought 1 Potion","damage_taken":0,"max_hp_gain":0,"max_hp_loss":0,"event_name":"The Woman in Blue","floor":8,"gold_loss":0},{"damage_healed":0,"gold_gain":0,"player_choice":"Read","damage_taken":0,"max_hp_gain":0,"max_hp_loss":0,"event_name":"The Library","floor":19,"gold_loss":0,"cards_obtained":["Whirlwind"]},{"damage_healed":0,"gold_gain":270,"player_choice":"GOLD GOLD GOLD ","damage_taken":40,"max_hp_gain":0,"max_hp_loss":0,"event_name":"Knowing Skull","floor":21,"potions_obtained":[],"gold_loss":0,"cards_obtained":[]},{"damage_healed":0,"gold_gain":0,"player_choice":"Max HP","damage_taken":0,"max_hp_gain":0,"max_hp_loss":6,"event_name":"Winding Halls","floor":37,"gold_loss":0},{"damage_healed":0,"gold_gain":0,"player_choice":"Copied","damage_taken":0,"max_hp_gain":0,"max_hp_loss":0,"event_name":"Duplicator","floor":38,"gold_loss":0,"cards_obtained":["Demon Form"]},{"damage_healed":0,"gold_gain":0,"player_choice":"Fight","damage_taken":0,"max_hp_gain":0,"max_hp_loss":0,"event_name":"Mysterious Sphere","floor":47,"gold_loss":0}],"is_beta":false,"boss_relics":[{"not_picked":["Calling Bell","Empty Cage"],"picked":"Snecko Eye"},{"not_picked":["Velvet Choker","Orrery"],"picked":"Tiny House"}],"items_purged_floors":[5,36],"is_endless":false,"potions_floor_spawned":[1,3,10,14,18,23,28,31,33,35,41,46],"ascension_level":0}