{"gold_per_floor":[115,115,126,14,34,34,44,44,70,70,70,70,70,81,81,183,183,197,197,213,213,224,224,224,238,238,238],"floor_reached":27,"playtime":861,"items_purged":["Defend_B"],"score":203,"play_id":"bee4a94a-79c8-4c74-8679-4c86a8ccbde6","local_time":"20180626192013","is_ascension_mode":false,"campfire_choices":[{"data":"FTL","floor":6,"key":"SMITH"},{"data":"Beam Cell","floor":8,"key":"SMITH"},{"data":"Gash","floor":11,"key":"SMITH"},{"data":"Buffer","floor":15,"key":"SMITH"},{"data":"Glacier","floor":23,"key":"SMITH"}],"neow_cost":"NONE","seed_source_timestamp":378609010850825,"circlet_count":0,"master_deck":["Strike_B","Strike_B","Strike_B","Defend_B","Defend_B","Defend_B","Zap","Gash+1","White Noise","Beam Cell+1","FTL+1","Buffer+1","Gash","Electrodynamics","Heatsinks","Steam","Glacier+1","White Noise","Gash+1"],"relics":["Cracked Core"],"potions_floor_usage":[14,16],"damage_taken":[{"damage":0,"enemies":"Small Slimes","floor":1,"turns":3},{"damage":3,"enemies":"Jaw Worm","floor":3,"turns":4},{"damage":0,"enemies":"Cultist","floor":5,"turns":3},{"damage":0,"enemies":"Large Slime","floor":7,"turns":5},{"damage":0,"enemies":"2 Fungi Beasts","floor":14,"turns":2},{"damage":33,"enemies":"The Guardian","floor":16,"turns":8},{"damage":22,"enemies":"Shell Parasite","floor":18,"turns":5},{"damage":10,"enemies":"Spheric Guardian","floor":20,"turns":4},{"damage":1,"enemies":"Centurion and Healer","floor":22,"turns":6},{"damage":20,"enemies":"3 Cultists","floor":25,"turns":4},{"damage":35,"enemies":"Snake Plant","floor":27,"turns":3}],"seed_played":"-1455685300802774352","potions_obtained":[{"floor":1,"key":"LiquidBronze"},{"floor":3,"key":"Poison Potion"},{"floor":25,"key":"Energy Potion"}],"is_trial":false,"path_per_floor":["M","?","M","$","M","R","M","R","T","?","R","$","?","M","R","B",null,"M","?","M","?","M","R","?","M","T"],"character_chosen":"DEFECT","items_purchased":["FTL"],"campfire_rested":0,"item_purchase_floors":[4],"current_hp_per_floor":[75,75,72,72,72,72,72,72,72,65,65,65,65,65,65,32,75,53,53,43,43,49,49,49,29,29,0],"gold":238,"neow_bonus":"THREE_CARDS","is_prod":false,"is_daily":false,"chose_seed":false,"campfire_upgraded":5,"win_rate":0,"timestamp":1530051613,"path_taken":["M","?","M","$","M","R","M","R","T","?","R","$","?","M","R","BOSS","M","?","M","?","M","R","?","M","T","M"],"build_version":"2018-06-21v2","purchased_purges":1,"victory":false,"max_hp_per_floor":[75,75,75,75,75,75,75,75,75,75,75,75,75,75,75,75,75,75,75,75,75,75,75,75,75,75,75],"card_choices":[{"not_picked":["Aggregate","Beam Cell"],"picked":"Gash","floor":0},{"not_picked":["Reprogram","Coolheaded"],"picked":"White Noise","floor":1},{"not_picked":["Coolheaded","Redo"],"picked":"Beam Cell","floor":3},{"not_picked":["Rip and Tear","Coolheaded","Turbo"],"picked":"SKIP","floor":5},{"not_picked":["Barrage","Loop","Tempest"],"picked":"SKIP","floor":7},{"not_picked":["Turbo","Beam Cell"],"picked":"Gash","floor":14},{"not_picked":["Amplify","Machine Learning"],"picked":"Electrodynamics","floor":16},{"not_picked":["Ball Lightning","Coolheaded+1","Sweeping Beam+1"],"picked":"SKIP","floor":18},{"not_picked":["Static Discharge+1","Sweeping Beam"],"picked":"Steam","floor":20},{"not_picked":["Blizzard","FTL"],"picked":"White Noise","floor":22},{"not_picked":["Hologram","Lockon"],"picked":"Gash+1","floor":25}],"player_experience":160482,"relics_obtained":[],"event_choices":[{"event_name":"Scrap Ooze","player_choice":"unsuccessful","floor":2,"damage_taken":0},{"event_name":"Golden Wing","player_choice":"Card Removal","floor":10,"damage_taken":0},{"event_name":"Match and Keep!","player_choice":"1 cards matched","floor":13,"damage_taken":0},{"event_name":"Transmorgrifier","player_choice":"Transform","floor":19,"damage_taken":0},{"event_name":"The Library","player_choice":"Read","floor":21,"damage_taken":0},{"event_name":"Ghosts","player_choice":"Ignored","floor":24,"damage_taken":0}],"boss_relics":[{"not_picked":["Philosopher\u0027s Stone","Ectoplasm","Cursed Key"]}],"items_purged_floors":[4],"is_endless":false,"potions_floor_spawned":[1,3,25],"killed_by":"Snake Plant","ascension_level":0}