{"gold_per_floor":[112,136,136,156,175,175,175,186,186,211,223,234,252,267,267,366,366,385,397,408,29,47,47,60,60,60,60,60,60,60,80,80,177,177,197,197,3,13,13,13,0,0,0,31,50,50,80,128,128,128],"floor_reached":51,"playtime":2373,"items_purged":["Strike_B"],"score":734,"play_id":"b650c10d-3590-4203-9853-18933dc31d3e","local_time":"20180625164130","is_ascension_mode":false,"campfire_choices":[{"data":"Conserve Battery","floor":6,"key":"SMITH"},{"data":"Redo","floor":15,"key":"SMITH"},{"floor":23,"key":"REST"},{"data":"Electrodynamics","floor":27,"key":"SMITH"},{"data":"Conserve Battery","floor":30,"key":"SMITH"},{"data":"Conserve Battery","floor":32,"key":"SMITH"},{"data":"Apotheosis","floor":40,"key":"SMITH"},{"data":"Tempest","floor":42,"key":"SMITH"},{"data":"Thunder Strike","floor":49,"key":"SMITH"}],"neow_cost":"NONE","seed_source_timestamp":281160433600900,"circlet_count":0,"master_deck":["Defend_B","Defend_B","Defend_B","Defend_B","Zap+1","Dualcast+1","Tempest+1","Conserve Battery+1","Conserve Battery+1","Steam Power","Multi-Cast","Sweeping Beam","FTL","Skim","Redo+1","Electrodynamics+1","Conserve Battery+1","Leap","Ball Lightning","Writhe","Steam","Thunder Strike+1","Apotheosis+1","White Noise","Rebound+1","Madness","Madness"],"relics":["Cracked Core","War Paint","Ornamental Fan","Bag of Marbles","Busted Crown","Pantograph","Regal Pillow","Centennial Puzzle","Runic Dome","Unceasing Top","Red Mask","Art of War","Bronze Scales","Calipers","Torii"],"potions_floor_usage":[16,16,33,33,44,50,50],"damage_taken":[{"damage":1,"enemies":"Cultist","floor":1,"turns":3},{"damage":2,"enemies":"2 Louse","floor":4,"turns":3},{"damage":4,"enemies":"Jaw Worm","floor":5,"turns":3},{"damage":2,"enemies":"3 Louse","floor":8,"turns":4},{"damage":9,"enemies":"3 Sentries","floor":10,"turns":8},{"damage":0,"enemies":"Lots of Slimes","floor":11,"turns":2},{"damage":2,"enemies":"Blue Slaver","floor":12,"turns":3},{"damage":0,"enemies":"Red Slaver","floor":13,"turns":2},{"damage":7,"enemies":"3 Louse","floor":14,"turns":3},{"damage":22,"enemies":"The Guardian","floor":16,"turns":11},{"damage":24,"enemies":"Shell Parasite","floor":18,"turns":3},{"damage":13,"enemies":"2 Thieves","floor":19,"turns":3},{"damage":0,"enemies":"Snake Plant","floor":20,"turns":3},{"damage":15,"enemies":"Snecko","floor":22,"turns":4},{"damage":0,"enemies":"3 Cultists","floor":24,"turns":2},{"damage":3,"enemies":"Cultist and Chosen","floor":31,"turns":4},{"damage":27,"enemies":"Champ","floor":33,"turns":9},{"damage":7,"enemies":"3 Darklings","floor":35,"turns":2},{"damage":0,"floor":36,"turns":5},{"damage":3,"enemies":"Orb Walker","floor":38,"turns":3},{"damage":4,"enemies":"2 Orb Walkers","floor":44,"turns":3},{"damage":6,"enemies":"3 Darklings","floor":45,"turns":3},{"damage":0,"enemies":"Giant Head","floor":47,"turns":6},{"damage":0,"floor":48,"turns":3},{"damage":36,"enemies":"Donu and Deca","floor":50,"turns":8}],"seed_played":"-7837821136303528134","potions_obtained":[{"floor":4,"key":"Swift Potion"},{"floor":8,"key":"FairyPotion"},{"floor":10,"key":"Dexterity Potion"},{"floor":11,"key":"Fruit Juice"},{"floor":19,"key":"AttackPotion"},{"floor":31,"key":"AttackPotion"},{"floor":33,"key":"Energy Potion"},{"floor":35,"key":"Regen Potion"},{"floor":44,"key":"Block Potion"}],"is_trial":false,"path_per_floor":["M","T","?","M","M","R","?","M","T","E","M","M","M","M","R","B",null,"M","M","M","$","M","R","M","$","T","R","?","?","R","M","R","B",null,"M","?","$","M","$","R","?","R","T","E","M","?","E","?","R","B"],"character_chosen":"DEFECT","items_purchased":["Conserve Battery","Pantograph","Apotheosis"],"campfire_rested":1,"item_purchase_floors":[21,21,37],"current_hp_per_floor":[74,74,74,72,68,68,68,66,66,57,57,55,55,48,48,31,80,56,43,43,43,28,52,52,52,52,52,52,52,52,49,49,47,80,73,80,80,77,77,77,77,77,77,73,67,57,57,57,57,61],"gold":128,"neow_bonus":"TRANSFORM_CARD","is_prod":false,"is_daily":false,"chose_seed":false,"campfire_upgraded":8,"win_rate":0,"timestamp":1529955690,"path_taken":["M","?","?","M","M","R","?","?","T","E","M","M","M","M","R","BOSS","M","M","M","$","M","R","M","?","T","R","?","?","R","M","R","BOSS","M","?","?","M","$","R","?","R","T","E","?","?","E","?","R","BOSS"],"build_version":"2018-06-21v2","purchased_purges":1,"victory":true,"max_hp_per_floor":[75,75,75,75,75,75,75,75,75,75,75,75,75,75,75,80,80,80,80,80,80,80,80,80,80,80,80,80,80,80,80,80,80,80,80,80,80,80,80,80,80,80,80,80,80,80,80,80,80,80],"card_choices":[{"not_picked":["Gash","Coolheaded"],"picked":"Conserve Battery","floor":1},{"not_picked":["Hello World","Barrage","Aggregate"],"picked":"SKIP","floor":4},{"not_picked":["Compile Driver","Cold Snap"],"picked":"Conserve Battery","floor":5},{"not_picked":["Ball Lightning","Barrage"],"picked":"Multi-Cast","floor":8},{"not_picked":["Force Field","Streamline"],"picked":"Sweeping Beam","floor":10},{"not_picked":["Go for the Eyes","Streamline"],"picked":"FTL","floor":11},{"not_picked":["Genetic Algorithm","Scrape"],"picked":"Skim","floor":12},{"not_picked":["Undo","Lockon","Gash"],"picked":"SKIP","floor":13},{"not_picked":["Doom and Gloom","Go for the Eyes"],"picked":"Redo","floor":14},{"not_picked":["All For One","Seek"],"picked":"Electrodynamics","floor":16},{"not_picked":["Compile Driver"],"picked":"SKIP","floor":18},{"not_picked":["Rebound"],"picked":"SKIP","floor":19},{"not_picked":["Streamline"],"picked":"SKIP","floor":20},{"not_picked":[],"picked":"Leap","floor":22},{"not_picked":[],"picked":"Ball Lightning","floor":24},{"not_picked":[],"picked":"Steam","floor":31},{"not_picked":[],"picked":"Thunder Strike","floor":33},{"not_picked":["Coolheaded+1"],"picked":"SKIP","floor":35},{"not_picked":[],"picked":"White Noise","floor":38},{"not_picked":["Beam Cell"],"picked":"SKIP","floor":44},{"not_picked":[],"picked":"Rebound+1","floor":45},{"not_picked":["Go for the Eyes"],"picked":"SKIP","floor":47}],"player_experience":146973,"relics_obtained":[{"floor":2,"key":"War Paint"},{"floor":9,"key":"Ornamental Fan"},{"floor":10,"key":"Bag of Marbles"},{"floor":26,"key":"Regal Pillow"},{"floor":36,"key":"Unceasing Top"},{"floor":43,"key":"Art of War"},{"floor":44,"key":"Bronze Scales"},{"floor":47,"key":"Calipers"},{"floor":48,"key":"Torii"}],"event_choices":[{"event_name":"Bonfire Elementals","player_choice":"BASIC","floor":3,"damage_taken":0},{"event_name":"Transmorgrifier","player_choice":"Transform","floor":7,"damage_taken":0},{"event_name":"Ghosts","player_choice":"Ignored","floor":28,"damage_taken":0},{"event_name":"The Mausoleum","player_choice":"Yes","floor":29,"damage_taken":0},{"event_name":"MindBloom","player_choice":"Fight","floor":36,"damage_taken":0},{"event_name":"Tomb of Lord Red Mask","player_choice":"Paid","floor":41,"damage_taken":0},{"event_name":"Winding Halls","player_choice":"Embrace Madness","floor":46,"damage_taken":0},{"event_name":"Mysterious Sphere","player_choice":"Fight","floor":48,"damage_taken":0}],"boss_relics":[{"not_picked":["Astrolabe","Fusion Hammer"],"picked":"Busted Crown"},{"not_picked":["Black Star","Velvet Choker"],"picked":"Runic Dome"}],"items_purged_floors":[21],"is_endless":false,"potions_floor_spawned":[4,8,10,11,14,19,31,33,35,44,48],"ascension_level":0}