{"gold_per_floor":[115,17,17,32,207,207,207,232,304,323,323,337,371,381,381,453,453,468,83,55,55,55,55],"floor_reached":23,"playtime":1493,"items_purged":["Clumsy","Doubt"],"score":338,"play_id":"cba36343-7144-494c-9f04-537ed3389c53","local_time":"20190206215136","is_ascension_mode":true,"campfire_choices":[{"data":"Creative AI","floor":6,"key":"SMITH"},{"data":"White Noise","floor":11,"key":"SMITH"},{"data":"Chaos","floor":15,"key":"SMITH"}],"neow_cost":"CURSE","seed_source_timestamp":509256406220500,"circlet_count":0,"master_deck":["AscendersBane","Strike_B","Strike_B","Strike_B","Strike_B","Defend_B","Defend_B","Defend_B","Defend_B","Zap","Dualcast+1","Creative AI+1","White Noise+1","Sweeping Beam","PanicButton","Auto Shields","White Noise","Ball Lightning","Capacitor","Chaos+1","Rainbow","Consume","Apotheosis","Enlightenment"],"relics":["Cracked Core","Pen Nib","Meat on the Bone","Omamori","Inserter"],"potions_floor_usage":[18,23,23],"damage_taken":[{"damage":4,"enemies":"Jaw Worm","floor":1,"turns":4},{"damage":1,"enemies":"Cultist","floor":4,"turns":3},{"damage":20,"enemies":"Lagavulin","floor":8,"turns":6},{"damage":0,"enemies":"2 Louse","floor":10,"turns":2},{"damage":0,"enemies":"2 Fungi Beasts","floor":12,"turns":5},{"damage":25,"enemies":"3 Sentries","floor":13,"turns":7},{"damage":5,"enemies":"Lots of Slimes","floor":14,"turns":3},{"damage":6,"enemies":"Hexaghost","floor":16,"turns":11},{"damage":10,"enemies":"Spheric Guardian","floor":18,"turns":6},{"damage":24,"enemies":"2 Thieves","floor":20,"turns":5},{"damage":48,"enemies":"Slavers","floor":23,"turns":4}],"seed_played":"2412824086229171873","potions_obtained":[{"floor":1,"key":"FocusPotion"},{"floor":8,"key":"SteroidPotion"},{"floor":10,"key":"SkillPotion"},{"floor":20,"key":"Block Potion"}],"is_trial":false,"path_per_floor":["M","$","?","M","?","R","?","E","T","M","R","M","E","M","R","B",null,"M","$","M","$","?","E"],"character_chosen":"DEFECT","items_purchased":["Sweeping Beam","Apotheosis","Enlightenment"],"campfire_rested":0,"item_purchase_floors":[2,19,19],"current_hp_per_floor":[60,60,60,59,59,59,59,39,39,39,39,39,26,33,33,39,63,53,53,41,41,41,0],"gold":55,"neow_bonus":"THREE_RARE_CARDS","is_prod":false,"is_daily":false,"chose_seed":false,"campfire_upgraded":3,"win_rate":0,"timestamp":1549489896,"path_taken":["M","$","?","?","?","R","?","E","T","M","R","M","E","M","R","BOSS","M","$","M","?","?","E"],"build_version":"2019-01-23","purchased_purges":2,"victory":false,"max_hp_per_floor":[71,71,71,71,71,71,71,71,71,71,71,71,71,71,71,71,71,71,71,71,71,71,71],"card_choices":[{"not_picked":["Hyperbeam","Echo Form"],"picked":"Creative AI","floor":0},{"not_picked":["Gash","Barrage"],"picked":"White Noise","floor":1},{"not_picked":["Leap","Double Energy"],"picked":"Auto Shields","floor":4},{"not_picked":["Machine Learning","Seek"],"picked":"White Noise","floor":8},{"not_picked":["Steam","Sweeping Beam","Beam Cell"],"picked":"SKIP","floor":10},{"not_picked":["Steam","Consume"],"picked":"Ball Lightning","floor":12},{"not_picked":["Streamline","Loop"],"picked":"Capacitor","floor":13},{"not_picked":["Cold Snap","Recycle"],"picked":"Chaos","floor":14},{"not_picked":["All For One","Buffer"],"picked":"Rainbow","floor":16},{"not_picked":["Recycle","Turbo"],"picked":"Consume","floor":18},{"not_picked":["Steam Power","Turbo","Stack"],"picked":"SKIP","floor":20}],"player_experience":574744,"relics_obtained":[{"floor":8,"key":"Pen Nib"},{"floor":9,"key":"Meat on the Bone"},{"floor":13,"key":"Omamori"}],"event_choices":[{"damage_healed":0,"gold_gain":0,"player_choice":"1 cards matched","damage_taken":0,"max_hp_gain":0,"max_hp_loss":0,"event_name":"Match and Keep!","floor":3,"gold_loss":0,"cards_obtained":["PanicButton"]},{"damage_healed":0,"gold_gain":175,"player_choice":"AGREE","damage_taken":0,"max_hp_gain":0,"max_hp_loss":0,"event_name":"Liars Game","floor":5,"gold_loss":0,"cards_obtained":["Doubt"]},{"damage_healed":0,"gold_gain":0,"player_choice":"Upgraded","damage_taken":0,"max_hp_gain":0,"max_hp_loss":0,"event_name":"Upgrade Shrine","floor":7,"gold_loss":0,"cards_upgraded":["Dualcast"]},{"damage_healed":0,"gold_gain":0,"player_choice":"Ignored","damage_taken":0,"max_hp_gain":0,"max_hp_loss":0,"event_name":"Beggar","floor":22,"gold_loss":0}],"is_beta":false,"boss_relics":[{"not_picked":["Astrolabe","Eternal Feather"],"picked":"Inserter"}],"items_purged_floors":[2,19],"is_endless":false,"potions_floor_spawned":[1,8,10,12,20],"killed_by":"Slavers","ascension_level":14}