{"gold_per_floor":[116,116,132,132,145,145,172,172,172,172,204,228,263,281,281,379,429,448,448,468,567,567,567,597,597,597,597,626,646,37,49,49,151,151,164,178,178,178,192,224,224,253,253,253,2,31,45,61,61,61,61,61,12,41,41],"floor_reached":55,"playtime":4172,"items_purged":[],"score":915,"play_id":"f04733ce-b7ed-4cca-9bdb-7704b5581775","local_time":"20190205220627","is_ascension_mode":true,"campfire_choices":[{"data":"Noxious Fumes","floor":6,"key":"SMITH"},{"floor":8,"key":"RECALL"},{"floor":10,"key":"REST"},{"floor":15,"key":"REST"},{"floor":23,"key":"REST"},{"floor":25,"key":"REST"},{"floor":32,"key":"REST"},{"floor":41,"key":"REST"},{"floor":44,"key":"REST"},{"floor":49,"key":"REST"},{"data":"Envenom","floor":52,"key":"SMITH"}],"neow_cost":"NONE","seed_source_timestamp":120828848699100,"circlet_count":0,"master_deck":["Defend_G","Defend_G+1","Defend_G","Defend_G","Defend_G","Strike_G","Strike_G","Strike_G","Strike_G","Strike_G","Survivor","Neutralize","Catalyst+1","Noxious Fumes+1","Well Laid Plans","Unload","Flying Knee","Poisoned Stab","Backstab","Caltrops","After Image","Deadly Poison","Deflect+1","Deadly Poison+1","Caltrops","Blur+1","Crippling Poison","Footwork","Envenom+1","Backflip","Sucker Punch","Writhe","Deflect+1","Dash+1","Sucker Punch+1","Poisoned Stab","Catalyst","Blur","Poisoned Stab","Footwork+1"],"relics":["Ring of the Snake","Snake Skull","Unceasing Top","Odd Mushroom","Paper Crane","Tiny House","Gremlin Horn","Letter Opener","Bird Faced Urn","Mercury Hourglass","Bottled Tornado","Bottled Flame","Lizard Tail","Omamori","Bronze Scales","Nunchaku","TwistedFunnel","Question Card","Mummified Hand"],"potions_floor_usage":[7,16,18,20,24,30,33,40,40,40,47,48,50,54],"damage_taken":[{"damage":0,"enemies":"Jaw Worm","floor":1,"turns":4},{"damage":4,"enemies":"2 Louse","floor":3,"turns":3},{"damage":0,"enemies":"Small Slimes","floor":5,"turns":4},{"damage":19,"enemies":"3 Sentries","floor":7,"turns":7},{"damage":21,"enemies":"Gremlin Nob","floor":11,"turns":5},{"damage":21,"enemies":"The Mushroom Lair","floor":12,"turns":3},{"damage":16,"enemies":"3 Sentries","floor":13,"turns":6},{"damage":1,"enemies":"3 Louse","floor":14,"turns":3},{"damage":28,"enemies":"Slime Boss","floor":16,"turns":8},{"damage":15,"enemies":"Spheric Guardian","floor":18,"turns":5},{"damage":8,"enemies":"Chosen","floor":20,"turns":5},{"damage":47,"enemies":"Slavers","floor":24,"turns":7},{"damage":17,"enemies":"Gremlin Leader","floor":28,"turns":5},{"damage":8,"enemies":"Centurion and Healer","floor":29,"turns":6},{"damage":15,"enemies":"Snake Plant","floor":31,"turns":3},{"damage":40,"enemies":"Collector","floor":33,"turns":6},{"damage":9,"enemies":"Orb Walker","floor":35,"turns":3},{"damage":26,"enemies":"3 Darklings","floor":36,"turns":4},{"damage":11,"enemies":"4 Shapes","floor":39,"turns":5},{"damage":57,"enemies":"Reptomancer","floor":40,"turns":7},{"damage":56,"enemies":"Giant Head","floor":42,"turns":10},{"damage":16,"enemies":"Reptomancer","floor":46,"turns":5},{"damage":32,"enemies":"Spire Growth","floor":47,"turns":4},{"damage":9,"enemies":"Sphere and 2 Shapes","floor":48,"turns":4},{"damage":47,"enemies":"Time Eater","floor":50,"turns":11},{"damage":61,"enemies":"Shield and Spear","floor":54,"turns":6},{"damage":88,"enemies":"The Heart","floor":55,"turns":6}],"seed_played":"-2681662584961980264","potions_obtained":[{"floor":5,"key":"GamblersBrew"},{"floor":12,"key":"SpeedPotion"},{"floor":13,"key":"GamblersBrew"},{"floor":16,"key":"Swift Potion"},{"floor":17,"key":"Energy Potion"},{"floor":24,"key":"Swift Potion"},{"floor":29,"key":"Energy Potion"},{"floor":33,"key":"Dexterity Potion"},{"floor":35,"key":"SmokeBomb"},{"floor":38,"key":"PowerPotion"},{"floor":46,"key":"EssenceOfSteel"},{"floor":47,"key":"Energy Potion"},{"floor":48,"key":"SkillPotion"}],"is_trial":false,"path_per_floor":["M","?","M","?","M","R","E","R","T","R","E","?","E","M","R","B",null,"M","?","M","?","?","R","E","R","T","T","E","M","$","M","R","B",null,"M","M","?","?","M","E","R","E","T","R","$","E","M","M","R","B",null,"R","$","E","B"],"character_chosen":"THE_SILENT","items_purchased":["Bottled Tornado","Bottled Flame","Fruit Juice","TwistedFunnel","Poisoned Stab","Block Potion"],"campfire_rested":8,"item_purchase_floors":[30,30,30,45,45,53],"current_hp_per_floor":[77,77,73,73,73,73,54,54,54,77,56,35,19,18,41,13,82,67,51,43,43,43,69,22,48,48,48,41,43,48,37,64,36,92,85,65,88,88,89,39,66,20,20,47,47,39,9,6,33,46,92,92,92,41,0],"gold":41,"neow_bonus":"TEN_PERCENT_HP_BONUS","is_prod":false,"is_daily":false,"chose_seed":false,"campfire_upgraded":2,"win_rate":0,"timestamp":1549411587,"path_taken":["M","?","M","?","M","R","E","R","T","R","E","?","E","M","R","BOSS","M","?","M","?","?","R","E","R","T","?","E","M","$","?","R","BOSS","M","?","?","?","M","E","R","E","T","R","$","E","M","?","R","BOSS","R","$","E","BOSS"],"build_version":"2019-01-23","purchased_purges":0,"victory":false,"max_hp_per_floor":[77,77,77,77,77,77,77,77,77,77,77,77,77,77,77,77,82,82,87,87,87,87,87,87,87,87,87,87,87,92,92,92,92,92,92,92,92,92,92,92,92,92,92,92,92,92,92,92,92,92,92,92,92,92,92],"card_choices":[{"not_picked":["Underhanded Strike","Dodge and Roll"],"picked":"Catalyst","floor":1},{"not_picked":["Backflip","Quick Slash"],"picked":"Noxious Fumes","floor":3},{"not_picked":["Prepared","Outmaneuver"],"picked":"Well Laid Plans","floor":5},{"not_picked":["Outmaneuver","Eviscerate"],"picked":"Unload","floor":7},{"not_picked":["Concentrate","Sucker Punch"],"picked":"Flying Knee","floor":11},{"not_picked":["Cloak And Dagger","Setup"],"picked":"Poisoned Stab","floor":12},{"not_picked":["Predator","Slice"],"picked":"Backstab","floor":13},{"not_picked":["Dagger Spray","Underhanded Strike"],"picked":"Caltrops","floor":14},{"not_picked":["Night Terror","Adrenaline"],"picked":"After Image","floor":16},{"not_picked":["Dodge and Roll","Dagger Spray"],"picked":"Deadly Poison","floor":17},{"not_picked":["Dagger Throw+1","Eviscerate"],"picked":"Deflect+1","floor":18},{"not_picked":["Sucker Punch","Poisoned Stab"],"picked":"Deadly Poison+1","floor":20},{"not_picked":["Bane","Deadly Poison+1"],"picked":"Caltrops","floor":24},{"not_picked":["Deflect","Sucker Punch"],"picked":"Blur+1","floor":28},{"not_picked":["Dagger Spray","Outmaneuver"],"picked":"Crippling Poison","floor":29},{"not_picked":["Deadly Poison+1","Tools of the Trade"],"picked":"Footwork","floor":31},{"not_picked":["Unload","Wraith Form v2"],"picked":"Envenom","floor":33},{"not_picked":["Accuracy","Underhanded Strike"],"picked":"Backflip","floor":35},{"not_picked":["Skewer","Deflect"],"picked":"Sucker Punch","floor":36},{"not_picked":["Dodge and Roll+1","Heel Hook+1"],"picked":"Deflect+1","floor":39},{"not_picked":["Skewer+1","Flechettes"],"picked":"Dash+1","floor":40},{"not_picked":["Predator","Slice+1"],"picked":"Sucker Punch+1","floor":42},{"not_picked":["Glass Knife","Skewer+1"],"picked":"Catalyst","floor":46},{"not_picked":["Flying Knee+1","Underhanded Strike+1","Infinite Blades+1"],"picked":"Blur","floor":47},{"not_picked":["Distraction","Quick Slash+1","Dagger Throw+1"],"picked":"Poisoned Stab","floor":48},{"not_picked":["Sucker Punch+1","Poisoned Stab","Prepared+1"],"picked":"Footwork+1","floor":54}],"player_experience":290808,"relics_obtained":[{"floor":7,"key":"Snake Skull"},{"floor":11,"key":"Unceasing Top"},{"floor":12,"key":"Odd Mushroom"},{"floor":13,"key":"Paper Crane"},{"floor":24,"key":"Gremlin Horn"},{"floor":26,"key":"Letter Opener"},{"floor":27,"key":"Bird Faced Urn"},{"floor":28,"key":"Mercury Hourglass"},{"floor":40,"key":"Omamori"},{"floor":42,"key":"Bronze Scales"},{"floor":43,"key":"Nunchaku"},{"floor":46,"key":"Question Card"},{"floor":54,"key":"Mummified Hand"}],"event_choices":[{"damage_healed":0,"gold_gain":0,"player_choice":"Grow","damage_taken":0,"max_hp_gain":0,"max_hp_loss":0,"event_name":"Living Wall","floor":2,"gold_loss":0,"cards_upgraded":["Catalyst"]},{"damage_healed":0,"gold_gain":0,"player_choice":"Leave","damage_taken":0,"max_hp_gain":0,"max_hp_loss":0,"event_name":"The Cleric","floor":4,"gold_loss":0},{"damage_healed":0,"gold_gain":0,"player_choice":"Fought Mushrooms","damage_taken":0,"max_hp_gain":0,"max_hp_loss":0,"event_name":"Mushrooms","floor":12,"gold_loss":0},{"damage_healed":0,"gold_gain":0,"player_choice":"Shed Blood","damage_taken":21,"max_hp_gain":5,"max_hp_loss":0,"event_name":"Forgotten Altar","floor":19,"gold_loss":0},{"damage_healed":0,"gold_gain":99,"player_choice":"Stole From Cult","damage_taken":0,"max_hp_gain":0,"max_hp_loss":0,"event_name":"Nest","floor":21,"gold_loss":0},{"damage_healed":0,"gold_gain":0,"player_choice":"Ignored","damage_taken":0,"max_hp_gain":0,"max_hp_loss":0,"event_name":"Vampires","floor":22,"gold_loss":0},{"damage_healed":23,"gold_gain":0,"player_choice":"Writhe","damage_taken":0,"max_hp_gain":0,"max_hp_loss":0,"event_name":"Winding Halls","floor":37,"gold_loss":0,"cards_obtained":["Writhe"]},{"damage_healed":0,"gold_gain":0,"player_choice":"Got Potions","damage_taken":0,"max_hp_gain":0,"max_hp_loss":0,"event_name":"Lab","floor":38,"gold_loss":0}],"is_beta":false,"boss_relics":[{"not_picked":["Calling Bell","Astrolabe"],"picked":"Tiny House"},{"not_picked":["Runic Pyramid","HoveringKite"],"picked":"Lizard Tail"}],"items_purged_floors":[],"is_endless":false,"potions_floor_spawned":[5,12,13,16,24,29,33,35,46,47,48],"killed_by":"The Heart","ascension_level":2}