{"path_per_floor":["M","M","?","M","?","R","M","$","T","R","M","M","M","?","R","B",null,"M","M","?","?","M","R","E","M","T","?","$","R","$","E","R","B",null,"M","?","?","M","$","E","R","E","T","R","M","M","M","?","R","B"],"character_chosen":"THE_SILENT","items_purchased":["Well Laid Plans","Leg Sweep","Apotheosis","Dark Shackles","Burst"],"gold_per_floor":[114,134,114,132,132,132,152,46,46,46,66,76,95,95,95,197,197,214,201,201,201,217,217,244,264,288,288,10,10,10,42,42,137,137,151,151,151,168,9,37,37,62,110,110,128,140,150,150,150,150],"floor_reached":51,"campfire_rested":2,"playtime":6529,"current_hp_per_floor":[70,70,70,70,70,70,64,64,64,64,60,56,47,70,70,67,70,67,55,55,55,47,47,45,47,47,31,31,31,31,25,46,33,70,70,70,61,62,62,61,70,61,61,70,59,31,24,24,59,37],"items_purged":[],"gold":150,"score":587,"play_id":"aaa04db4-0d9a-43b7-aaa7-695579b44ca9","is_prod":false,"is_daily":false,"is_ascension_mode":false,"campfire_upgraded":7,"path_taken":["M","?","?","M","?","R","M","?","T","R","M","M","?","?","R","BOSS","M","M","?","?","M","R","E","?","T","?","?","R","$","E","R","BOSS","M","?","?","M","$","E","R","E","T","R","M","M","M","?","R","BOSS"],"build_version":"2018-02-08-PROD1","purchased_purges":0,"victory":true,"master_deck":["Defend_G+1","Defend_G+1","Defend_G+1","Defend_G+1","Defend_G+1","Strike_G+1","Strike_G+1","Strike_G+1","Strike_G+1","Survivor","Neutralize+1","Noxious Fumes+1","Bouncing Flask","Outmaneuver","Well Laid Plans+1","Leg Sweep","Noxious Fumes+1","Dash","Dodge and Roll","Bullet Time","Backflip","Deadly Poison","Dodge and Roll+1","Acrobatics","Prepared+1","Apotheosis+1","Dark Shackles","Catalyst+1","After Image+1","Noxious Fumes+1","Madness","Madness","Deflect+1","Burst","Backflip+1","Acrobatics","Footwork+1","PiercingWail+1","Prepared+1"],"max_hp_per_floor":[70,70,70,70,70,70,70,70,70,70,70,70,70,70,70,70,70,70,70,70,70,70,70,70,70,70,70,70,70,70,70,70,70,70,70,70,70,70,70,70,70,70,70,70,70,70,70,70,70,70],"relics":["Torii","Sozu","Nloth\u0027s Gift","Blood Vial","Omamori","Enchiridion","Orichalcum","Eternal Feather","Centennial Puzzle","Molten Egg 2","Oddly Smooth Stone"],"card_choices":[{"not_picked":["Backflip","Sucker Punch"],"picked":"Noxious Fumes"},{"not_picked":["Slice","Acrobatics"],"picked":"Malaise"},{"not_picked":["Malaise","Flying Knee"],"picked":"Bouncing Flask"},{"not_picked":["Dagger Spray","Flechettes"],"picked":"Outmaneuver"},{"not_picked":["Calculated Gamble","Blur"],"picked":"Noxious Fumes"},{"not_picked":["A Thousand Cuts","Dagger Throw"],"picked":"Dash"},{"not_picked":["Malaise","PiercingWail"],"picked":"Dodge and Roll"},{"not_picked":["Wraith Form","Adrenaline"],"picked":"Bullet Time"},{"not_picked":["Dagger Throw","Bane"],"picked":"Backflip"},{"not_picked":["Predator","Dodge and Roll"],"picked":"Deadly Poison"},{"not_picked":["Deflect","Dagger Throw"],"picked":"Dodge and Roll"},{"not_picked":["A Thousand Cuts","Glass Knife"],"picked":"Acrobatics"},{"not_picked":["Dash","Bane"],"picked":"Prepared"},{"not_picked":["Quick Slash","Bane"],"picked":"Catalyst"},{"not_picked":["Night Terror","Tools of the Trade"],"picked":"After Image"},{"not_picked":["Deadly Poison","Deflect"],"picked":"Noxious Fumes"},{"not_picked":["Phantasmal Killer","Sucker Punch"],"picked":"Deflect"},{"not_picked":["Burst","Backstab"],"picked":"Backflip"},{"not_picked":["Burst","Deadly Poison"],"picked":"Acrobatics"},{"not_picked":["Deadly Poison","Prepared"],"picked":"Footwork"},{"not_picked":["Bane","Skewer"],"picked":"PiercingWail"},{"not_picked":["Distraction","Dodge and Roll"],"picked":"Prepared"}],"player_experience":77103,"potions_floor_usage":[16],"damage_taken":[{"damage":0,"enemies":"Blue Slaver","floor":1,"turns":7},{"damage":0,"enemies":"Cultist","floor":2,"turns":4},{"damage":0,"enemies":"Jaw Worm","floor":4,"turns":5},{"damage":6,"enemies":"Looter","floor":7,"turns":4},{"damage":4,"enemies":"Lots of Slimes","floor":11,"turns":7},{"damage":4,"enemies":"Gremlin Gang","floor":12,"turns":4},{"damage":9,"enemies":"Exordium Wildlife","floor":13,"turns":6},{"damage":3,"enemies":"Hexaghost","floor":16,"turns":10},{"damage":3,"enemies":"Spheric Guardian","floor":18,"turns":5},{"damage":12,"enemies":"2 Thieves","floor":19,"turns":5},{"damage":8,"enemies":"Snake Plant","floor":22,"turns":5},{"damage":2,"enemies":"Book of Stabbing","floor":24,"turns":7},{"damage":0,"enemies":"Centurion and Healer","floor":25,"turns":7},{"damage":8,"enemies":"Gremlin Leader","floor":31,"turns":8},{"damage":15,"enemies":"Automaton","floor":33,"turns":8},{"damage":0,"enemies":"3 Darklings","floor":35,"turns":6},{"damage":1,"enemies":"3 Shapes","floor":38,"turns":4},{"damage":3,"enemies":"Giant Head","floor":40,"turns":9},{"damage":9,"enemies":"Nemesis","floor":42,"turns":7},{"damage":11,"enemies":"Sphere and 2 Shapes","floor":45,"turns":7},{"damage":30,"enemies":"4 Shapes","floor":46,"turns":5},{"damage":9,"enemies":"3 Darklings","floor":47,"turns":6},{"damage":24,"enemies":"Time Eater","floor":50,"turns":11}],"event_choices":[{"event_name":"The Woman in Blue","player_choice":"Bought 1 Potion","floor":3,"damage_taken":0},{"event_name":"Purifier","player_choice":"One Purge","floor":5,"damage_taken":0},{"event_name":"Bonfire Elementals","player_choice":"UNCOMMON","floor":14,"damage_taken":0},{"event_name":"N\u0027loth","player_choice":"Traded a Ring of the Snake","floor":20,"damage_taken":0},{"event_name":"Back to Basics","player_choice":"Simplicity","floor":21,"damage_taken":0},{"event_name":"Cursed Tome","player_choice":"Obtained Book","floor":27,"damage_taken":0},{"event_name":"Tomb of Lord Red Mask","player_choice":"Ignored","floor":36,"damage_taken":0},{"event_name":"Winding Halls","player_choice":"Embrace Madness","floor":37,"damage_taken":0},{"event_name":"Upgrade Shrine","player_choice":"Upgraded","floor":48,"damage_taken":0}],"boss_relics":[{"not_picked":["Ectoplasm","Question Card"],"picked":"Sozu"},{"not_picked":["Orrery","Astrolabe"],"picked":"Eternal Feather"}],"potions_floor_spawned":[4,7,18,22,24,33,38,40,47],"seed_played":"-1340385833559806043","ascension_level":0,"is_trial":false}