{"path_per_floor":["M","?","M","?","$","R","E","R","T","$","T","M","R","M","R","B",null,"M","$","?","M","$","E","?","?","T","R","M","R","M","M","R","B",null,"M","?","?","?","M","R","M","?","T","$","R","M","R","M","R","B"],"character_chosen":"IRONCLAD","items_purchased":["Armaments","Shrug It Off","Panacea","Impervious","Finesse"],"gold_per_floor":[17,17,37,37,37,37,65,65,117,42,42,56,56,75,75,172,172,185,22,22,32,32,64,64,64,64,64,83,83,94,114,114,214,244,256,256,306,306,318,318,337,337,363,8,8,27,27,40,40,40],"floor_reached":51,"campfire_rested":0,"playtime":2817,"current_hp_per_floor":[79,90,90,90,90,90,62,62,62,62,62,68,68,71,71,64,90,84,84,84,76,76,35,35,35,35,35,47,47,42,59,59,63,68,68,59,30,30,29,29,54,54,54,54,54,68,68,68,68,68],"items_purged":["Strike_R","Writhe"],"gold":40,"score":842,"play_id":"00a7d99d-423c-4a59-a063-5cb3a02b45e2","local_time":"20180312160753","is_prod":false,"is_daily":false,"is_ascension_mode":true,"campfire_upgraded":11,"timestamp":1520870873,"path_taken":["M","?","M","?","$","R","E","R","T","?","?","?","R","M","R","BOSS","M","?","?","M","?","E","?","?","T","R","M","R","M","M","R","BOSS","M","?","?","?","M","R","M","?","T","$","R","M","R","M","R","BOSS"],"build_version":"2018-03-09","purchased_purges":2,"victory":true,"master_deck":["Defend_R","Defend_R","Defend_R","Defend_R","Bash+1","Shrug It Off+1","Flex+1","Iron Wave+1","Metallicize+1","Barricade+1","Heavy Blade+1","Armaments+1","Shrug It Off","Panacea+1","Iron Wave","Battle Trance","Bite","Bite","Bite","Bite","Body Slam","Offering","Warcry+1","Madness","Madness","Infernal Blade+1","Seeing Red+1","Impervious+1","Finesse","Disarm+1"],"max_hp_per_floor":[80,90,90,90,90,90,90,90,90,90,90,90,90,90,90,90,90,90,90,90,90,90,90,90,63,63,63,63,63,63,63,63,63,68,68,68,68,68,68,68,68,68,68,68,68,68,68,68,68,68],"relics":["Burning Blood","Paper Frog","Dream Catcher","Ice Cream","Sozu","Lantern","Bronze Scales","Calipers","Tiny House","Magic Flower","Orichalcum"],"card_choices":[{"not_picked":["Juggernaut","Brutality"],"picked":"Reaper"},{"not_picked":["Wild Strike","Cleave"],"picked":"Shrug It Off"},{"not_picked":["Havoc","Perfected Strike"],"picked":"Flex"},{"not_picked":["Cleave","Headbutt"],"picked":"Iron Wave"},{"not_picked":["Uppercut","Burning Pact"],"picked":"Metallicize"},{"not_picked":["Feed","Bludgeon"],"picked":"Barricade"},{"not_picked":["Headbutt","Wild Strike"],"picked":"Heavy Blade"},{"not_picked":["Havoc","Searing Blow"],"picked":"Iron Wave"},{"not_picked":["Wild Strike","Twin Strike"],"picked":"Body Slam"},{"not_picked":["Limit Break","Feed"],"picked":"Offering"},{"not_picked":["Iron Wave","Intimidate"],"picked":"Warcry"},{"not_picked":["True Grit","Anger"],"picked":"Infernal Blade"},{"not_picked":["Intimidate","Warcry"],"picked":"Seeing Red"},{"not_picked":["Headbutt","Clash"],"picked":"Disarm"}],"player_experience":178545,"potions_floor_usage":[23,50],"damage_taken":[{"damage":7,"enemies":"Jaw Worm","floor":1,"turns":3},{"damage":0,"enemies":"Cultist","floor":3,"turns":3},{"damage":34,"enemies":"Gremlin Nob","floor":7,"turns":5},{"damage":0,"enemies":"Small Slimes","floor":12,"turns":3},{"damage":3,"enemies":"Looter","floor":14,"turns":2},{"damage":13,"enemies":"The Guardian","floor":16,"turns":14},{"damage":12,"enemies":"Spheric Guardian","floor":18,"turns":9},{"damage":14,"enemies":"Shell Parasite","floor":21,"turns":6},{"damage":47,"enemies":"Book of Stabbing","floor":23,"turns":6},{"damage":2,"enemies":"3 Cultists","floor":28,"turns":6},{"damage":17,"enemies":"Centurion and Healer","floor":30,"turns":6},{"damage":4,"enemies":"Slaver and Parasite","floor":31,"turns":6},{"damage":0,"enemies":"Champ","floor":33,"turns":12},{"damage":11,"enemies":"3 Darklings","floor":35,"turns":6},{"damage":48,"enemies":"Mysterious Sphere","floor":37,"turns":7},{"damage":22,"enemies":"Orb Walker","floor":39,"turns":4},{"damage":16,"enemies":"Maw","floor":41,"turns":8},{"damage":5,"enemies":"4 Shapes","floor":46,"turns":7},{"damage":0,"enemies":"3 Darklings","floor":48,"turns":6},{"damage":40,"enemies":"Time Eater","floor":50,"turns":14}],"event_choices":[{"event_name":"Bonfire Elementals","player_choice":"RARE","floor":2,"damage_taken":0},{"event_name":"The Cleric","player_choice":"Leave","floor":4,"damage_taken":0},{"event_name":"The Mausoleum","player_choice":"Yes","floor":20,"damage_taken":0},{"event_name":"The Library","player_choice":"Read","floor":24,"damage_taken":0},{"event_name":"Vampires","player_choice":"Became a vampire","floor":25,"damage_taken":0},{"event_name":"Winding Halls","player_choice":"Embrace Madness","floor":36,"damage_taken":0},{"event_name":"Mysterious Sphere","player_choice":"Fight","floor":37,"damage_taken":0},{"event_name":"Tomb of Lord Red Mask","player_choice":"Ignored","floor":38,"damage_taken":0}],"boss_relics":[{"not_picked":["White Beast Statue","Lizard Tail"],"picked":"Sozu"},{"not_picked":["Question Card","Astrolabe"],"picked":"Tiny House"}],"potions_floor_spawned":[3,7,21,28,33,35],"seed_played":"8773957659572879677","ascension_level":3,"is_trial":false}