{"gold_per_floor":[110,123,142,158,175,175,187,187,213,223,10,58,75,106,106,201,201,204,204,235,23,38,38,38],"floor_reached":24,"playtime":1214,"items_purged":[],"score":293,"play_id":"3faa3982-e615-445b-a505-c171b825a149","local_time":"20180928151540","is_ascension_mode":true,"campfire_choices":[{"floor":6,"key":"REST"},{"floor":8,"key":"REST"},{"data":"Defragment","floor":15,"key":"SMITH"},{"floor":23,"key":"REST"}],"neow_cost":"PERCENT_DAMAGE","seed_source_timestamp":315531545498043,"circlet_count":0,"master_deck":["Strike_B","Strike_B","Defend_B","Defend_B","Defend_B","Defend_B","Zap","Dualcast","Cold Snap","Coolheaded","FTL","Go for the Eyes","Defragment+1","HandOfGreed","Steam","Conserve Battery","Fission","Self Repair","Conserve Battery"],"relics":["Cracked Core","Dream Catcher","Du-Vu Doll","Cursed Key","DataDisk"],"potions_floor_usage":[14,14,16],"damage_taken":[{"damage":1,"enemies":"Cultist","floor":1,"turns":3},{"damage":2,"enemies":"2 Louse","floor":2,"turns":2},{"damage":8,"enemies":"Small Slimes","floor":3,"turns":7},{"damage":6,"enemies":"Looter","floor":4,"turns":3},{"damage":24,"enemies":"Gremlin Gang","floor":5,"turns":5},{"damage":16,"enemies":"Exordium Thugs","floor":7,"turns":5},{"damage":0,"enemies":"Large Slime","floor":10,"turns":6},{"damage":12,"enemies":"Gremlin Gang","floor":12,"turns":6},{"damage":4,"enemies":"Looter","floor":13,"turns":3},{"damage":3,"enemies":"Gremlin Nob","floor":14,"turns":5},{"damage":15,"enemies":"Hexaghost","floor":16,"turns":11},{"damage":23,"enemies":"2 Thieves","floor":18,"turns":4},{"damage":3,"enemies":"Shell Parasite","floor":20,"turns":8},{"damage":13,"enemies":"Colosseum Slavers","floor":22,"turns":7},{"damage":40,"enemies":"Book of Stabbing","floor":24,"turns":5}],"seed_played":"-6593713039159654729","potions_obtained":[{"floor":3,"key":"Block Potion"},{"floor":4,"key":"Regen Potion"},{"floor":10,"key":"LiquidBronze"},{"floor":20,"key":"Explosive Potion"}],"is_trial":false,"path_per_floor":["M","M","M","M","M","R","M","R","T","M","$","M","M","E","R","B",null,"M","?","M","$","?","R"],"character_chosen":"DEFECT","items_purchased":["HandOfGreed","Self Repair","DataDisk"],"campfire_rested":3,"item_purchase_floors":[11,21,21],"current_hp_per_floor":[49,47,39,33,9,31,15,37,37,37,37,25,21,32,32,17,61,38,24,21,21,15,39,0],"gold":38,"neow_bonus":"REMOVE_TWO","is_prod":false,"is_daily":false,"chose_seed":false,"campfire_upgraded":1,"win_rate":0,"timestamp":1538144140,"path_taken":["M","M","M","?","M","R","M","R","T","M","$","?","M","E","R","BOSS","M","?","M","$","?","R","E"],"build_version":"2018-09-27","purchased_purges":0,"victory":false,"max_hp_per_floor":[75,75,75,75,75,75,75,75,75,75,75,75,75,75,75,75,75,75,80,80,80,80,80,80],"card_choices":[{"not_picked":["Double Energy","Consume"],"picked":"Cold Snap","floor":1},{"not_picked":["Streamline","Hologram"],"picked":"Coolheaded","floor":2},{"not_picked":["Consume","Streamline"],"picked":"FTL","floor":3},{"not_picked":["Rebound","Sunder","Leap"],"picked":"SKIP","floor":4},{"not_picked":["Compile Driver","Barrage"],"picked":"Go for the Eyes","floor":5},{"not_picked":["Reprogram","Turbo","Thunder Strike"],"picked":"SKIP","floor":7},{"not_picked":["Melter","Heatsinks"],"picked":"Defragment","floor":10},{"not_picked":["Darkness","Reinforced Body"],"picked":"Steam","floor":12},{"not_picked":["Streamline","Steam","Doom and Gloom"],"picked":"SKIP","floor":13},{"not_picked":["Reprogram","Hologram"],"picked":"Conserve Battery","floor":14},{"not_picked":["Seek","Multi-Cast"],"picked":"Fission","floor":16},{"not_picked":["Stack","Beam Cell","Barrage"],"picked":"SKIP","floor":18},{"not_picked":["Doom and Gloom","Storm+1","Fusion"],"picked":"SKIP","floor":20},{"not_picked":["Rip and Tear","Leap"],"picked":"Conserve Battery","floor":23}],"player_experience":427883,"relics_obtained":[{"floor":9,"key":"Dream Catcher"},{"floor":14,"key":"Du-Vu Doll"}],"event_choices":[{"event_name":"Forgotten Altar","player_choice":"Shed Blood","floor":19,"damage_taken":0},{"event_name":"Colosseum","player_choice":"Fight","floor":22,"damage_taken":0},{"event_name":"Colosseum","player_choice":"Fled From Nobs","floor":22,"damage_taken":0}],"is_beta":false,"boss_relics":[{"not_picked":["Runic Pyramid","Snecko Eye"],"picked":"Cursed Key"}],"items_purged_floors":[],"is_endless":false,"potions_floor_spawned":[3,4,10,13,20,22],"killed_by":"Book of Stabbing","ascension_level":9}