{"path_per_floor":["M","?","M","M","?","E","R","M","T","M","?","$","?","$","R","B",null,"M","?","M","?","M","R","M","M","T","E","M","$","M","E","R","B",null,"M","?","$","M","T","R","M","R","T","E"],"character_chosen":"IRONCLAD","items_purchased":["Offering","Shrug It Off","Metallicize","Bottled Tornado"],"gold_per_floor":[114,114,127,145,145,175,175,193,193,209,209,14,0,0,0,105,105,90,90,103,103,122,122,140,158,158,185,205,126,145,178,178,283,283,298,298,60,72,98,98,111,111,111,145],"floor_reached":45,"campfire_rested":0,"playtime":4055,"current_hp_per_floor":[80,80,80,80,85,60,60,54,54,52,35,35,35,35,35,15,85,58,58,53,53,59,59,50,59,59,59,59,59,59,67,67,22,69,56,47,47,54,54,54,37,37,37,16],"items_purged":["Strike_R"],"gold":145,"score":461,"play_id":"44616834-8a96-43ac-87fd-c082f3b534b9","is_prod":false,"is_daily":false,"is_ascension_mode":false,"campfire_upgraded":5,"path_taken":["M","?","M","?","?","E","R","M","T","M","?","?","?","?","R","BOSS","M","?","M","?","M","R","M","M","T","E","M","?","M","E","R","BOSS","M","?","$","M","?","R","M","R","T","E","M"],"build_version":"2018-02-12-PROD1","purchased_purges":2,"victory":false,"master_deck":["Defend_R","Defend_R","Defend_R+1","Armaments","True Grit+1","Armaments+1","Inflame+1","Sentinel","Shockwave","Twin Strike","Offering+1","Shrug It Off","Demon Form","Body Slam","Bite","Bite","Bite","Bite","Iron Wave","Metallicize","Reaper","Brutality+1","Armaments","Metallicize","Flame Barrier","Juggernaut+1","Rupture+1","Good Instincts+1","Reckless Charge+1","Shrug It Off+1","Madness","Madness","Spot Weakness","Rage+1"],"max_hp_per_floor":[80,80,80,80,85,85,85,85,85,85,85,85,85,85,85,85,85,85,59,59,59,59,59,59,59,59,59,59,59,59,69,69,69,69,69,69,69,69,69,69,69,69,69,69],"relics":["Burning Blood","NeowsBlessing","Juzu Bracelet","Girya","Mark of Pain","Red Skull","Oddly Smooth Stone","Pear","Astrolabe","Bottled Tornado","Orichalcum","Dream Catcher","Art of War"],"card_choices":[{"not_picked":["Havoc","True Grit"],"picked":"Armaments"},{"not_picked":["Body Slam","Immolate"],"picked":"Armaments"},{"not_picked":["Body Slam","Heavy Blade"],"picked":"Inflame"},{"not_picked":["Armaments","Brutality"],"picked":"Sentinel"},{"not_picked":["Clothesline","Intimidate"],"picked":"Shockwave"},{"not_picked":["Sentinel","Second Wind"],"picked":"Twin Strike"},{"not_picked":["Double Tap","Berserk"],"picked":"Demon Form"},{"not_picked":["Headbutt","Havoc"],"picked":"Body Slam"},{"not_picked":["Anger","Feel No Pain"],"picked":"Iron Wave"},{"not_picked":["Rampage","Twin Strike"],"picked":"Reaper"},{"not_picked":["Pommel Strike","Second Wind"],"picked":"Brutality"},{"not_picked":["Shockwave","Body Slam"],"picked":"Armaments"},{"not_picked":["Twin Strike","Uppercut"],"picked":"Flame Barrier"},{"not_picked":["Clothesline","Uppercut"],"picked":"Juggernaut"},{"not_picked":["Feed","Berserk"],"picked":"Juggernaut"},{"not_picked":["Combust","Armaments"],"picked":"Shrug It Off"},{"not_picked":["Perfected Strike","Sword Boomerang"],"picked":"Spot Weakness"},{"not_picked":["Headbutt","Spot Weakness"],"picked":"Rage"}],"player_experience":130956,"potions_floor_usage":[6,27,33,44,44],"damage_taken":[{"damage":0,"enemies":"2 Louse","floor":1,"turns":1},{"damage":0,"enemies":"Blue Slaver","floor":3,"turns":1},{"damage":0,"enemies":"Small Slimes","floor":4,"turns":1},{"damage":31,"enemies":"Gremlin Nob","floor":6,"turns":5},{"damage":12,"enemies":"Exordium Thugs","floor":8,"turns":5},{"damage":8,"enemies":"Large Slime","floor":10,"turns":8},{"damage":26,"enemies":"The Guardian","floor":16,"turns":14},{"damage":33,"enemies":"2 Thieves","floor":18,"turns":4},{"damage":22,"enemies":"Spheric Guardian","floor":20,"turns":5},{"damage":20,"enemies":"Centurion and Healer","floor":22,"turns":8},{"damage":19,"enemies":"Snake Plant","floor":24,"turns":4},{"damage":13,"enemies":"Slaver and Parasite","floor":25,"turns":7},{"damage":74,"enemies":"Gremlin Leader","floor":27,"turns":15},{"damage":24,"enemies":"Centurion and Healer","floor":28,"turns":10},{"damage":15,"enemies":"Snecko","floor":30,"turns":5},{"damage":22,"enemies":"Book of Stabbing","floor":31,"turns":8},{"damage":72,"enemies":"Automaton","floor":33,"turns":13},{"damage":29,"enemies":"3 Darklings","floor":35,"turns":9},{"damage":12,"enemies":"3 Shapes","floor":38,"turns":9},{"damage":29,"enemies":"Sphere and 2 Shapes","floor":41,"turns":9},{"damage":50,"enemies":"2 Orb Walkers","floor":44,"turns":6},{"damage":16,"enemies":"3 Darklings","floor":45,"turns":3}],"event_choices":[{"event_name":"Living Wall","player_choice":"Change","floor":2,"damage_taken":0},{"event_name":"Big Fish","player_choice":"Donut","floor":5,"damage_taken":0},{"event_name":"Shining Light","player_choice":"Entered Light","floor":11,"damage_taken":0},{"event_name":"World of Goop","player_choice":"Left","floor":13,"damage_taken":0},{"event_name":"Vampires","player_choice":"Became a vampire","floor":19,"damage_taken":0},{"event_name":"The Library","player_choice":"Read","floor":21,"damage_taken":0},{"event_name":"Winding Halls","player_choice":"Embrace Madness","floor":36,"damage_taken":0}],"boss_relics":[{"not_picked":["Tiny House","Question Card"],"picked":"Mark of Pain"},{"not_picked":["Runic Cube","Lizard Tail"],"picked":"Astrolabe"}],"potions_floor_spawned":[4,6,8,18,25,28,31,38,41],"seed_played":"-6774856588715532049","killed_by":"3 Darklings","ascension_level":0,"is_trial":false}