{"gold_per_floor":[15,15,26,101,155,155,155,155,235,235,264,283,293,317,317,317],"floor_reached":16,"playtime":505,"items_purged":[],"score":141,"play_id":"c80a1737-4333-4b8d-9ebe-4d59c97079e6","local_time":"20181125184919","is_ascension_mode":true,"campfire_choices":[{"data":"Armaments","floor":6,"key":"SMITH"},{"data":"Bash","floor":8,"key":"SMITH"},{"data":"Iron Wave","floor":10,"key":"SMITH"},{"floor":15,"key":"REST"}],"neow_cost":"NO_GOLD","seed_source_timestamp":2522328622769909,"circlet_count":0,"master_deck":["AscendersBane","Strike_R","Strike_R","Strike_R","Strike_R","Strike_R","Defend_R","Defend_R","Defend_R","Defend_R","Bash+1","Swift Strike","Deep Breath","Iron Wave+1","Armaments+1","Rampage","Twin Strike","Evolve"],"relics":["Burning Blood","Anchor","Pear","Tiny Chest","Odd Mushroom","Bag of Preparation"],"potions_floor_usage":[13,16,16,16],"damage_taken":[{"damage":10,"enemies":"Small Slimes","floor":1,"turns":3},{"damage":3,"enemies":"Jaw Worm","floor":3,"turns":4},{"damage":37,"enemies":"The Mushroom Lair","floor":11,"turns":6},{"damage":0,"enemies":"2 Louse","floor":12,"turns":3},{"damage":32,"enemies":"Gremlin Gang","floor":13,"turns":7},{"damage":43,"enemies":"Hexaghost","floor":16,"turns":10}],"seed_played":"405794885721650289","potions_obtained":[{"floor":12,"key":"AttackPotion"},{"floor":13,"key":"EntropicBrew"}],"is_trial":false,"path_per_floor":["M","?","M","?","T","R","?","R","T","R","?","M","M","T","R","B"],"character_chosen":"IRONCLAD","items_purchased":[],"campfire_rested":1,"item_purchase_floors":[],"current_hp_per_floor":[68,68,71,60,60,60,67,67,67,67,36,42,16,16,43,0],"gold":317,"neow_bonus":"RANDOM_COLORLESS_2","is_prod":false,"is_daily":false,"chose_seed":false,"campfire_upgraded":3,"win_rate":0,"timestamp":1543171759,"path_taken":["M","?","M","?","?","R","?","R","T","R","?","?","M","?","R","BOSS"],"build_version":"2018-11-15","purchased_purges":0,"victory":false,"max_hp_per_floor":[80,80,80,80,80,80,90,90,90,90,90,90,90,90,90,90],"card_choices":[{"not_picked":["Intimidate","Reckless Charge"],"picked":"Iron Wave","floor":1},{"not_picked":["Inflame","True Grit"],"picked":"Armaments","floor":3},{"not_picked":["Havoc","Immolate"],"picked":"Rampage","floor":11},{"not_picked":["Burning Pact","Anger"],"picked":"Twin Strike","floor":12},{"not_picked":["Second Wind","Hemokinesis"],"picked":"Evolve","floor":13}],"player_experience":511240,"relics_obtained":[{"floor":5,"key":"Anchor"},{"floor":9,"key":"Tiny Chest"},{"floor":11,"key":"Odd Mushroom"},{"floor":14,"key":"Bag of Preparation"}],"event_choices":[{"damage_healed":0,"gold_gain":0,"player_choice":"Leave","damage_taken":0,"max_hp_gain":0,"max_hp_loss":0,"event_name":"The Cleric","floor":2,"gold_loss":0},{"damage_healed":0,"gold_gain":75,"player_choice":"Gather Gold","damage_taken":11,"max_hp_gain":0,"max_hp_loss":0,"event_name":"World of Goop","floor":4,"gold_loss":0},{"damage_healed":0,"gold_gain":0,"player_choice":"Success","damage_taken":3,"relics_obtained":["Pear"],"max_hp_gain":0,"max_hp_loss":0,"event_name":"Scrap Ooze","floor":7,"gold_loss":0},{"damage_healed":0,"gold_gain":0,"player_choice":"Fought Mushrooms","damage_taken":0,"max_hp_gain":0,"max_hp_loss":0,"event_name":"Mushrooms","floor":11,"gold_loss":0}],"is_beta":false,"boss_relics":[],"items_purged_floors":[],"is_endless":false,"potions_floor_spawned":[12,13],"killed_by":"Hexaghost","ascension_level":12}