{"gold_per_floor":[114,124,124,124,89,89,124,124,124,142,172,186,198,209,209,281,281,294,309,145,159,176,207,207,226,226,226,254,254,274,274,274,348,348,359,9,27,46,56,82,82,95,95,95,95,195,29,47,47,47],"floor_reached":51,"playtime":2257,"items_purged":["Strike_R"],"score":1495,"play_id":"16a7b132-4e32-4ccd-b515-2b78f89b8395","local_time":"20190325203535","is_ascension_mode":true,"campfire_choices":[{"data":"Inflame","floor":6,"key":"SMITH"},{"data":"Pummel","floor":8,"key":"SMITH"},{"data":"Heavy Blade","floor":15,"key":"SMITH"},{"data":"Double Tap","floor":24,"key":"SMITH"},{"data":"Offering","floor":27,"key":"SMITH"},{"data":"Shockwave","floor":29,"key":"SMITH"},{"data":"True Grit","floor":32,"key":"SMITH"},{"floor":41,"key":"REST"},{"data":"Heavy Blade","floor":44,"key":"SMITH"},{"floor":49,"key":"REST"}],"neow_cost":"NONE","seed_source_timestamp":20778801102900,"circlet_count":0,"master_deck":["AscendersBane","Strike_R","Strike_R","Strike_R","Strike_R","Defend_R","Defend_R","Defend_R+1","Defend_R","Bash","Inflame+1","Inflame+1","Pummel+1","Heavy Blade+1","Clothesline","Shockwave+1","Offering+1","Flash of Steel","Double Tap+1","Parasite","True Grit+1","Immolate","Rage","Power Through","Heavy Blade+1","Clumsy","Apotheosis"],"relics":["Burning Blood","NeowsBlessing","Boot","Bag of Preparation","Orichalcum","Du-Vu Doll","Cursed Key","Art of War","Darkstone Periapt","Happy Flower","Sozu","Paper Frog","Frozen Egg 2","The Courier","Gambling Chip"],"potions_floor_usage":[11,16,33,33,50,50],"damage_taken":[{"damage":0,"enemies":"2 Louse","floor":1,"turns":1},{"damage":0,"enemies":"Small Slimes","floor":2,"turns":1},{"damage":0,"enemies":"Lagavulin","floor":7,"turns":2},{"damage":0,"enemies":"Jaw Worm","floor":10,"turns":3},{"damage":11,"enemies":"3 Sentries","floor":11,"turns":5},{"damage":1,"enemies":"3 Louse","floor":12,"turns":3},{"damage":4,"enemies":"Gremlin Gang","floor":13,"turns":4},{"damage":5,"enemies":"Looter","floor":14,"turns":2},{"damage":32,"enemies":"Hexaghost","floor":16,"turns":6},{"damage":9,"enemies":"2 Thieves","floor":18,"turns":3},{"damage":6,"enemies":"Chosen","floor":19,"turns":2},{"damage":12,"enemies":"Snake Plant","floor":21,"turns":2},{"damage":3,"enemies":"Centurion and Healer","floor":22,"turns":4},{"damage":27,"enemies":"Book of Stabbing","floor":23,"turns":4},{"damage":6,"enemies":"Cultist and Chosen","floor":25,"turns":3},{"damage":6,"enemies":"Gremlin Leader","floor":28,"turns":3},{"damage":0,"enemies":"Snecko","floor":30,"turns":2},{"damage":18,"enemies":"Collector","floor":33,"turns":3},{"damage":19,"enemies":"3 Shapes","floor":35,"turns":2},{"damage":9,"enemies":"3 Darklings","floor":37,"turns":2},{"damage":24,"enemies":"4 Shapes","floor":38,"turns":4},{"damage":6,"enemies":"Maw","floor":39,"turns":4},{"damage":6,"enemies":"Reptomancer","floor":40,"turns":3},{"damage":6,"enemies":"Jaw Worm Horde","floor":42,"turns":3},{"damage":12,"enemies":"Mind Bloom Boss Battle","floor":46,"turns":4},{"damage":6,"enemies":"3 Darklings","floor":48,"turns":2},{"damage":43,"enemies":"Time Eater","floor":50,"turns":4}],"seed_played":"3685837504430867057","potions_obtained":[{"floor":1,"key":"Energy Potion"},{"floor":2,"key":"Weak Potion"},{"floor":14,"key":"SteroidPotion"},{"floor":18,"key":"SpeedPotion"},{"floor":25,"key":"GamblersBrew"},{"floor":31,"key":"EntropicBrew"},{"floor":31,"key":"PowerPotion"}],"is_trial":false,"path_per_floor":["M","M","?","?","?","R","E","R","T","M","E","M","M","M","R","B",null,"M","M","$","M","M","E","R","M","T","R","E","R","M","?","R","B",null,"M","$","M","M","M","E","R","M","T","R","?","?","$","M","R","B",null],"character_chosen":"IRONCLAD","items_purchased":["Flash of Steel","Paper Frog","Power Through","Apotheosis"],"campfire_rested":2,"item_purchase_floors":[20,36,36,47],"current_hp_per_floor":[74,75,70,47,65,65,71,71,71,75,70,75,75,75,75,49,69,66,66,66,60,63,42,42,42,42,42,42,42,48,48,48,36,65,52,52,49,31,31,31,53,53,59,59,59,53,53,53,77,48],"gold":47,"neow_bonus":"THREE_ENEMY_KILL","is_prod":false,"is_daily":false,"chose_seed":false,"campfire_upgraded":8,"win_rate":0,"timestamp":1553542535,"path_taken":["M","M","?","?","?","R","E","R","T","?","E","M","M","M","R","BOSS","M","M","$","M","M","E","R","M","T","R","E","R","M","?","R","BOSS","M","$","M","?","?","E","R","M","T","R","?","?","$","M","R","BOSS"],"build_version":"2019-01-23","purchased_purges":1,"victory":true,"max_hp_per_floor":[75,75,75,75,75,75,75,75,75,75,75,75,75,75,75,75,75,75,75,75,75,75,75,75,75,75,75,75,75,75,75,75,75,75,75,75,75,75,75,75,75,75,81,81,81,81,81,81,81,81],"card_choices":[{"not_picked":["Burning Pact","Headbutt"],"picked":"Inflame","floor":1},{"not_picked":["Wild Strike","Power Through"],"picked":"Inflame","floor":2},{"not_picked":["Seeing Red","Limit Break"],"picked":"Pummel","floor":7},{"not_picked":["Sword Boomerang","True Grit"],"picked":"Heavy Blade","floor":10},{"not_picked":["Perfected Strike","Twin Strike","Wild Strike"],"picked":"SKIP","floor":11},{"not_picked":["Pommel Strike","Body Slam"],"picked":"Clothesline","floor":12},{"not_picked":["Heavy Blade","True Grit","Pommel Strike"],"picked":"SKIP","floor":13},{"not_picked":["Clash","Twin Strike"],"picked":"Shockwave","floor":14},{"not_picked":["Juggernaut","Berserk"],"picked":"Offering","floor":16},{"not_picked":["Clothesline","Havoc","Body Slam+1"],"picked":"SKIP","floor":18},{"not_picked":["Sever Soul","Headbutt+1","Clash+1"],"picked":"SKIP","floor":19},{"not_picked":["Second Wind","Clash+1","Perfected Strike"],"picked":"SKIP","floor":21},{"not_picked":["Clash","Flex","Pommel Strike"],"picked":"SKIP","floor":22},{"not_picked":["Blood for Blood","Bloodletting"],"picked":"Double Tap","floor":23},{"not_picked":["Wild Strike","Evolve","Reckless Charge"],"picked":"SKIP","floor":25},{"not_picked":["Body Slam","Flex","Sword Boomerang+1"],"picked":"SKIP","floor":28},{"not_picked":["Flex+1","Iron Wave"],"picked":"True Grit","floor":30},{"not_picked":["Exhume","Brutality"],"picked":"Immolate","floor":33},{"not_picked":["Clash","Pommel Strike"],"picked":"Rage","floor":35},{"not_picked":["Feel No Pain","Infernal Blade+1"],"picked":"Heavy Blade","floor":37},{"not_picked":["Twin Strike+1","Flex+1","True Grit"],"picked":"SKIP","floor":38},{"not_picked":["Juggernaut","Iron Wave","Anger"],"picked":"SKIP","floor":39},{"not_picked":["Searing Blow+1","Heavy Blade","Corruption"],"picked":"SKIP","floor":40},{"not_picked":["Sword Boomerang","Cleave+1","Iron Wave"],"picked":"SKIP","floor":42},{"not_picked":["Sentinel","Twin Strike","Sword Boomerang+1"],"picked":"SKIP","floor":48}],"player_experience":777896,"relics_obtained":[{"floor":7,"key":"Bag of Preparation"},{"floor":9,"key":"Orichalcum"},{"floor":11,"key":"Du-Vu Doll"},{"floor":23,"key":"Art of War"},{"floor":26,"key":"Darkstone Periapt"},{"floor":28,"key":"Happy Flower"},{"floor":40,"key":"Frozen Egg 2"},{"floor":43,"key":"The Courier"},{"floor":46,"key":"Gambling Chip"}],"event_choices":[{"damage_healed":0,"gold_gain":0,"player_choice":"Success","damage_taken":5,"relics_obtained":["Boot"],"max_hp_gain":0,"max_hp_loss":0,"event_name":"Scrap Ooze","floor":3,"gold_loss":0},{"damage_healed":0,"gold_gain":0,"player_choice":"Entered Light","damage_taken":23,"max_hp_gain":0,"max_hp_loss":0,"event_name":"Shining Light","floor":4,"gold_loss":0,"cards_upgraded":["Inflame","Defend_R"]},{"damage_healed":18,"gold_gain":0,"player_choice":"Healed","damage_taken":0,"max_hp_gain":0,"max_hp_loss":0,"event_name":"The Cleric","floor":5,"gold_loss":35},{"damage_healed":0,"gold_gain":0,"player_choice":"Got Potions","damage_taken":0,"max_hp_gain":0,"max_hp_loss":0,"event_name":"Lab","floor":31,"gold_loss":0},{"damage_healed":0,"gold_gain":0,"player_choice":"Ignored","damage_taken":0,"max_hp_gain":0,"max_hp_loss":0,"event_name":"Mysterious Sphere","floor":45,"gold_loss":0},{"damage_healed":0,"gold_gain":0,"player_choice":"Fight","damage_taken":0,"max_hp_gain":0,"max_hp_loss":0,"event_name":"MindBloom","floor":46,"gold_loss":0}],"is_beta":false,"boss_relics":[{"not_picked":["Coffee Dripper","Empty Cage"],"picked":"Cursed Key"},{"not_picked":["Astrolabe","Runic Dome"],"picked":"Sozu"}],"items_purged_floors":[20],"is_endless":false,"potions_floor_spawned":[1,2,14,18,19,25,37,39,40,46],"ascension_level":17}