{"path_per_floor":["M","?","M","M","?","R","?","R","T","M","E","R","E","M","R","B",null,"M","?","?","?","$","R","E"],"character_chosen":"THE_SILENT","items_purchased":["Footwork","Deflect","Blood Vial"],"gold_per_floor":[110,110,128,140,215,215,165,165,192,204,232,232,259,272,272,375,375,387,387,387,387,58,58,92],"floor_reached":25,"campfire_rested":1,"playtime":1976,"current_hp_per_floor":[70,63,63,61,50,50,50,50,50,45,35,35,22,20,41,26,70,68,68,68,52,52,52,1],"items_purged":["Writhe"],"gold":92,"score":238,"play_id":"921ffd9e-1ca5-44a0-8aa3-ef71ca8530ca","is_prod":false,"is_daily":false,"is_ascension_mode":true,"campfire_upgraded":4,"path_taken":["M","?","?","M","?","R","?","R","T","?","E","R","E","M","R","BOSS","M","?","?","?","$","R","E","M"],"build_version":"2018-02-08-PROD1","purchased_purges":1,"victory":false,"master_deck":["Defend_G","Defend_G","Defend_G","Defend_G","Defend_G","Strike_G","Strike_G","Strike_G","Survivor","Neutralize+1","Dodge and Roll+1","Bouncing Flask","Prepared+1","Infinite Blades","Backflip","Deadly Poison","Prepared","Wraith Form","Bane+1","Necronomicurse","Footwork+1","Deflect","Malaise"],"max_hp_per_floor":[70,70,70,70,70,70,70,70,70,70,70,70,70,70,70,70,70,70,70,70,70,70,70,70],"relics":["Ring of the Snake","Snake Skull","Lantern","Juzu Bracelet","Unceasing Top","The Specimen","Kunai","Necronomicon","Blood Vial","Bottled Flame"],"card_choices":[{"not_picked":["Flying Knee","Outmaneuver"],"picked":"Dodge and Roll"},{"not_picked":["Underhanded Strike","Flying Knee"],"picked":"Bouncing Flask"},{"not_picked":["Flechettes","Outmaneuver"],"picked":"Prepared"},{"not_picked":["Bane","Riddle With Holes"],"picked":"Infinite Blades"},{"not_picked":["Expertise","Flechettes"],"picked":"Backflip"},{"not_picked":["Eviscerate","Finisher"],"picked":"Deadly Poison"},{"not_picked":["Sucker Punch","Distraction"],"picked":"Prepared"},{"not_picked":["Phantasmal Killer","Unload"],"picked":"Wraith Form"},{"not_picked":["Escape Plan","Deflect"],"picked":"Bane"},{"not_picked":["Distraction","Eviscerate"],"picked":"Malaise"}],"player_experience":95527,"potions_floor_usage":[25],"damage_taken":[{"damage":0,"enemies":"Cultist","floor":1,"turns":5},{"damage":0,"enemies":"Small Slimes","floor":3,"turns":6},{"damage":2,"enemies":"Jaw Worm","floor":4,"turns":4},{"damage":5,"enemies":"Gremlin Gang","floor":10,"turns":6},{"damage":10,"enemies":"Gremlin Nob","floor":11,"turns":4},{"damage":13,"enemies":"3 Sentries","floor":13,"turns":12},{"damage":2,"enemies":"2 Fungi Beasts","floor":14,"turns":5},{"damage":15,"enemies":"Hexaghost","floor":16,"turns":9},{"damage":2,"enemies":"Shell Parasite","floor":18,"turns":5},{"damage":53,"enemies":"Gremlin Leader","floor":24,"turns":9},{"damage":6,"enemies":"Spheric Guardian","floor":25,"turns":3}],"event_choices":[{"event_name":"Golden Wing","player_choice":"Card Removal","floor":2,"damage_taken":0},{"event_name":"World of Goop","player_choice":"Gather Gold","floor":5,"damage_taken":0},{"event_name":"The Cleric","player_choice":"Card Removal","floor":7,"damage_taken":0},{"event_name":"The Mausoleum","player_choice":"Yes","floor":19,"damage_taken":0},{"event_name":"The Lab","player_choice":"Got Potions","floor":20,"damage_taken":0},{"event_name":"Cursed Tome","player_choice":"Obtained Book","floor":21,"damage_taken":0}],"boss_relics":[{"not_picked":["Eternal Feather","Orrery"],"picked":"The Specimen"}],"potions_floor_spawned":[3,11,16,24],"seed_played":"-6087124221624072399","killed_by":"Spheric Guardian","ascension_level":1,"is_trial":false}