{"path_per_floor":["M","M","?","M","M","E","M","M","T","R","M","E","M","$","R","B",null,"M","?","$","M","M","R","M","M","T","M","?","$","R","M","R","B",null,"M","M","?","M","$","M","R","?","T","R","?","R","M","M","R"],"character_chosen":"IRONCLAD","items_purchased":["Wild Strike","Bag of Preparation","Bottled Lightning","Inflame"],"gold_per_floor":[117,130,305,319,329,355,370,389,414,414,428,458,470,341,341,436,436,452,452,207,227,247,247,265,277,277,297,297,56,56,74,74,172,172,192,207,207,224,62,75,75,75,75,75,0,0,18,34,34],"floor_reached":50,"campfire_rested":0,"playtime":4876,"current_hp_per_floor":[80,80,80,77,72,56,52,54,54,54,54,45,55,55,55,23,98,95,68,68,72,63,63,44,34,34,35,61,61,61,69,69,23,80,64,68,68,75,75,84,84,74,74,74,74,74,69,68,68],"items_purged":["Doubt","Clash","Bite"],"gold":34,"play_id":"675cf1da-f0b5-4229-ac5a-363bf0f1d50b","is_prod":false,"is_daily":false,"is_ascension_mode":false,"campfire_upgraded":9,"path_taken":["M","M","?","M","M","E","M","M","T","R","?","E","M","$","R","BOSS","M","?","$","M","M","R","M","M","T","M","?","$","R","?","R","BOSS","M","M","?","M","$","?","R","?","T","R","?","R","M","?","R","BOSS"],"build_version":"2018-02-01-PROD3","purchased_purges":3,"victory":false,"master_deck":["Defend_R","Defend_R","Defend_R","Defend_R","Bash+1","Spot Weakness+1","Cleave","Twin Strike","Feed+1","Metallicize+1","Fire Breathing","Clothesline+1","Shrug It Off+1","Evolve+1","Intimidate","Wild Strike","Double Tap+1","Pommel Strike+1","Bite","Bite","Bite","Bite","Seeing Red","Twin Strike+1","Second Wind+1","Offering","Heavy Blade+1","Clothesline+1","Metallicize+1","Inflame","Iron Wave+1","Madness","Madness","Metallicize+1","Power Through+1"],"max_hp_per_floor":[80,80,80,80,80,83,86,86,86,86,90,90,94,94,94,98,98,98,68,68,72,76,76,76,80,80,80,80,80,80,80,80,80,80,80,80,80,80,80,84,84,84,84,84,84,84,88,88,88],"relics":["Black Blood","Gremlin Horn","Pen Nib","Oddly Smooth Stone","Velvet Choker","Bag of Preparation","Unceasing Top","Bottled Lightning","Prayer Wheel","Red Mask"],"card_choices":[{"not_picked":["Shrug It Off","Perfected Strike"],"picked":"Spot Weakness"},{"not_picked":["Armaments","True Grit"],"picked":"Cleave"},{"not_picked":["Spot Weakness","Armaments"],"picked":"Twin Strike"},{"not_picked":["Dropkick","Flex"],"picked":"Clash"},{"not_picked":["Blood for Blood","Iron Wave"],"picked":"Feed"},{"not_picked":["Burning Pact","Armaments"],"picked":"Metallicize"},{"not_picked":["Flex","Dual Wield"],"picked":"Fire Breathing"},{"not_picked":["Perfected Strike","Body Slam"],"picked":"Clothesline"},{"not_picked":["Dropkick","Armaments"],"picked":"Shrug It Off"},{"not_picked":["Sword Boomerang","Barricade"],"picked":"Evolve"},{"not_picked":["Bloodletting","Searing Blow"],"picked":"Intimidate"},{"not_picked":["Impervious","Brutality"],"picked":"Double Tap"},{"not_picked":["Iron Wave","Thunderclap"],"picked":"Pommel Strike"},{"not_picked":["Wild Strike","Cleave"],"picked":"Seeing Red"},{"not_picked":["Intimidate","Clothesline"],"picked":"Twin Strike"},{"not_picked":["Twin Strike","Cleave"],"picked":"Second Wind"},{"not_picked":["Feed","Bludgeon"],"picked":"Offering"},{"not_picked":["Evolve","Wild Strike"],"picked":"Heavy Blade"},{"not_picked":["Burning Pact","Flex"],"picked":"Clothesline"},{"not_picked":["Fiend Fire","Pummel"],"picked":"Metallicize"},{"not_picked":["Burning Pact","Uppercut"],"picked":"Iron Wave"},{"not_picked":["Twin Strike","Heavy Blade"],"picked":"Metallicize"},{"not_picked":["Armaments","Uppercut"],"picked":"Power Through"}],"player_experience":58097,"potions_floor_usage":[12,33,33,33,36,48,50,50],"damage_taken":[{"damage":5,"enemies":"Cultist","floor":1,"turns":4},{"damage":0,"enemies":"Small Slimes","floor":2,"turns":2},{"damage":9,"enemies":"Blue Slaver","floor":4,"turns":3},{"damage":11,"enemies":"Lots of Slimes","floor":5,"turns":3},{"damage":25,"enemies":"3 Sentries","floor":6,"turns":6},{"damage":13,"enemies":"Large Slime","floor":7,"turns":6},{"damage":4,"enemies":"Looter","floor":8,"turns":3},{"damage":10,"enemies":"Lots of Slimes","floor":11,"turns":3},{"damage":30,"enemies":"Lagavulin","floor":12,"turns":8},{"damage":0,"enemies":"Large Slime","floor":13,"turns":7},{"damage":42,"enemies":"Slime Boss","floor":16,"turns":11},{"damage":9,"enemies":"Chosen","floor":18,"turns":6},{"damage":5,"enemies":"Shell Parasite","floor":21,"turns":8},{"damage":23,"enemies":"Snecko","floor":22,"turns":7},{"damage":39,"enemies":"Cultist and Chosen","floor":24,"turns":7},{"damage":28,"enemies":"Centurion and Healer","floor":25,"turns":4},{"damage":15,"enemies":"Snake Plant","floor":27,"turns":4},{"damage":12,"enemies":"Cultist and Chosen","floor":31,"turns":6},{"damage":70,"enemies":"Champ","floor":33,"turns":9},{"damage":30,"enemies":"Orb Walker","floor":35,"turns":4},{"damage":14,"enemies":"3 Darklings","floor":36,"turns":4},{"damage":17,"enemies":"Maw","floor":38,"turns":6},{"damage":12,"enemies":"Sphere and 2 Shapes","floor":40,"turns":8},{"damage":29,"enemies":"4 Shapes","floor":47,"turns":7},{"damage":21,"enemies":"Maw","floor":48,"turns":8},{"damage":76,"enemies":"Awakened One","floor":50,"turns":5}],"event_choices":[{"event_name":"Liars Game","player_choice":"agreed","floor":3,"damage_taken":0},{"event_name":"Vampires","player_choice":"Became a vampire","floor":19,"damage_taken":0},{"event_name":"The Library","player_choice":"Heal","floor":28,"damage_taken":0},{"event_name":"The Lab","player_choice":"Got Potions","floor":37,"damage_taken":0},{"event_name":"Winding Halls","player_choice":"Embrace Madness","floor":42,"damage_taken":0},{"event_name":"Tomb of Lord Red Mask","player_choice":"Paid","floor":45,"damage_taken":0}],"boss_relics":[{"not_picked":["Runic Pyramid","Sozu"],"picked":"Velvet Choker"},{"not_picked":["Runic Dome","Question Card"],"picked":"Black Blood"}],"potions_floor_spawned":[2,5,6,8,18,25,27,35,36,40],"seed_played":"4077145445712994207","killed_by":"Awakened One","ascension_level":0,"is_trial":false}