{"gold_per_floor":[109,126,138,155,170,170,196,196,221,271,284,311,9,9,9,86,86,99,99,99,99,110,110,16,16,16,30,130,130],"floor_reached":29,"playtime":1978,"items_purged":["Strike_R"],"score":466,"play_id":"d65dee6b-4f79-4af6-a7b6-712bc5d8c802","local_time":"20190325005222","is_ascension_mode":true,"campfire_choices":[{"data":"Uppercut","floor":6,"key":"SMITH"},{"floor":8,"key":"REST"},{"data":"Rampage","floor":15,"key":"SMITH"},{"floor":23,"key":"REST"},{"data":"Corruption","floor":25,"key":"SMITH"}],"neow_cost":"NONE","seed_source_timestamp":15594028737887,"circlet_count":0,"master_deck":["AscendersBane","Bash","Juggernaut","Battle Trance","Shrug It Off","Rampage+1","Corruption+1","Uppercut+1","Impervious","Whirlwind","Dark Embrace","Anger","Ghostly Armor","Armaments","Barricade","Headbutt","Entrench","Evolve","Intimidate","Shockwave"],"relics":["Burning Blood","Lantern","Bronze Scales","Juzu Bracelet","Strange Spoon","Pandora\u0027s Box","Enchiridion","StoneCalendar","Ornamental Fan"],"potions_floor_usage":[16,18,22,28,29],"damage_taken":[{"damage":7,"enemies":"Cultist","floor":1,"turns":4},{"damage":14,"enemies":"Jaw Worm","floor":2,"turns":4},{"damage":0,"enemies":"Small Slimes","floor":3,"turns":4},{"damage":5,"enemies":"2 Fungi Beasts","floor":4,"turns":4},{"damage":16,"enemies":"Blue Slaver","floor":5,"turns":4},{"damage":27,"enemies":"3 Sentries","floor":7,"turns":7},{"damage":1,"enemies":"Looter","floor":11,"turns":4},{"damage":10,"enemies":"Lagavulin","floor":12,"turns":7},{"damage":28,"enemies":"The Guardian","floor":16,"turns":10},{"damage":21,"enemies":"Shell Parasite","floor":18,"turns":7},{"damage":11,"enemies":"Chosen","floor":22,"turns":4},{"damage":4,"enemies":"3 Cultists","floor":27,"turns":5},{"damage":8,"enemies":"Colosseum Slavers","floor":28,"turns":3},{"damage":14,"enemies":"Colosseum Nobs","floor":28,"turns":6},{"damage":50,"enemies":"Gremlin Leader","floor":29,"turns":5}],"seed_played":"-2254001300476973272","potions_obtained":[{"floor":2,"key":"Energy Potion"},{"floor":4,"key":"Ancient Potion"},{"floor":16,"key":"FearPotion"},{"floor":18,"key":"SkillPotion"}],"is_trial":false,"path_per_floor":["M","M","M","M","M","R","E","R","T","?","M","E","$","?","R","B",null,"M","$","?","?","M","R","$","R","T","M","?","E"],"character_chosen":"IRONCLAD","items_purchased":["Strange Spoon","Shockwave","SteroidPotion"],"campfire_rested":2,"item_purchase_floors":[13,24,24],"current_hp_per_floor":[67,59,65,66,56,56,35,57,57,50,55,51,51,51,51,29,64,49,49,49,28,23,45,45,45,45,47,37,0],"gold":130,"neow_bonus":"ONE_RANDOM_RARE_CARD","is_prod":false,"is_daily":false,"chose_seed":false,"campfire_upgraded":3,"win_rate":0,"timestamp":1553467942,"path_taken":["M","?","M","M","M","R","E","R","T","?","?","E","$","?","R","BOSS","M","?","?","?","M","R","$","R","T","M","?","E"],"build_version":"2019-01-23","purchased_purges":1,"victory":false,"max_hp_per_floor":[75,75,75,75,75,75,75,75,75,75,75,75,75,75,75,75,75,75,75,75,75,75,75,75,75,75,75,75,75],"card_choices":[{"not_picked":["Thunderclap","Feel No Pain"],"picked":"Battle Trance","floor":1},{"not_picked":["Cleave","Anger"],"picked":"Shrug It Off","floor":2},{"not_picked":["Armaments","Hemokinesis"],"picked":"Rampage","floor":3},{"not_picked":["Shrug It Off","Iron Wave"],"picked":"Corruption","floor":4},{"not_picked":["Clothesline","Perfected Strike"],"picked":"Uppercut","floor":5},{"not_picked":["Fire Breathing","Searing Blow"],"picked":"Impervious","floor":7},{"not_picked":["Armaments","Heavy Blade"],"picked":"Whirlwind","floor":11},{"not_picked":["Perfected Strike","Combust","Pommel Strike"],"picked":"SKIP","floor":12},{"not_picked":["Feed","Berserk"],"picked":"Dark Embrace","floor":16},{"not_picked":["Cleave","Anger"],"picked":"Entrench","floor":18},{"not_picked":["Clothesline","Perfected Strike","Headbutt"],"picked":"SKIP","floor":22},{"not_picked":["True Grit","Warcry","Cleave"],"picked":"SKIP","floor":27}],"player_experience":1601237,"relics_obtained":[{"floor":7,"key":"Lantern"},{"floor":9,"key":"Bronze Scales"},{"floor":12,"key":"Juzu Bracelet"},{"floor":21,"key":"Enchiridion"},{"floor":28,"key":"StoneCalendar"},{"floor":28,"key":"Ornamental Fan"}],"event_choices":[{"damage_healed":0,"gold_gain":50,"player_choice":"Touch","damage_taken":7,"max_hp_gain":0,"max_hp_loss":0,"event_name":"FaceTrader","floor":10,"gold_loss":0},{"cards_removed":["Strike_R"],"damage_healed":0,"gold_gain":0,"player_choice":"Offered Basic","damage_taken":0,"max_hp_gain":0,"max_hp_loss":0,"event_name":"Bonfire Elementals","floor":14,"gold_loss":0},{"damage_healed":0,"gold_gain":0,"cards_transformed":["Barricade","Corruption"],"player_choice":"Became Test Subject","damage_taken":0,"max_hp_gain":0,"max_hp_loss":0,"event_name":"Drug Dealer","floor":20,"gold_loss":0,"cards_obtained":["Evolve","Intimidate"]},{"damage_healed":0,"gold_gain":0,"player_choice":"Obtained Book","damage_taken":21,"max_hp_gain":0,"max_hp_loss":0,"event_name":"Cursed Tome","floor":21,"gold_loss":0},{"damage_healed":0,"gold_gain":0,"player_choice":"Fight","damage_taken":0,"max_hp_gain":0,"max_hp_loss":0,"event_name":"Colosseum","floor":28,"gold_loss":0},{"damage_healed":0,"gold_gain":0,"player_choice":"Fought Nobs","damage_taken":0,"max_hp_gain":0,"max_hp_loss":0,"event_name":"Colosseum","floor":28,"gold_loss":0}],"is_beta":false,"boss_relics":[{"not_picked":["Runic Cube","Eternal Feather"],"picked":"Pandora\u0027s Box"}],"items_purged_floors":[13],"is_endless":false,"potions_floor_spawned":[2,4,16,18],"killed_by":"Gremlin Leader","ascension_level":20}