{"gold_per_floor":[360,37,47,61,61,61,90,90,90,90,110,123,78,89,89,192,192,210,485,503,81,92,92,107,107,107,122,122,97,124,144,144,144],"floor_reached":33,"playtime":1317,"items_purged":["Pain","Regret"],"score":319,"play_id":"0d926ca0-56e6-4a64-9066-b4e2aaef6deb","local_time":"20181103015126","is_ascension_mode":false,"campfire_choices":[{"data":"Metallicize","floor":6,"key":"SMITH"},{"data":"Bash","floor":8,"key":"SMITH"},{"data":"Combust","floor":10,"key":"SMITH"},{"data":"Flex","floor":15,"key":"SMITH"},{"data":"Juggernaut","floor":23,"key":"SMITH"},{"data":"Infernal Blade","floor":25,"key":"SMITH"},{"data":"Searing Blow","floor":32,"key":"SMITH"}],"neow_cost":"CURSE","seed_source_timestamp":559595551110053,"circlet_count":0,"master_deck":["Strike_R","Strike_R","Strike_R","Strike_R","Strike_R","Defend_R","Defend_R+1","Defend_R","Defend_R","Bash+1","Infernal Blade+1","Armaments+1","Metallicize+1","Combust+1","Shrug It Off+1","Flex+1","Dropkick","Shrug It Off","Juggernaut+1","Metallicize+1","Iron Wave","Finesse+1","Disarm+1","Infernal Blade+1","Fire Breathing+1","Pain","Flex+1","Searing Blow+1"],"relics":["Burning Blood","Strange Spoon","Meat on the Bone","Bottled Tornado","Runic Pyramid","Toxic Egg 2","Ornamental Fan","WarpedTongs","War Paint"],"potions_floor_usage":[22,24,27,31],"damage_taken":[{"damage":3,"enemies":"Cultist","floor":1,"turns":3},{"damage":6,"enemies":"2 Louse","floor":3,"turns":3},{"damage":6,"enemies":"Jaw Worm","floor":4,"turns":4},{"damage":18,"enemies":"Lagavulin","floor":7,"turns":7},{"damage":4,"enemies":"Large Slime","floor":11,"turns":4},{"damage":8,"enemies":"Looter","floor":12,"turns":3},{"damage":3,"enemies":"Exordium Wildlife","floor":14,"turns":4},{"damage":7,"enemies":"Slime Boss","floor":16,"turns":8},{"damage":9,"enemies":"3 Byrds","floor":18,"turns":3},{"damage":18,"enemies":"Spheric Guardian","floor":20,"turns":7},{"damage":11,"enemies":"Centurion and Healer","floor":22,"turns":5},{"damage":6,"enemies":"Snake Plant","floor":24,"turns":5},{"damage":10,"enemies":"Shelled Parasite and Fungi","floor":27,"turns":3},{"damage":47,"enemies":"Slavers","floor":30,"turns":7},{"damage":21,"enemies":"Cultist and Chosen","floor":31,"turns":6},{"damage":41,"enemies":"Automaton","floor":33,"turns":6}],"seed_played":"-4643524643825314198","potions_obtained":[{"floor":4,"key":"Regen Potion"},{"floor":7,"key":"Block Potion"},{"floor":16,"key":"Energy Potion"},{"floor":18,"key":"SkillPotion"},{"floor":30,"key":"Regen Potion"}],"is_trial":false,"path_per_floor":["M","$","M","M","?","R","E","R","T","R","M","M","$","M","R","B",null,"M","?","M","$","M","R","M","R","T","M","?","$","E","M","R","B"],"character_chosen":"IRONCLAD","items_purchased":["Armaments","Strange Spoon","Shrug It Off","Toxic Egg 2","Finesse+1","Flex+1"],"campfire_rested":0,"item_purchase_floors":[2,2,13,21,21,29],"current_hp_per_floor":[80,80,80,80,80,80,68,68,68,68,70,68,68,71,71,70,80,77,77,65,65,60,60,60,60,60,56,56,56,27,39,39,0],"gold":144,"neow_bonus":"TWO_FIFTY_GOLD","is_prod":false,"is_daily":false,"chose_seed":false,"campfire_upgraded":7,"win_rate":0.0,"timestamp":1541209886,"path_taken":["M","$","M","M","?","R","E","R","T","R","M","M","$","?","R","BOSS","M","?","M","?","M","R","M","R","T","M","?","$","E","?","R","BOSS"],"build_version":"2018-11-01v2","purchased_purges":2,"victory":false,"max_hp_per_floor":[80,80,80,80,80,80,80,80,80,80,80,80,80,80,80,80,80,80,80,80,80,80,80,80,80,80,80,80,80,80,80,80,80],"card_choices":[{"not_picked":["Clothesline","Anger"],"picked":"Infernal Blade","floor":1},{"not_picked":["Flex","Iron Wave"],"picked":"Metallicize","floor":3},{"not_picked":["Entrench","Ghostly Armor"],"picked":"Combust","floor":4},{"not_picked":["Offering","Corruption"],"picked":"Shrug It Off","floor":7},{"not_picked":["Thunderclap","Clothesline"],"picked":"Flex","floor":11},{"not_picked":["Iron Wave","Combust"],"picked":"Dropkick","floor":12},{"not_picked":["Clothesline","Clash","Limit Break"],"picked":"SKIP","floor":14},{"not_picked":["Offering","Berserk"],"picked":"Juggernaut","floor":16},{"not_picked":["Thunderclap","Warcry+1"],"picked":"Metallicize+1","floor":18},{"not_picked":["Uppercut","True Grit+1"],"picked":"Iron Wave","floor":20},{"not_picked":["Armaments+1","Perfected Strike"],"picked":"Disarm+1","floor":22},{"not_picked":["Armaments+1","Flex+1"],"picked":"Infernal Blade+1","floor":24},{"not_picked":["Sword Boomerang","Dark Embrace"],"picked":"Fire Breathing+1","floor":27},{"not_picked":["Thunderclap+1","Entrench+1"],"picked":"Searing Blow","floor":30},{"not_picked":["Cleave+1","Dual Wield+1","Sword Boomerang+1"],"picked":"SKIP","floor":31}],"player_experience":1589,"relics_obtained":[{"floor":7,"key":"Meat on the Bone"},{"floor":9,"key":"Bottled Tornado"},{"floor":26,"key":"Ornamental Fan"},{"floor":30,"key":"War Paint"}],"event_choices":[{"damage_healed":0,"gold_gain":0,"player_choice":"Upgraded","damage_taken":0,"max_hp_gain":0,"max_hp_loss":0,"event_name":"Upgrade Shrine","floor":5,"gold_loss":0,"cards_upgraded":["Armaments"]},{"damage_healed":0,"gold_gain":275,"player_choice":"Desecrate","damage_taken":0,"max_hp_gain":0,"max_hp_loss":0,"event_name":"Golden Shrine","floor":19,"gold_loss":0,"cards_obtained":["Regret"]},{"damage_healed":0,"gold_gain":0,"player_choice":"Rummage","damage_taken":0,"relics_obtained":["WarpedTongs"],"max_hp_gain":0,"max_hp_loss":0,"event_name":"Accursed Blacksmith","floor":28,"gold_loss":0,"cards_obtained":["Pain"]}],"is_beta":true,"boss_relics":[{"not_picked":["Calling Bell","Lizard Tail"],"picked":"Runic Pyramid"}],"items_purged_floors":[2,21],"is_endless":false,"potions_floor_spawned":[4,7,16,18,30],"killed_by":"Automaton","ascension_level":0}