{"gold_per_floor":[119,119,28,203,216,216,246,258,258,292,292,262],"floor_reached":12,"playtime":348,"items_purged":[],"score":129,"play_id":"ed76d875-1936-46c0-8487-51203c92abe1","local_time":"20190306214525","is_ascension_mode":true,"campfire_choices":[{"data":"Discovery","floor":6,"key":"SMITH"}],"neow_cost":"NONE","seed_source_timestamp":505600182907259,"circlet_count":0,"master_deck":["AscendersBane","Strike_R","Strike_R","Strike_R","Strike_R","Strike_R","Defend_R","Defend_R","Defend_R","Defend_R","Bash","Discovery+1","Doubt","Dropkick","True Grit","Thunderclap","Shockwave"],"relics":["Burning Blood","Juzu Bracelet","Shuriken","Happy Flower","Mercury Hourglass","Bird Faced Urn"],"potions_floor_usage":[],"damage_taken":[{"damage":16,"enemies":"2 Louse","floor":1,"turns":4},{"damage":0,"enemies":"Cultist","floor":5,"turns":2},{"damage":29,"enemies":"Gremlin Nob","floor":7,"turns":4},{"damage":20,"enemies":"Jaw Worm","floor":8,"turns":6},{"damage":28,"enemies":"3 Sentries","floor":10,"turns":6},{"damage":5,"enemies":"Exordium Thugs","floor":12,"turns":2}],"seed_played":"-3447126187508518303","potions_obtained":[{"floor":8,"key":"EssenceOfSteel"}],"is_trial":false,"path_per_floor":["M","?","$","?","M","R","E","M","T","E","?","M"],"character_chosen":"IRONCLAD","items_purchased":["Discovery"],"campfire_rested":0,"item_purchase_floors":[3],"current_hp_per_floor":[62,62,62,62,68,68,45,31,31,9,1,0],"gold":262,"neow_bonus":"RANDOM_COMMON_RELIC","is_prod":false,"is_daily":false,"chose_seed":false,"campfire_upgraded":1,"win_rate":0,"timestamp":1551926725,"path_taken":["M","?","$","?","M","R","E","M","T","E","?","M"],"build_version":"2019-01-23","purchased_purges":0,"victory":false,"max_hp_per_floor":[80,80,80,80,80,80,80,80,80,80,80,80],"card_choices":[{"not_picked":["Twin Strike","Warcry"],"picked":"Entrench","floor":1},{"not_picked":["Blood for Blood","Twin Strike"],"picked":"Dropkick","floor":5},{"not_picked":["Twin Strike","Wild Strike"],"picked":"True Grit","floor":7},{"not_picked":["Wild Strike","Inflame"],"picked":"Thunderclap","floor":8},{"not_picked":["Reckless Charge","Anger"],"picked":"Shockwave","floor":10}],"player_experience":276982,"relics_obtained":[{"floor":7,"key":"Happy Flower"},{"floor":9,"key":"Mercury Hourglass"},{"floor":10,"key":"Bird Faced Urn"}],"event_choices":[{"cards_removed":["Entrench"],"damage_healed":0,"gold_gain":0,"player_choice":"Gave Card","damage_taken":0,"relics_obtained":["Shuriken"],"max_hp_gain":0,"max_hp_loss":0,"event_name":"WeMeetAgain","floor":2,"gold_loss":0},{"damage_healed":0,"gold_gain":175,"player_choice":"AGREE","damage_taken":0,"max_hp_gain":0,"max_hp_loss":0,"event_name":"Liars Game","floor":4,"gold_loss":0,"cards_obtained":["Doubt"]},{"damage_healed":0,"gold_gain":0,"player_choice":"Damaged","damage_taken":8,"max_hp_gain":0,"max_hp_loss":0,"event_name":"Wheel of Change","floor":11,"gold_loss":0}],"is_beta":false,"boss_relics":[],"items_purged_floors":[],"is_endless":false,"potions_floor_spawned":[8],"killed_by":"Exordium Thugs","ascension_level":10}