{"gold_per_floor":[113,128,144,144,1,1,14,32,32,32,46,56,56,56,56,154,154,169,180,180,180,27,39,39],"floor_reached":24,"playtime":1166,"items_purged":["Strike_G"],"score":266,"play_id":"e32f0d55-38f2-45d1-a23c-18940c85df15","local_time":"20180918001325","is_ascension_mode":true,"campfire_choices":[{"data":"Footwork","floor":6,"key":"SMITH"},{"data":"Noxious Fumes","floor":10,"key":"SMITH"},{"data":"Neutralize","floor":13,"key":"SMITH"},{"data":"Malaise","floor":15,"key":"SMITH"}],"neow_cost":"NONE","seed_source_timestamp":279552809428044,"circlet_count":0,"master_deck":["Defend_G+1","Defend_G","Defend_G","Defend_G","Defend_G+1","Strike_G","Strike_G","Strike_G","Survivor","Neutralize+1","Noxious Fumes+1","Footwork+1","Malaise+1","Outmaneuver","Bane","Dash","Backflip","Blur","Backflip","After Image+1","Caltrops+1","Necronomicurse","Burst","Backstab"],"relics":["Ring of the Snake","War Paint","Frozen Egg 2","Sozu","Necronomicon"],"potions_floor_usage":[16,24],"damage_taken":[{"damage":0,"enemies":"Cultist","floor":1,"turns":4},{"damage":0,"enemies":"2 Louse","floor":2,"turns":3},{"damage":0,"enemies":"Small Slimes","floor":3,"turns":5},{"damage":4,"enemies":"3 Louse","floor":7,"turns":6},{"damage":8,"enemies":"Blue Slaver","floor":8,"turns":5},{"damage":1,"enemies":"Exordium Wildlife","floor":11,"turns":7},{"damage":0,"enemies":"Large Slime","floor":12,"turns":6},{"damage":16,"enemies":"Slime Boss","floor":16,"turns":14},{"damage":2,"enemies":"3 Byrds","floor":18,"turns":7},{"damage":0,"enemies":"Spheric Guardian","floor":19,"turns":5},{"damage":0,"enemies":"Shelled Parasite and Fungi","floor":23,"turns":6},{"damage":30,"enemies":"Gremlin Leader","floor":24,"turns":6}],"seed_played":"-5995248843055909976","potions_obtained":[{"floor":2,"key":"SpeedPotion"},{"floor":7,"key":"SteroidPotion"},{"floor":8,"key":"Fire Potion"},{"floor":11,"key":"AttackPotion"}],"is_trial":false,"path_per_floor":["M","M","M","?","$","R","M","M","T","R","M","M","R","?","R","B",null,"M","M","?","?","$","M"],"character_chosen":"THE_SILENT","items_purchased":["Outmaneuver","Bane","Burst"],"campfire_rested":0,"item_purchase_floors":[5,5,22],"current_hp_per_floor":[63,63,63,63,63,63,59,51,51,51,50,50,50,43,43,27,59,57,57,41,28,28,28,0],"gold":39,"neow_bonus":"RANDOM_COMMON_RELIC","is_prod":false,"is_daily":false,"chose_seed":false,"campfire_upgraded":4,"win_rate":0,"timestamp":1537226005,"path_taken":["M","?","M","?","$","R","M","M","T","R","M","?","R","?","R","BOSS","M","M","?","?","?","M","E"],"build_version":"2018-09-06","purchased_purges":1,"victory":false,"max_hp_per_floor":[70,70,70,70,70,70,70,70,70,70,70,70,70,70,70,70,70,70,70,70,75,75,75,75],"card_choices":[{"not_picked":["Slice","Dagger Spray","Poisoned Stab"],"picked":"SKIP","floor":1},{"not_picked":["Prepared","Reflex"],"picked":"Noxious Fumes","floor":2},{"not_picked":["Unload","Dash"],"picked":"Footwork","floor":3},{"not_picked":["Distraction","Outmaneuver"],"picked":"Dash","floor":7},{"not_picked":["Outmaneuver","Sucker Punch"],"picked":"Backflip","floor":8},{"not_picked":["PiercingWail","Catalyst"],"picked":"Blur","floor":11},{"not_picked":["Cloak And Dagger","Prepared"],"picked":"Backflip","floor":12},{"not_picked":["Grand Finale","Phantasmal Killer"],"picked":"After Image+1","floor":16},{"not_picked":["Blade Dance","Heel Hook"],"picked":"Caltrops+1","floor":18},{"not_picked":["Poisoned Stab","Dagger Spray","Outmaneuver"],"picked":"SKIP","floor":19},{"not_picked":["Dagger Spray","Blade Dance"],"picked":"Backstab","floor":23}],"player_experience":391337,"relics_obtained":[{"floor":9,"key":"Frozen Egg 2"},{"floor":20,"key":"Necronomicon"}],"event_choices":[{"event_name":"Match and Keep!","player_choice":"1 cards matched","floor":4,"damage_taken":0},{"event_name":"Golden Wing","player_choice":"Card Removal","floor":14,"damage_taken":0},{"event_name":"Cursed Tome","player_choice":"Obtained Book","floor":20,"damage_taken":0},{"event_name":"Forgotten Altar","player_choice":"Shed Blood","floor":21,"damage_taken":0}],"is_beta":false,"boss_relics":[{"not_picked":["Empty Cage","Orrery"],"picked":"Sozu"}],"items_purged_floors":[5],"is_endless":false,"potions_floor_spawned":[2,7,8,11,18,19],"killed_by":"Gremlin Leader","ascension_level":8}