{"gold_per_floor":[116,116,116,130,50,50,63,63,88,121,121,121,165,189,189,315,315,329,329,329,239,259,259,259],"floor_reached":24,"playtime":1184,"items_purged":[],"score":338,"play_id":"6bf3867a-63b4-4ff9-ab05-f078ebb435ae","local_time":"20180926224549","is_ascension_mode":true,"campfire_choices":[{"data":"Bash","floor":6,"key":"SMITH"},{"data":"Armaments","floor":8,"key":"SMITH"},{"data":"Fire Breathing","floor":12,"key":"SMITH"},{"floor":15,"key":"REST"},{"data":"Barricade","floor":23,"key":"SMITH"}],"neow_cost":"PERCENT_DAMAGE","seed_source_timestamp":169767707918358,"circlet_count":0,"master_deck":["Defend_R","Defend_R","Defend_R","Defend_R","Bash+1","AscendersBane","Reaper","Feel No Pain","Evolve","Armaments+1","Fire Breathing+1","Flex","Rage","Barricade+1","Iron Wave+1","Bite","Bite","Bite","Bite","Ghostly","Ghostly+1","Ghostly","Ghostly","Ghostly"],"relics":["Burning Blood","Lantern","Golden Idol","Anchor","Odd Mushroom","Cursed Key"],"potions_floor_usage":[4,10,16,16],"damage_taken":[{"damage":1,"enemies":"2 Louse","floor":1,"turns":3},{"damage":5,"enemies":"Jaw Worm","floor":4,"turns":5},{"damage":19,"enemies":"Small Slimes","floor":7,"turns":4},{"damage":33,"enemies":"The Mushroom Lair","floor":10,"turns":8},{"damage":46,"enemies":"Gremlin Nob","floor":13,"turns":6},{"damage":0,"enemies":"Looter","floor":14,"turns":4},{"damage":45,"enemies":"Slime Boss","floor":16,"turns":14},{"damage":36,"enemies":"Spheric Guardian","floor":18,"turns":14},{"damage":0,"enemies":"3 Byrds","floor":22,"turns":9},{"damage":40,"enemies":"Gremlin Leader","floor":24,"turns":6}],"seed_played":"5480650104737041951","potions_obtained":[{"floor":1,"key":"Energy Potion"},{"floor":4,"key":"SpeedPotion"},{"floor":7,"key":"FearPotion"},{"floor":13,"key":"Energy Potion"}],"is_trial":false,"path_per_floor":["M","?","?","M","$","R","M","R","T","?","?","R","E","M","R","B",null,"M","?","?","?","M","R"],"character_chosen":"IRONCLAD","items_purchased":["Evolve"],"campfire_rested":1,"item_purchase_floors":[5],"current_hp_per_floor":[64,61,61,66,66,66,63,63,63,47,47,47,13,21,43,15,59,31,31,31,31,37,37,0],"gold":259,"neow_bonus":"TRANSFORM_TWO_CARDS","is_prod":false,"is_daily":false,"chose_seed":false,"campfire_upgraded":4,"win_rate":0,"timestamp":1537998349,"path_taken":["M","?","?","M","$","R","M","R","T","?","?","R","E","M","R","BOSS","M","?","?","?","?","R","E"],"build_version":"2018-09-20","purchased_purges":0,"victory":false,"max_hp_per_floor":[80,80,74,74,74,74,74,74,74,74,74,74,74,74,74,74,74,74,74,37,37,37,37,37],"card_choices":[{"not_picked":["Seeing Red","True Grit","Searing Blow"],"picked":"SKIP","floor":1},{"not_picked":["Seeing Red","True Grit","Searing Blow"],"picked":"SKIP","floor":1},{"not_picked":["Sword Boomerang","Burning Pact","Clash"],"picked":"SKIP","floor":4},{"not_picked":["True Grit","Impervious"],"picked":"Armaments","floor":7},{"not_picked":["Wild Strike","Heavy Blade"],"picked":"Fire Breathing","floor":10},{"not_picked":["Combust","Shrug It Off"],"picked":"Flex","floor":13},{"not_picked":["Combust","Havoc"],"picked":"Rage","floor":14},{"not_picked":["Berserk","Brutality"],"picked":"Barricade","floor":16},{"not_picked":["Headbutt+1","Flex"],"picked":"Iron Wave+1","floor":18},{"not_picked":["Flame Barrier","Cleave","Armaments"],"picked":"SKIP","floor":22}],"player_experience":423336,"relics_obtained":[{"floor":9,"key":"Anchor"},{"floor":10,"key":"Odd Mushroom"},{"floor":13,"key":"Blood Vial"}],"event_choices":[{"event_name":"Scrap Ooze","player_choice":"success","floor":2,"damage_taken":3},{"event_name":"Golden Idol","player_choice":"Lose Max HP","floor":3,"damage_taken":0},{"event_name":"Mushrooms","player_choice":"Fought Mushrooms","floor":10,"damage_taken":0},{"event_name":"The Woman in Blue","player_choice":"Bought 0 Potions","floor":11,"damage_taken":0},{"event_name":"Vampires","player_choice":"Became a vampire (Vial)","floor":19,"damage_taken":0},{"event_name":"Ghosts","player_choice":"Became a Ghost","floor":20,"damage_taken":0},{"event_name":"Designer","player_choice":"Full Service","floor":21,"damage_taken":0}],"is_beta":false,"boss_relics":[{"not_picked":["Tiny House","Fusion Hammer"],"picked":"Cursed Key"}],"items_purged_floors":[],"is_endless":false,"potions_floor_spawned":[1,4,7,13],"killed_by":"Gremlin Leader","ascension_level":10}