{"gold_per_floor":[116,116,41,41,41,41,53,53,53,80,98,98,123,167,167,262,262,282,18,40,59,82,82,120,120,147,147,147],"floor_reached":28,"playtime":1291,"items_purged":[],"score":425,"play_id":"726df654-ee7a-44d7-8d52-2f2eb19cbb9a","local_time":"20190328231011","is_ascension_mode":true,"campfire_choices":[{"data":"Dualcast","floor":6,"key":"SMITH"},{"data":"Go for the Eyes","floor":8,"key":"SMITH"},{"data":"Defragment","floor":15,"key":"SMITH"},{"data":"Chaos","floor":23,"key":"SMITH"},{"data":"Rainbow","floor":27,"key":"SMITH"}],"neow_cost":"TEN_PERCENT_HP_LOSS","seed_source_timestamp":87194998874200,"circlet_count":0,"master_deck":["AscendersBane","Strike_B","Defend_B+1","Defend_B","Defend_B","Defend_B","Zap","Dualcast+1","Go for the Eyes+1","Cold Snap","Redo","Defragment+1","BootSequence+1","Hello World","Rainbow+1","Self Repair+1","Chaos+1","Capacitor"],"relics":["FrozenCore","Anchor","Dodecahedron","Centennial Puzzle","Bloody Idol","War Paint","Letter Opener","Meat on the Bone","Art of War"],"potions_floor_usage":[14,16,22,24],"damage_taken":[{"damage":4,"enemies":"Small Slimes","floor":1,"turns":4},{"damage":0,"enemies":"2 Louse","floor":7,"turns":2},{"damage":0,"enemies":"Jaw Worm","floor":11,"turns":3},{"damage":0,"enemies":"Red Slaver","floor":13,"turns":4},{"damage":8,"enemies":"Lagavulin","floor":14,"turns":8},{"damage":25,"enemies":"The Guardian","floor":16,"turns":13},{"damage":12,"enemies":"Chosen","floor":18,"turns":6},{"damage":6,"enemies":"2 Thieves","floor":20,"turns":4},{"damage":3,"enemies":"Shelled Parasite and Fungi","floor":21,"turns":5},{"damage":7,"enemies":"Snake Plant","floor":22,"turns":6},{"damage":2,"enemies":"Book of Stabbing","floor":24,"turns":8},{"damage":1,"enemies":"Colosseum Slavers","floor":28,"turns":5},{"damage":72,"enemies":"Colosseum Nobs","floor":28,"turns":5}],"seed_played":"8278171164598738840","potions_obtained":[{"floor":7,"key":"Dexterity Potion"},{"floor":13,"key":"Regen Potion"},{"floor":14,"key":"Energy Potion"},{"floor":18,"key":"SkillPotion"}],"is_trial":false,"path_per_floor":["M","?","?","?","$","R","M","R","T","T","M","?","M","E","R","B",null,"M","$","M","M","M","R","E","?","T","R","?"],"character_chosen":"DEFECT","items_purchased":["Letter Opener"],"campfire_rested":0,"item_purchase_floors":[19],"current_hp_per_floor":[60,49,49,64,64,64,64,64,64,64,64,58,58,50,50,40,54,42,42,46,53,46,46,54,54,58,58,0],"gold":147,"neow_bonus":"TRANSFORM_TWO_CARDS","is_prod":false,"is_daily":false,"chose_seed":false,"campfire_upgraded":5,"win_rate":0,"timestamp":1553814611,"path_taken":["M","?","?","?","$","R","?","R","T","?","M","?","M","E","R","BOSS","M","$","M","M","M","R","E","?","T","R","?"],"build_version":"2019-01-23","purchased_purges":0,"victory":false,"max_hp_per_floor":[64,64,64,64,64,64,64,64,64,64,64,58,58,58,58,58,58,58,58,58,58,58,58,58,58,58,58,58],"card_choices":[{"not_picked":["Steam","Leap"],"picked":"Cold Snap","floor":1},{"not_picked":["Hologram","Skim"],"picked":"Redo","floor":7},{"not_picked":["Coolheaded","Beam Cell"],"picked":"Defragment","floor":11},{"not_picked":["Lockon","Stack"],"picked":"BootSequence","floor":13},{"not_picked":["Go for the Eyes","Steam Power"],"picked":"Hello World","floor":14},{"not_picked":["All For One","Reboot"],"picked":"Rainbow","floor":16},{"not_picked":["Rebound","Sweeping Beam"],"picked":"Self Repair+1","floor":18},{"not_picked":["Rebound","Go for the Eyes","Hologram"],"picked":"SKIP","floor":20},{"not_picked":["Beam Cell","Steam"],"picked":"Chaos","floor":21},{"not_picked":["Sweeping Beam","Streamline"],"picked":"Capacitor","floor":22},{"not_picked":["Amplify","Go for the Eyes","Hologram"],"picked":"SKIP","floor":24}],"player_experience":636099,"relics_obtained":[{"floor":9,"key":"Dodecahedron"},{"floor":10,"key":"Centennial Puzzle"},{"floor":14,"key":"War Paint"},{"floor":24,"key":"Meat on the Bone"},{"floor":26,"key":"Art of War"}],"event_choices":[{"damage_healed":0,"gold_gain":0,"player_choice":"Success","damage_taken":11,"relics_obtained":["Anchor"],"max_hp_gain":0,"max_hp_loss":0,"event_name":"Scrap Ooze","floor":2,"gold_loss":0},{"cards_removed":["Strike_B"],"damage_healed":0,"gold_gain":0,"player_choice":"Card Removal","damage_taken":0,"max_hp_gain":0,"max_hp_loss":0,"event_name":"The Cleric","floor":3,"gold_loss":75},{"cards_removed":["Undo"],"damage_healed":15,"gold_gain":0,"player_choice":"Offered Uncommon","damage_taken":0,"max_hp_gain":0,"max_hp_loss":0,"event_name":"Bonfire Elementals","floor":4,"gold_loss":0},{"damage_healed":0,"gold_gain":0,"player_choice":"Lose Max HP","damage_taken":0,"relics_obtained":["Golden Idol"],"max_hp_gain":0,"max_hp_loss":6,"event_name":"Golden Idol","floor":12,"gold_loss":0},{"damage_healed":0,"gold_gain":0,"player_choice":"Gave Idol","damage_taken":0,"relics_obtained":["Bloody Idol"],"max_hp_gain":0,"max_hp_loss":0,"event_name":"Forgotten Altar","floor":25,"relics_lost":["Golden Idol"],"gold_loss":0},{"damage_healed":0,"gold_gain":0,"player_choice":"Fight","damage_taken":0,"max_hp_gain":0,"max_hp_loss":0,"event_name":"Colosseum","floor":28,"gold_loss":0},{"damage_healed":0,"gold_gain":0,"player_choice":"Fought Nobs","damage_taken":0,"max_hp_gain":0,"max_hp_loss":0,"event_name":"Colosseum","floor":28,"gold_loss":0}],"is_beta":false,"boss_relics":[{"not_picked":["Runic Dome","Eternal Feather"],"picked":"FrozenCore"}],"items_purged_floors":[],"is_endless":false,"potions_floor_spawned":[7,13,14,18,21,28],"killed_by":"Colosseum Nobs","ascension_level":16}