{"path_per_floor":["M","?","?","M","M","R","E","M","T","$","E","M","E","M","R","B",null,"M","M","?","$","?","R","E","R","T"],"character_chosen":"IRONCLAD","items_purchased":["Corruption","Shuriken","Frozen Egg 2","War Paint","Thinking Ahead","Whirlwind"],"gold_per_floor":[144,94,94,139,184,184,274,319,319,0,90,135,225,270,270,570,570,615,660,660,15,15,15,105,105,155,155],"floor_reached":27,"campfire_rested":4,"playtime":1863,"current_hp_per_floor":[80,80,80,80,80,80,76,70,70,70,69,56,47,52,76,48,82,55,49,92,92,74,97,64,93,95,0],"items_purged":[],"gold":155,"score":301,"play_id":"a09cdd4c-2dd9-49ee-a3a2-2af7f3387428","local_time":"20180402003649","daily_mods":["Diverse","Midas","Elite Swarm"],"is_prod":false,"is_daily":true,"is_ascension_mode":false,"campfire_upgraded":0,"timestamp":1522625809,"path_taken":["M","?","?","M","?","R","E","M","T","$","E","?","E","M","R","BOSS","M","M","?","$","?","R","E","R","T","E"],"build_version":"2018-03-29v2","purchased_purges":0,"victory":false,"master_deck":["Strike_R","Strike_R","Strike_R","Defend_R+1","Defend_R","Defend_R","Defend_R","Bash+1","Blade Dance","Malaise","Clash+1","Flex+1","Dark Embrace","Warcry","Corruption","Fiend Fire","Armaments","Disarm","Iron Wave","Feel No Pain","Thinking Ahead","Whirlwind","Impervious"],"max_hp_per_floor":[80,80,80,80,80,80,80,80,80,80,80,80,82,82,82,82,82,82,82,92,92,97,97,97,97,99,99],"relics":["Black Blood","Singing Bowl","Sundial","Shuriken","Whetstone","Prayer Wheel","Frozen Egg 2","War Paint","Anchor","Bag of Preparation"],"card_choices":[{"not_picked":["Sword Boomerang","Perfected Strike"],"picked":"Clash","floor":1},{"not_picked":["True Grit","Headbutt"],"picked":"Flex","floor":4},{"not_picked":["Exhume","Berserk"],"picked":"Dark Embrace","floor":7},{"not_picked":["Reckless Charge","Twin Strike"],"picked":"Warcry","floor":8},{"not_picked":["Barricade","Demon Form"],"picked":"Fiend Fire","floor":11},{"not_picked":["Evolve","Wild Strike"],"picked":"Armaments","floor":12},{"not_picked":["Headbutt","Power Through"],"picked":"Disarm","floor":14},{"not_picked":["Barricade","Brutality"],"picked":"Exhume","floor":16},{"not_picked":["Clothesline","Pommel Strike"],"picked":"Iron Wave","floor":18},{"not_picked":["Anger","Armaments"],"picked":"Feel No Pain","floor":19},{"not_picked":["Feed","Reaper"],"picked":"Impervious","floor":24}],"player_experience":190938,"potions_floor_usage":[16],"damage_taken":[{"damage":2,"enemies":"2 Louse","floor":1,"turns":4},{"damage":1,"enemies":"Jaw Worm","floor":4,"turns":4},{"damage":0,"enemies":"Small Slimes","floor":5,"turns":1},{"damage":10,"enemies":"Gremlin Nob","floor":7,"turns":4},{"damage":12,"enemies":"Blue Slaver","floor":8,"turns":5},{"damage":7,"enemies":"Lagavulin","floor":11,"turns":7},{"damage":19,"enemies":"Exordium Thugs","floor":12,"turns":5},{"damage":17,"enemies":"3 Sentries","floor":13,"turns":6},{"damage":1,"enemies":"Lots of Slimes","floor":14,"turns":5},{"damage":40,"enemies":"Hexaghost","floor":16,"turns":13},{"damage":37,"enemies":"Spheric Guardian","floor":18,"turns":5},{"damage":16,"enemies":"Shell Parasite","floor":19,"turns":6},{"damage":43,"enemies":"Slavers","floor":24,"turns":11},{"damage":97,"enemies":"Gremlin Leader","floor":27,"turns":8}],"event_choices":[{"event_name":"The Cleric","player_choice":"Card Removal","floor":2,"damage_taken":0},{"event_name":"Wheel of Change","player_choice":"Card Removal","floor":3,"damage_taken":0},{"event_name":"Bonfire Elementals","player_choice":"RARE","floor":20,"damage_taken":0},{"event_name":"Forgotten Altar","player_choice":"Shed Blood","floor":22,"damage_taken":0}],"boss_relics":[{"not_picked":["Pandora\u0027s Box","Philosopher\u0027s Stone"],"picked":"Black Blood"}],"potions_floor_spawned":[7,8,13,16,18],"seed_played":"2322324997357656423","killed_by":"Gremlin Leader","ascension_level":0,"is_trial":false}