{"path_per_floor":["M","?","$","?","M","R","M","M","T","M","$","R","M","?","R","B",null,"M","M","?","$","M","R","?","M","T","$","R","M","?","?","R","B",null,"M","?","?","$","$","R","E","$","T","M","?","?","T","M","R"],"character_chosen":"IRONCLAD","items_purchased":["Ancient Tea Set"],"gold_per_floor":[117,117,42,117,136,136,148,161,184,200,100,100,111,111,111,213,213,227,240,240,115,133,133,58,77,145,145,145,163,263,263,263,368,368,379,379,432,126,126,126,152,152,200,211,311,311,363,378,378,378],"floor_reached":50,"campfire_rested":4,"playtime":1102,"current_hp_per_floor":[88,81,81,70,65,65,71,77,77,64,64,64,57,54,80,14,88,84,83,83,83,81,81,81,87,87,87,87,81,81,65,88,48,88,65,65,29,29,29,59,49,49,49,32,32,89,89,76,89,0],"items_purged":["Defend_R","Defend_R","Defend_R","Heavy Blade"],"gold":378,"score":483,"play_id":"c20b4c54-c992-4dbd-a728-bfc035552c98","local_time":"20180413165115","is_prod":false,"is_daily":false,"chose_seed":false,"is_ascension_mode":false,"campfire_upgraded":4,"timestamp":1523649075,"path_taken":["M","?","?","?","M","R","?","M","T","M","$","R","M","?","R","BOSS","M","M","?","$","?","R","?","M","T","?","R","M","?","?","R","BOSS","M","?","?","?","$","R","E","$","T","M","?","?","?","?","R","BOSS"],"build_version":"2018-04-12","seed_source_timestamp":25493353377545,"purchased_purges":5,"victory":false,"master_deck":["Strike_R+1","Bash+1","Cleave+1","Clash+1","Clash+1","Pommel Strike+1","Dual Wield+1","Thunderclap+1"],"max_hp_per_floor":[88,88,88,88,88,88,88,88,88,88,88,88,88,88,88,88,88,88,88,88,88,88,88,88,88,88,88,88,88,88,88,88,88,88,88,88,102,102,102,102,102,102,102,102,102,89,89,89,89,89],"relics":["Burning Blood","Happy Flower","Bag of Preparation","Velvet Choker","Toolbox","Enchiridion","Astrolabe","Mango","Ancient Tea Set","Ornamental Fan","Regal Pillow","Art of War"],"card_choices":[{"not_picked":["Sword Boomerang","Heavy Blade"],"picked":"Cleave","floor":1},{"not_picked":["Shrug It Off","Sever Soul"],"picked":"Clash","floor":18},{"not_picked":["Iron Wave","Sword Boomerang"],"picked":"Thunderclap","floor":37}],"player_experience":214995,"potions_floor_usage":[16,33,50,50,50],"damage_taken":[{"damage":2,"enemies":"2 Louse","floor":1,"turns":2},{"damage":11,"enemies":"Jaw Worm","floor":5,"turns":3},{"damage":0,"enemies":"Cultist","floor":7,"turns":2},{"damage":0,"enemies":"2 Fungi Beasts","floor":8,"turns":2},{"damage":19,"enemies":"Blue Slaver","floor":10,"turns":3},{"damage":13,"enemies":"Red Slaver","floor":13,"turns":2},{"damage":72,"enemies":"The Guardian","floor":16,"turns":7},{"damage":10,"enemies":"Spheric Guardian","floor":18,"turns":3},{"damage":7,"enemies":"Shell Parasite","floor":19,"turns":2},{"damage":8,"enemies":"Sentry and Sphere","floor":22,"turns":3},{"damage":0,"enemies":"Chosen and Byrds","floor":25,"turns":2},{"damage":12,"enemies":"Centurion and Healer","floor":29,"turns":3},{"damage":46,"enemies":"Collector","floor":33,"turns":4},{"damage":29,"enemies":"3 Darklings","floor":35,"turns":3},{"damage":56,"enemies":"Mysterious Sphere","floor":37,"turns":4},{"damage":16,"enemies":"2 Orb Walkers","floor":41,"turns":2},{"damage":23,"enemies":"3 Shapes","floor":44,"turns":2},{"damage":19,"enemies":"Maw","floor":48,"turns":4},{"damage":112,"enemies":"Awakened One","floor":50,"turns":6}],"event_choices":[{"event_name":"Golden Wing","player_choice":"Card Removal","floor":2,"damage_taken":0},{"event_name":"World of Goop","player_choice":"Gather Gold","floor":4,"damage_taken":0},{"event_name":"Scrap Ooze","player_choice":"success","floor":14,"damage_taken":3},{"event_name":"The Library","player_choice":"Read","floor":20,"damage_taken":0},{"event_name":"Beggar","player_choice":"Gave Gold","floor":24,"damage_taken":0},{"event_name":"Golden Shrine","player_choice":"Pray","floor":30,"damage_taken":0},{"event_name":"Cursed Tome","player_choice":"Obtained Book","floor":31,"damage_taken":0},{"event_name":"SensoryStone","player_choice":"Memory 1","floor":36,"damage_taken":0},{"event_name":"Mysterious Sphere","player_choice":"Fight","floor":37,"damage_taken":0},{"event_name":"Golden Shrine","player_choice":"Pray","floor":45,"damage_taken":0},{"event_name":"The Moai Head","player_choice":"Heal","floor":46,"damage_taken":0}],"boss_relics":[{"not_picked":["Runic Pyramid","Eternal Feather"],"picked":"Velvet Choker"},{"not_picked":["Pandora\u0027s Box","Lizard Tail"],"picked":"Astrolabe"}],"potions_floor_spawned":[7,8,10,16,25,29,37,41,44,48],"seed_played":"3584737984066496506","killed_by":"Awakened One","ascension_level":0,"is_trial":false}