{"gold_per_floor":[116,116,116,63,76,76,110,128,128,128],"floor_reached":10,"playtime":509,"items_purged":[],"score":106,"play_id":"af086a1d-baa0-4579-9a8d-ae0b5da65e29","local_time":"20190322184358","is_ascension_mode":true,"campfire_choices":[{"data":"Neutralize","floor":6,"key":"SMITH"}],"neow_cost":"PERCENT_DAMAGE","seed_source_timestamp":13728211832349,"circlet_count":0,"master_deck":["AscendersBane","Defend_G","Defend_G","Defend_G","Defend_G","Defend_G","Strike_G","Strike_G","Strike_G","Strike_G","Strike_G","Survivor","Neutralize+1","Dagger Spray","Prepared","Escape Plan","Prepared"],"relics":["Ring of the Snake","Unceasing Top","Thread and Needle","Question Card"],"potions_floor_usage":[7,10],"damage_taken":[{"damage":2,"enemies":"Small Slimes","floor":1,"turns":4},{"damage":4,"enemies":"Jaw Worm","floor":5,"turns":5},{"damage":31,"enemies":"Gremlin Nob","floor":7,"turns":5},{"damage":0,"enemies":"Cultist","floor":8,"turns":4},{"damage":11,"enemies":"Lagavulin","floor":10,"turns":10}],"seed_played":"-9176311738688015759","potions_obtained":[{"floor":5,"key":"Strength Potion"},{"floor":8,"key":"SteroidPotion"}],"is_trial":false,"path_per_floor":["M","?","?","$","M","R","E","M","T","E"],"character_chosen":"THE_SILENT","items_purchased":["Dagger Spray"],"campfire_rested":0,"item_purchase_floors":[4],"current_hp_per_floor":[57,57,45,45,41,41,10,10,10,0],"gold":128,"neow_bonus":"TWENTY_PERCENT_HP_BONUS","is_prod":false,"is_daily":false,"chose_seed":false,"campfire_upgraded":1,"win_rate":0,"timestamp":1553276638,"path_taken":["M","?","?","?","M","R","E","?","T","E"],"build_version":"2019-01-23","purchased_purges":0,"victory":false,"max_hp_per_floor":[84,84,84,84,84,84,84,84,84,84],"card_choices":[{"not_picked":["Prepared","Setup","Acrobatics"],"picked":"SKIP","floor":1},{"not_picked":["Deadly Poison","Backflip"],"picked":"Prepared","floor":5},{"not_picked":["Bane","Poisoned Stab"],"picked":"Escape Plan","floor":7},{"not_picked":["Flying Knee","Bane"],"picked":"Prepared","floor":8}],"player_experience":740938,"relics_obtained":[{"floor":7,"key":"Thread and Needle"},{"floor":9,"key":"Question Card"}],"event_choices":[{"damage_healed":0,"gold_gain":0,"player_choice":"Ignored","damage_taken":0,"max_hp_gain":0,"max_hp_loss":0,"event_name":"Golden Wing","floor":2,"gold_loss":0},{"damage_healed":0,"gold_gain":0,"player_choice":"Success","damage_taken":12,"relics_obtained":["Unceasing Top"],"max_hp_gain":0,"max_hp_loss":0,"event_name":"Scrap Ooze","floor":3,"gold_loss":0}],"is_beta":false,"boss_relics":[],"items_purged_floors":[],"is_endless":false,"potions_floor_spawned":[5,8],"killed_by":"Lagavulin","ascension_level":12}