{"gold_per_floor":[118,10,10,10,30,30,88,88,111,111,65,65,78,93,93,93],"floor_reached":16,"playtime":590,"items_purged":[],"score":127,"play_id":"af588c6c-f49d-4d27-86b3-e4ec0001d3e1","local_time":"20180903220742","is_ascension_mode":true,"campfire_choices":[{"data":"Dash","floor":6,"key":"SMITH"},{"data":"PiercingWail","floor":8,"key":"SMITH"},{"data":"Backflip","floor":10,"key":"SMITH"},{"floor":15,"key":"REST"}],"neow_cost":"NONE","seed_source_timestamp":38446113527109,"circlet_count":0,"master_deck":["Defend_G","Defend_G","Defend_G","Defend_G","Defend_G","Strike_G","Strike_G","Strike_G","Strike_G","Survivor","Neutralize+1","Dash+1","Infinite Blades+1","Backflip+1","PiercingWail+1","Flying Knee","Cloak And Dagger","Crippling Poison"],"relics":["Ring of the Snake","Tiny Chest","Regal Pillow","Pear"],"potions_floor_usage":[16],"damage_taken":[{"damage":0,"enemies":"Cultist","floor":1,"turns":4},{"damage":2,"enemies":"Jaw Worm","floor":5,"turns":4},{"damage":10,"enemies":"Gremlin Nob","floor":7,"turns":5},{"damage":3,"enemies":"2 Louse","floor":13,"turns":3},{"damage":12,"enemies":"Lots of Slimes","floor":14,"turns":4},{"damage":76,"enemies":"Hexaghost","floor":16,"turns":18}],"seed_played":"-5710384776872899901","potions_obtained":[{"floor":1,"key":"FairyPotion"},{"floor":14,"key":"Regen Potion"}],"is_trial":false,"path_per_floor":["M","$","?","?","M","R","E","R","T","R","$","?","M","M","R"],"character_chosen":"THE_SILENT","items_purchased":["Dash","Infinite Blades","Flying Knee"],"campfire_rested":1,"item_purchase_floors":[2,2,11],"current_hp_per_floor":[63,63,63,63,61,61,51,51,51,51,51,28,25,13,52,0],"gold":93,"neow_bonus":"UPGRADE_CARD","is_prod":false,"is_daily":false,"chose_seed":false,"campfire_upgraded":3,"win_rate":0,"timestamp":1536008862,"path_taken":["M","?","?","?","?","R","E","R","T","R","$","?","?","?","R","BOSS"],"build_version":"2018-08-30","purchased_purges":0,"victory":false,"max_hp_per_floor":[70,70,70,70,70,70,70,70,70,70,70,80,80,80,80,80],"card_choices":[{"not_picked":["Riddle With Holes","Prepared","Setup"],"picked":"SKIP","floor":1},{"not_picked":["Distraction","Deflect"],"picked":"Backflip","floor":5},{"not_picked":["Deflect","Slice"],"picked":"PiercingWail","floor":7},{"not_picked":["Outmaneuver","Concentrate"],"picked":"Cloak And Dagger","floor":13},{"not_picked":["Underhanded Strike","Outmaneuver"],"picked":"Crippling Poison","floor":14}],"player_experience":310535,"relics_obtained":[{"floor":7,"key":"Tiny Chest"},{"floor":9,"key":"Regal Pillow"}],"event_choices":[{"event_name":"Living Wall","player_choice":"Grow","floor":3,"damage_taken":0},{"event_name":"Purifier","player_choice":"One Purge","floor":4,"damage_taken":0},{"event_name":"Scrap Ooze","player_choice":"success","floor":12,"damage_taken":33}],"is_beta":false,"boss_relics":[],"items_purged_floors":[],"is_endless":false,"potions_floor_spawned":[1,14],"killed_by":"Hexaghost","ascension_level":6}