{"gold_per_floor":[362,362,362,362,10,23,23,23,77,77,101,119,44,63,63,63],"floor_reached":16,"playtime":448,"items_purged":["Strike_B"],"score":90,"play_id":"94985dc6-6b6c-4f1a-91f9-cb4c2a587bd2","local_time":"20180630175928","is_ascension_mode":false,"campfire_choices":[{"data":"Zap","floor":7,"key":"SMITH"},{"data":"Defend_B","floor":10,"key":"SMITH"},{"data":"Fusion","floor":15,"key":"SMITH"}],"neow_cost":"CURSE","seed_source_timestamp":255106475587978,"circlet_count":0,"master_deck":["Strike_B+1","Strike_B","Strike_B","Defend_B+1","Defend_B","Defend_B+1","Defend_B","Zap+1","Dualcast","Go for the Eyes+1","Leap","Fusion","Fusion+1"],"relics":["Cracked Core","Golden Idol","Thread and Needle","Strawberry"],"potions_floor_usage":[16,16],"damage_taken":[{"damage":5,"enemies":"Small Slimes","floor":1,"turns":4},{"damage":0,"enemies":"2 Louse","floor":6,"turns":2},{"damage":0,"enemies":"Jaw Worm","floor":11,"turns":3},{"damage":1,"enemies":"3 Louse","floor":12,"turns":3},{"damage":13,"enemies":"Exordium Wildlife","floor":14,"turns":4},{"damage":33,"enemies":"Slime Boss","floor":16,"turns":11}],"seed_played":"-520557154405994244","potions_obtained":[{"floor":11,"key":"Ancient Potion"},{"floor":14,"key":"GamblersBrew"}],"is_trial":false,"path_per_floor":["M","?","?","?","$","M","R","?","T","R","M","M","$","M","R"],"character_chosen":"DEFECT","items_purchased":["Thread and Needle","Leap"],"campfire_rested":0,"item_purchase_floors":[5,5],"current_hp_per_floor":[70,55,37,30,30,30,30,30,37,37,37,36,36,23,23,0],"gold":63,"neow_bonus":"TWO_FIFTY_GOLD","is_prod":false,"is_daily":false,"chose_seed":false,"campfire_upgraded":3,"win_rate":0,"timestamp":1530392368,"path_taken":["M","?","?","?","$","?","R","?","T","R","M","M","$","M","R","BOSS"],"build_version":"2018-06-28","purchased_purges":1,"victory":false,"max_hp_per_floor":[75,75,75,75,75,75,75,75,82,82,82,82,82,82,82,82],"card_choices":[{"not_picked":["Chaos","Rebound"],"picked":"Go for the Eyes","floor":1},{"not_picked":["Ball Lightning","Reinforced Body","Double Energy"],"picked":"SKIP","floor":6},{"not_picked":["Streamline","Ball Lightning","Redo"],"picked":"SKIP","floor":11},{"not_picked":["Storm","Redo"],"picked":"Fusion","floor":12},{"not_picked":["Darkness","Doom and Gloom"],"picked":"Fusion","floor":14}],"player_experience":172637,"relics_obtained":[{"floor":9,"key":"Strawberry"}],"event_choices":[{"event_name":"Shining Light","player_choice":"Entered Light","floor":2,"damage_taken":0},{"event_name":"Golden Idol","player_choice":"Take Damage","floor":3,"damage_taken":0},{"event_name":"Golden Wing","player_choice":"Card Removal","floor":4,"damage_taken":0},{"event_name":"Accursed Blacksmith","player_choice":"Forge","floor":8,"damage_taken":0}],"boss_relics":[],"items_purged_floors":[13],"is_endless":false,"potions_floor_spawned":[11,14],"killed_by":"Slime Boss","ascension_level":0}