{"gold_per_floor":[212,212,65,65,88,131,131,162,162,233,258,258,273,291,291,387,387,402,402,402,412,218,251,48,60,111,111,128,139,159,177,177,253,253,272,137,137,157,169,201,10,10,10,20,20,20,20,20,20,20],"floor_reached":51,"playtime":2137,"items_purged":["Writhe","Strike_R"],"score":1134,"play_id":"09e81ade-c43b-4158-ab8d-b23814ac5404","local_time":"20190317131646","is_ascension_mode":true,"campfire_choices":[{"floor":7,"key":"REST"},{"floor":12,"key":"REST"},{"data":"Fiend Fire","floor":15,"key":"SMITH"},{"data":"Corruption","floor":27,"key":"SMITH"},{"data":"Armaments","floor":32,"key":"SMITH"},{"data":"Flame Barrier","floor":42,"key":"SMITH"},{"data":"Flame Barrier","floor":45,"key":"SMITH"},{"data":"Brutality","floor":47,"key":"SMITH"},{"data":"Rampage","floor":49,"key":"SMITH"}],"neow_cost":"NONE","seed_source_timestamp":308078175616325,"circlet_count":0,"master_deck":["AscendersBane","Strike_R+1","Strike_R","Strike_R+1","Defend_R","Defend_R","Defend_R","Defend_R","Bash","Headbutt","Flame Barrier+1","Rampage","Fiend Fire+1","Metallicize","Burning Pact","Rampage+1","Thunderclap","Brutality+1","Headbutt","Metallicize","Shrug It Off","Metallicize","Corruption+1","Thunderclap","Armaments+1","Battle Trance","Immolate","Reckless Charge","Panacea","Thunderclap","Shockwave","Flame Barrier+1","Shrug It Off"],"relics":["Burning Blood","Bloody Idol","Bronze Scales","Charon\u0027s Ashes","Pantograph","Paper Frog","Anchor","Coffee Dripper","Shuriken","Centennial Puzzle","Sling","Smiling Mask","Mark of Pain","Incense Burner","Frozen Eye","Pear"],"potions_floor_usage":[8,16,21,33,33,50],"damage_taken":[{"damage":1,"enemies":"Cultist","floor":1,"turns":4},{"damage":8,"enemies":"Small Slimes","floor":5,"turns":4},{"damage":32,"enemies":"Gremlin Nob","floor":6,"turns":4},{"damage":15,"enemies":"3 Sentries","floor":8,"turns":6},{"damage":24,"enemies":"Gremlin Nob","floor":10,"turns":4},{"damage":2,"enemies":"Jaw Worm","floor":11,"turns":2},{"damage":0,"enemies":"2 Fungi Beasts","floor":13,"turns":2},{"damage":0,"enemies":"Exordium Wildlife","floor":14,"turns":2},{"damage":19,"enemies":"Slime Boss","floor":16,"turns":9},{"damage":15,"enemies":"2 Thieves","floor":18,"turns":4},{"damage":7,"enemies":"3 Byrds","floor":21,"turns":3},{"damage":8,"enemies":"Gremlin Leader","floor":23,"turns":5},{"damage":11,"enemies":"Shelled Parasite and Fungi","floor":25,"turns":4},{"damage":17,"enemies":"Snecko","floor":28,"turns":4},{"damage":18,"enemies":"Snake Plant","floor":29,"turns":3},{"damage":13,"enemies":"Centurion and Healer","floor":30,"turns":4},{"damage":12,"enemies":"3 Cultists","floor":31,"turns":5},{"damage":23,"enemies":"Automaton","floor":33,"turns":10},{"damage":13,"enemies":"Orb Walker","floor":35,"turns":3},{"damage":25,"enemies":"3 Darklings","floor":38,"turns":3},{"damage":11,"enemies":"Writhing Mass","floor":39,"turns":4},{"damage":10,"enemies":"Reptomancer","floor":40,"turns":4},{"damage":6,"enemies":"Sphere and 2 Shapes","floor":44,"turns":3},{"damage":82,"enemies":"Time Eater","floor":50,"turns":10}],"seed_played":"8634877633474557208","potions_obtained":[{"floor":1,"key":"GamblersBrew"},{"floor":10,"key":"Dexterity Potion"},{"floor":14,"key":"Fire Potion"},{"floor":21,"key":"Fruit Juice"},{"floor":25,"key":"Ancient Potion"},{"floor":29,"key":"Weak Potion"},{"floor":40,"key":"BloodPotion"}],"is_trial":false,"path_per_floor":["M","?","$","?","M","E","R","E","T","?","M","R","M","M","R","B",null,"M","?","?","M","$","E","$","M","T","R","M","M","M","M","R","B",null,"M","$","?","M","M","E","$","R","T","M","R","$","R","?","R","B",null],"character_chosen":"IRONCLAD","items_purchased":["Bronze Scales","Shrug It Off","Metallicize","Sling","Panacea","Frozen Eye"],"campfire_rested":2,"item_purchase_floors":[3,22,22,24,36,41],"current_hp_per_floor":[77,74,74,59,57,31,53,44,44,26,30,52,58,64,64,61,71,62,62,62,71,71,74,74,74,79,79,73,66,64,63,63,67,76,74,74,74,60,60,61,61,61,71,76,76,76,76,76,76,21],"gold":20,"neow_bonus":"HUNDRED_GOLD","is_prod":false,"is_daily":false,"chose_seed":false,"campfire_upgraded":7,"win_rate":0,"timestamp":1552843006,"path_taken":["M","?","$","?","M","E","R","E","T","?","M","R","M","M","R","BOSS","M","?","?","M","$","E","?","M","T","R","M","M","?","M","R","BOSS","M","$","?","M","M","E","$","R","T","?","R","$","R","?","R","BOSS"],"build_version":"2019-01-23","purchased_purges":2,"victory":true,"max_hp_per_floor":[80,74,74,74,74,74,74,74,74,74,74,74,74,74,74,74,74,74,74,74,79,79,79,79,79,79,79,79,79,79,79,79,79,79,79,79,79,79,79,79,79,79,89,89,89,89,89,89,89,89],"card_choices":[{"not_picked":["Pummel","Bloodletting"],"picked":"Headbutt","floor":1},{"not_picked":["Body Slam","Shockwave"],"picked":"Flame Barrier","floor":5},{"not_picked":["Flex","Anger"],"picked":"Rampage","floor":6},{"not_picked":["Body Slam","Dropkick"],"picked":"Fiend Fire","floor":8},{"not_picked":["Hemokinesis","Clash"],"picked":"Metallicize","floor":10},{"not_picked":["Clash","Anger"],"picked":"Burning Pact","floor":11},{"not_picked":["Perfected Strike","Clothesline"],"picked":"Rampage","floor":13},{"not_picked":["Body Slam","Cleave"],"picked":"Thunderclap","floor":14},{"not_picked":["Juggernaut","Bludgeon"],"picked":"Brutality","floor":16},{"not_picked":["Iron Wave","Sword Boomerang"],"picked":"Headbutt","floor":18},{"not_picked":["Flex","Rupture"],"picked":"Metallicize","floor":21},{"not_picked":["Wild Strike","Iron Wave"],"picked":"Corruption","floor":23},{"not_picked":["Combust","Blood for Blood","Body Slam"],"picked":"SKIP","floor":25},{"not_picked":["Anger","True Grit"],"picked":"Thunderclap","floor":28},{"not_picked":["Sentinel","Perfected Strike"],"picked":"Armaments","floor":29},{"not_picked":["Wild Strike","Seeing Red","Dual Wield"],"picked":"SKIP","floor":30},{"not_picked":["Juggernaut","Heavy Blade"],"picked":"Battle Trance","floor":31},{"not_picked":["Feed","Exhume"],"picked":"Immolate","floor":33},{"not_picked":["Blood for Blood","True Grit"],"picked":"Reckless Charge","floor":35},{"not_picked":["Uppercut","Searing Blow"],"picked":"Shockwave","floor":38},{"not_picked":["Hemokinesis","Blood for Blood"],"picked":"Flame Barrier","floor":39},{"not_picked":["Entrench+1","Corruption"],"picked":"Shrug It Off","floor":40},{"not_picked":["True Grit","Twin Strike","Infernal Blade+1"],"picked":"SKIP","floor":44}],"player_experience":310754,"relics_obtained":[{"floor":6,"key":"Charon\u0027s Ashes"},{"floor":8,"key":"Pantograph"},{"floor":9,"key":"Paper Frog"},{"floor":10,"key":"Anchor"},{"floor":23,"key":"Centennial Puzzle"},{"floor":26,"key":"Smiling Mask"},{"floor":40,"key":"Incense Burner"},{"floor":43,"key":"Pear"}],"event_choices":[{"damage_healed":0,"gold_gain":0,"player_choice":"Lose Max HP","damage_taken":0,"relics_obtained":["Golden Idol"],"max_hp_gain":0,"max_hp_loss":6,"event_name":"Golden Idol","floor":2,"gold_loss":0},{"damage_healed":0,"gold_gain":0,"player_choice":"Entered Light","damage_taken":15,"max_hp_gain":0,"max_hp_loss":0,"event_name":"Shining Light","floor":4,"gold_loss":0,"cards_upgraded":["Strike_R","Strike_R"]},{"damage_healed":0,"gold_gain":0,"player_choice":"Searched \u00271\u0027 times","damage_taken":0,"max_hp_gain":0,"max_hp_loss":0,"event_name":"Dead Adventurer","floor":10,"gold_loss":0},{"damage_healed":0,"gold_gain":0,"player_choice":"Gave Idol","damage_taken":0,"relics_obtained":["Bloody Idol"],"max_hp_gain":0,"max_hp_loss":0,"event_name":"Forgotten Altar","floor":19,"relics_lost":["Golden Idol"],"gold_loss":0},{"damage_healed":0,"gold_gain":0,"player_choice":"Opened","damage_taken":0,"relics_obtained":["Shuriken"],"max_hp_gain":0,"max_hp_loss":0,"event_name":"The Mausoleum","floor":20,"gold_loss":0,"cards_obtained":["Writhe"]},{"damage_healed":0,"gold_gain":0,"cards_transformed":["Strike_R"],"player_choice":"Transformed","damage_taken":0,"max_hp_gain":0,"max_hp_loss":0,"event_name":"Transmorgrifier","floor":37,"gold_loss":0,"cards_obtained":["Thunderclap"]},{"damage_healed":0,"gold_gain":0,"player_choice":"Memory 1","damage_taken":0,"max_hp_gain":0,"max_hp_loss":0,"event_name":"SensoryStone","floor":48,"gold_loss":0}],"is_beta":false,"boss_relics":[{"not_picked":["Runic Dome","Calling Bell"],"picked":"Coffee Dripper"},{"not_picked":["Eternal Feather","Velvet Choker"],"picked":"Mark of Pain"}],"items_purged_floors":[22,36],"is_endless":false,"potions_floor_spawned":[1,10,14,21,25,29,31,40],"ascension_level":13}