{"gold_per_floor":[116,131,14,89,14,14,41,41,87,87,10,10,29,64,64,135,135,145,145,160,160,33,33,45,56,56,68,68],"floor_reached":28,"playtime":1610,"items_purged":["Strike_R"],"score":502,"play_id":"4d477646-b4c8-42b4-a56d-f93ab4067009","local_time":"20190325231604","is_ascension_mode":true,"campfire_choices":[{"data":"Bash","floor":6,"key":"SMITH"},{"data":"True Grit","floor":8,"key":"SMITH"},{"data":"Perfected Strike","floor":10,"key":"SMITH"},{"data":"Inflame","floor":15,"key":"SMITH"},{"data":"Feel No Pain","floor":23,"key":"SMITH"}],"neow_cost":"NONE","seed_source_timestamp":96589121129874,"circlet_count":0,"master_deck":["AscendersBane","Strike_R","Strike_R","Strike_R","Defend_R","Defend_R","Defend_R","Defend_R","Bash+1","Sever Soul","Perfected Strike+1","True Grit+1","PanicButton","Pommel Strike","Inflame+1","Feel No Pain+1","Juggernaut","Fiend Fire","Intimidate","Burning Pact+1","Perfected Strike","Sword Boomerang+1","Power Through+1","Perfected Strike"],"relics":["Black Blood","NeowsBlessing","Blue Candle","Red Skull","Shuriken","Dodecahedron","Nilry\u0027s Codex"],"potions_floor_usage":[14,16,20,25],"damage_taken":[{"damage":0,"enemies":"Jaw Worm","floor":1,"turns":1},{"damage":0,"enemies":"2 Louse","floor":2,"turns":1},{"damage":0,"enemies":"Lagavulin","floor":7,"turns":1},{"damage":6,"enemies":"Cultist","floor":13,"turns":3},{"damage":10,"enemies":"3 Sentries","floor":14,"turns":6},{"damage":52,"enemies":"Hexaghost","floor":16,"turns":9},{"damage":19,"enemies":"Chosen","floor":18,"turns":5},{"damage":25,"enemies":"3 Byrds","floor":20,"turns":5},{"damage":16,"enemies":"Centurion and Healer","floor":24,"turns":6},{"damage":27,"enemies":"Snake Plant","floor":25,"turns":4},{"damage":20,"enemies":"Cultist and Chosen","floor":27,"turns":6},{"damage":48,"enemies":"Shelled Parasite and Fungi","floor":28,"turns":4}],"seed_played":"-2650687003089089317","potions_obtained":[{"floor":2,"key":"Explosive Potion"},{"floor":14,"key":"BloodPotion"},{"floor":18,"key":"SteroidPotion"},{"floor":24,"key":"SteroidPotion"}],"is_trial":false,"path_per_floor":["M","M","$","?","?","R","E","R","T","R","$","T","M","E","R","B",null,"M","?","M","?","$","R","M","M","T","M","M"],"character_chosen":"IRONCLAD","items_purchased":["True Grit","PanicButton","Inflame","Perfected Strike"],"campfire_rested":0,"item_purchase_floors":[3,3,11,22],"current_hp_per_floor":[74,75,75,64,64,64,70,70,70,70,70,70,70,66,66,27,63,54,33,18,75,75,75,69,52,52,42,0],"gold":68,"neow_bonus":"THREE_ENEMY_KILL","is_prod":false,"is_daily":false,"chose_seed":false,"campfire_upgraded":5,"win_rate":0,"timestamp":1553548564,"path_taken":["M","M","$","?","?","R","E","R","T","R","$","?","M","E","R","BOSS","M","?","M","?","$","R","M","M","T","?","M"],"build_version":"2019-01-23","purchased_purges":1,"victory":false,"max_hp_per_floor":[75,75,75,75,75,75,75,75,75,75,75,75,75,75,75,75,75,75,75,75,75,75,75,75,75,75,75,75],"card_choices":[{"not_picked":["Armaments","Bloodletting"],"picked":"Sever Soul","floor":1},{"not_picked":["Wild Strike","Havoc"],"picked":"Perfected Strike","floor":2},{"not_picked":["Iron Wave","Anger"],"picked":"Pommel Strike","floor":7},{"not_picked":["Shrug It Off","Rage"],"picked":"Feel No Pain","floor":13},{"not_picked":["Rupture","Ghostly Armor"],"picked":"Juggernaut","floor":14},{"not_picked":["Dark Embrace","Berserk"],"picked":"Fiend Fire","floor":16},{"not_picked":["Twin Strike+1","Shrug It Off"],"picked":"Intimidate","floor":18},{"not_picked":["Metallicize","Bloodletting"],"picked":"Burning Pact+1","floor":20},{"not_picked":["Uppercut","Blood for Blood"],"picked":"Sword Boomerang+1","floor":24},{"not_picked":["Entrench","Spot Weakness"],"picked":"Power Through+1","floor":25},{"not_picked":["Sword Boomerang","Flex+1"],"picked":"Perfected Strike","floor":27}],"player_experience":1607288,"relics_obtained":[{"floor":7,"key":"Blue Candle"},{"floor":9,"key":"Red Skull"},{"floor":12,"key":"Shuriken"},{"floor":14,"key":"Dodecahedron"},{"floor":19,"key":"Nilry\u0027s Codex"}],"event_choices":[{"damage_healed":0,"gold_gain":75,"player_choice":"Gather Gold","damage_taken":11,"max_hp_gain":0,"max_hp_loss":0,"event_name":"World of Goop","floor":4,"gold_loss":0},{"cards_removed":["Strike_R"],"damage_healed":0,"gold_gain":0,"player_choice":"Card Removal","damage_taken":0,"max_hp_gain":0,"max_hp_loss":0,"event_name":"The Cleric","floor":5,"gold_loss":75},{"damage_healed":0,"gold_gain":0,"player_choice":"Obtained Book","damage_taken":21,"max_hp_gain":0,"max_hp_loss":0,"event_name":"Cursed Tome","floor":19,"gold_loss":0},{"damage_healed":57,"gold_gain":0,"player_choice":"Full Heal","damage_taken":0,"max_hp_gain":0,"max_hp_loss":0,"event_name":"Wheel of Change","floor":21,"gold_loss":0}],"is_beta":false,"boss_relics":[{"not_picked":["Busted Crown","Orrery"],"picked":"Black Blood"}],"items_purged_floors":[22],"is_endless":false,"potions_floor_spawned":[2,14,18,24],"killed_by":"Shelled Parasite and Fungi","ascension_level":20}