{"path_per_floor":["M","?","?","M","?","E","R","M","T","M","E","R","M","$","R","B",null,"M","?","$","M","T","E","M"],"character_chosen":"IRONCLAD","items_purchased":["Matryoshka","Shrug It Off","Dark Shackles"],"gold_per_floor":[112,112,112,127,202,236,236,252,323,340,366,366,378,12,12,117,117,133,133,35,49,49,83,103],"floor_reached":25,"campfire_rested":1,"playtime":2374,"current_hp_per_floor":[76,60,60,65,54,29,53,54,54,60,43,43,49,49,49,40,80,60,60,60,54,54,27,26],"items_purged":["Strike_R"],"gold":103,"score":231,"play_id":"07e1ccba-44f9-4391-b1e7-1b61c88b89d4","is_prod":false,"is_daily":false,"is_ascension_mode":false,"campfire_upgraded":2,"path_taken":["M","?","?","M","?","E","R","?","T","M","E","R","M","$","R","BOSS","M","?","$","?","?","E","M","?"],"build_version":"2018-02-08-PROD1","purchased_purges":1,"victory":false,"master_deck":["Strike_R","Strike_R","Strike_R","Defend_R","Defend_R","Defend_R","Defend_R+1","Bash+1","Anger","Disarm+1","Shrug It Off","Armaments+1","Flex","Flex","Whirlwind","Shrug It Off","Barricade","Clash","Dark Shackles","Intimidate","Body Slam"],"max_hp_per_floor":[80,80,80,80,80,80,80,80,80,80,80,80,80,80,80,80,80,80,80,80,80,80,80,80],"relics":["Burning Blood","Darkstone Periapt","Shuriken","Pen Nib","Matryoshka","Philosopher\u0027s Stone","Ancient Tea Set","Champion Belt","Thread and Needle"],"card_choices":[{"not_picked":["Wild Strike","Perfected Strike"],"picked":"Anger"},{"not_picked":["Uppercut","True Grit"],"picked":"Disarm"},{"not_picked":["Uppercut","Flame Barrier"],"picked":"Shrug It Off"},{"not_picked":["Iron Wave","Battle Trance"],"picked":"Armaments"},{"not_picked":["True Grit","Anger"],"picked":"Flex"},{"not_picked":["Wild Strike","Burning Pact"],"picked":"Flex"},{"not_picked":["Second Wind","Power Through"],"picked":"Whirlwind"},{"not_picked":["Immolate","Feed"],"picked":"Barricade"},{"not_picked":["Headbutt","Whirlwind"],"picked":"Clash"},{"not_picked":["Hemokinesis","Evolve"],"picked":"Intimidate"},{"not_picked":["True Grit","Fire Breathing"],"picked":"Body Slam"}],"player_experience":67066,"potions_floor_usage":[10,16,21,21,23,25,25],"damage_taken":[{"damage":10,"enemies":"Blue Slaver","floor":1,"turns":6},{"damage":1,"enemies":"Jaw Worm","floor":4,"turns":4},{"damage":31,"enemies":"Gremlin Nob","floor":6,"turns":5},{"damage":5,"enemies":"Small Slimes","floor":8,"turns":4},{"damage":0,"enemies":"3 Louse","floor":10,"turns":3},{"damage":23,"enemies":"3 Sentries","floor":11,"turns":11},{"damage":0,"enemies":"Large Slime","floor":13,"turns":5},{"damage":15,"enemies":"Hexaghost","floor":16,"turns":11},{"damage":26,"enemies":"Spheric Guardian","floor":18,"turns":6},{"damage":15,"enemies":"2 Thieves","floor":21,"turns":2},{"damage":33,"enemies":"Gremlin Leader","floor":23,"turns":8},{"damage":7,"enemies":"Centurion and Healer","floor":24,"turns":10},{"damage":28,"enemies":"Cultist and Chosen","floor":25,"turns":8}],"event_choices":[{"event_name":"Shining Light","player_choice":"Entered Light","floor":2,"damage_taken":0},{"event_name":"Living Wall","player_choice":"Forget","floor":3,"damage_taken":0},{"event_name":"World of Goop","player_choice":"Gather Gold","floor":5,"damage_taken":0},{"event_name":"The Lab","player_choice":"Got Potions","floor":19,"damage_taken":0}],"boss_relics":[{"not_picked":["Eternal Feather","Sozu"],"picked":"Philosopher\u0027s Stone"}],"potions_floor_spawned":[4,8,10,11,16,21,24],"seed_played":"4240180560062737439","killed_by":"Cultist and Chosen","ascension_level":0,"is_trial":false}