{"path_per_floor":["M","T","?","?","T","R","E","M","T","M","M","R","M","$","R","B",null,"M","M","T","T","?","E","$","R","T","E","R","M","M","M","R"],"character_chosen":"IRONCLAD","items_purchased":["Kunai","Armaments","War Paint"],"gold_per_floor":[111,134,84,84,108,108,166,180,252,263,280,280,300,9,9,105,105,118,136,136,136,136,162,5,5,5,36,36,48,62,82,82],"floor_reached":33,"campfire_rested":3,"playtime":2409,"current_hp_per_floor":[73,73,73,73,73,73,58,62,62,65,66,66,63,63,63,63,80,57,56,56,56,40,36,36,60,60,19,43,49,40,36,60],"items_purged":[],"gold":82,"score":299,"play_id":"a16e680a-24df-4392-b750-62d2216dbb64","is_prod":false,"is_daily":false,"is_ascension_mode":true,"campfire_upgraded":3,"path_taken":["M","?","?","?","?","R","E","M","T","?","M","R","M","$","R","BOSS","M","M","?","?","?","E","?","R","T","E","R","M","M","?","R","BOSS"],"build_version":"2018-02-12-PROD1","purchased_purges":0,"victory":false,"master_deck":["Strike_R","Strike_R","Strike_R","Strike_R","Defend_R+1","Defend_R","Defend_R","Defend_R","Bash+1","Wild Strike","Battle Trance","Spot Weakness+1","Clash","Disarm+1","Armaments","Armaments+1","Exhume","Iron Wave","Shockwave+1","Purity+1","Whirlwind+1","Flex+1","Feel No Pain","Fiend Fire","Iron Wave"],"max_hp_per_floor":[80,80,80,80,80,80,80,80,80,80,80,80,80,80,80,80,80,80,80,80,80,80,80,80,80,80,80,80,80,80,80,80],"relics":["Burning Blood","Oddly Smooth Stone","Vajra","Bronze Scales","Tiny Chest","Bottled Lightning","Kunai","Question Card","Shuriken","Dead Branch","Bottled Flame","War Paint","Charon\u0027s Ashes","Bag of Preparation"],"card_choices":[{"not_picked":["Headbutt","Thunderclap"],"picked":"Wild Strike"},{"not_picked":["Reckless Charge","Sentinel"],"picked":"Battle Trance"},{"not_picked":["Headbutt","True Grit"],"picked":"Spot Weakness"},{"not_picked":["Combust","Sword Boomerang"],"picked":"Clash"},{"not_picked":["Blood for Blood","Warcry"],"picked":"Disarm"},{"not_picked":["True Grit","Cleave"],"picked":"Armaments"},{"not_picked":["Bludgeon","Berserk"],"picked":"Exhume"},{"not_picked":["Cleave","Blood for Blood","Flex"],"picked":"Iron Wave"},{"not_picked":["Second Wind","Rupture","Pommel Strike"],"picked":"Shockwave"},{"not_picked":["Power Through","Headbutt","Flame Barrier"],"picked":"Whirlwind"},{"not_picked":["Rage","Iron Wave","Bloodletting"],"picked":"Flex"},{"not_picked":["Headbutt","Body Slam","True Grit"],"picked":"Feel No Pain"},{"not_picked":["Intimidate","Iron Wave","Shrug It Off"],"picked":"Fiend Fire"},{"not_picked":["Sword Boomerang","Reckless Charge","Rampage"],"picked":"Iron Wave"}],"player_experience":118915,"potions_floor_usage":[16,27,33,33],"damage_taken":[{"damage":13,"enemies":"Blue Slaver","floor":1,"turns":5},{"damage":21,"enemies":"Gremlin Nob","floor":7,"turns":4},{"damage":2,"enemies":"Jaw Worm","floor":8,"turns":3},{"damage":3,"enemies":"Small Slimes","floor":10,"turns":3},{"damage":5,"enemies":"Looter","floor":11,"turns":3},{"damage":9,"enemies":"Gremlin Gang","floor":13,"turns":3},{"damage":6,"enemies":"The Guardian","floor":16,"turns":9},{"damage":29,"enemies":"Spheric Guardian","floor":18,"turns":6},{"damage":7,"enemies":"Shell Parasite","floor":19,"turns":5},{"damage":10,"enemies":"Book of Stabbing","floor":23,"turns":6},{"damage":47,"enemies":"Slavers","floor":27,"turns":6},{"damage":0,"enemies":"Centurion and Healer","floor":29,"turns":6},{"damage":15,"enemies":"Cultist and Chosen","floor":30,"turns":6},{"damage":10,"enemies":"3 Cultists","floor":31,"turns":3},{"damage":70,"enemies":"Collector","floor":33,"turns":6}],"event_choices":[{"event_name":"The Cleric","player_choice":"Card Removal","floor":3,"damage_taken":0},{"event_name":"Upgrade Shrine","player_choice":"Upgraded","floor":4,"damage_taken":0},{"event_name":"Knowing Skull","player_choice":"CARD ","floor":22,"damage_taken":0}],"boss_relics":[{"not_picked":["Calling Bell","Runic Dome"],"picked":"Question Card"}],"potions_floor_spawned":[7,11,13,16,19,27,31],"seed_played":"-3279903926845528958","killed_by":"Collector","ascension_level":1,"is_trial":false}