{"gold_per_floor":[360,279,293,164,239,266,266,299,299,299,315,315,67,80,80,80],"floor_reached":16,"playtime":529,"items_purged":["Strike_R"],"score":200,"play_id":"fb537f5e-764a-44f2-a538-7145b3505404","local_time":"20190324212055","is_ascension_mode":true,"campfire_choices":[{"floor":7,"key":"REST"},{"floor":10,"key":"REST"},{"data":"Whirlwind","floor":15,"key":"SMITH"}],"neow_cost":"TEN_PERCENT_HP_LOSS","seed_source_timestamp":40530066201634,"circlet_count":0,"master_deck":["AscendersBane","Strike_R","Strike_R","Strike_R","Strike_R","Defend_R","Defend_R","Defend_R","Defend_R","Bash","Spot Weakness","Shrug It Off","Shrug It Off","Pommel Strike","Whirlwind+1","Inflame","Ghostly Armor"],"special_seed":0,"relics":["Burning Blood","Question Card","Self Forming Clay","Regal Pillow","Lantern"],"potions_floor_usage":[8,8,16],"damage_taken":[{"damage":6.0,"enemies":"Cultist","floor":1.0,"turns":3.0},{"damage":1.0,"enemies":"Small Slimes","floor":3.0,"turns":4.0},{"damage":42,"enemies":"Gremlin Nob","floor":6,"turns":5},{"damage":44,"enemies":"Lagavulin","floor":8,"turns":11},{"damage":0,"enemies":"Jaw Worm","floor":11,"turns":4},{"damage":4,"enemies":"Looter","floor":14,"turns":4},{"damage":61,"enemies":"Slime Boss","floor":16,"turns":7}],"seed_played":"4904257813057932194","potions_obtained":[{"floor":3.0,"key":"Poison Potion"},{"floor":6,"key":"BloodPotion"},{"floor":11,"key":"BloodPotion"}],"is_trial":false,"path_per_floor":["M","$","M","$","?","E","R","E","T","R","M","?","$","M","R","B"],"character_chosen":"IRONCLAD","items_purchased":["Spot Weakness","Shrug It Off","Lantern","Inflame"],"campfire_rested":2,"item_purchase_floors":[2,4,13,13],"current_hp_per_floor":[68,68,68,68,57,21,41,9,9,44,50,50,50,52,52,0],"gold":80,"neow_bonus":"TWO_FIFTY_GOLD","is_prod":false,"is_daily":false,"chose_seed":false,"campfire_upgraded":1,"win_rate":0,"timestamp":1553458855,"path_taken":["M","?","M","$","?","E","R","E","T","R","M","?","$","M","R","BOSS"],"build_version":"2019-01-23","purchased_purges":1,"victory":false,"max_hp_per_floor":[68,68,68,68,68,68,68,68,68,68,68,68,68,68,68,68],"card_choices":[{"not_picked":["Warcry","Infernal Blade","Burning Pact"],"picked":"SKIP","floor":1.0},{"not_picked":["Carnage","Ghostly Armor"],"picked":"Shrug It Off","floor":3.0},{"not_picked":["Sever Soul","Perfected Strike","Rupture"],"picked":"SKIP","floor":6},{"not_picked":["Perfected Strike","Flex","Body Slam"],"picked":"Pommel Strike","floor":8},{"not_picked":["Feel No Pain","Shrug It Off","Sentinel"],"picked":"Whirlwind","floor":11},{"not_picked":["Carnage","Rampage","Warcry"],"picked":"Ghostly Armor","floor":14}],"player_experience":763314,"relics_obtained":[{"floor":6,"key":"Question Card"},{"floor":8,"key":"Self Forming Clay"},{"floor":9,"key":"Regal Pillow"}],"event_choices":[{"damage_healed":0.0,"max_hp_gain":0.0,"max_hp_loss":0.0,"gold_gain":75.0,"event_name":"World of Goop","player_choice":"Gather Gold","floor":5.0,"gold_loss":0.0,"damage_taken":11.0},{"damage_healed":0,"gold_gain":0,"player_choice":"Leave","damage_taken":0,"max_hp_gain":0,"max_hp_loss":0,"event_name":"The Cleric","floor":12,"gold_loss":0}],"is_beta":false,"boss_relics":[],"items_purged_floors":[4],"is_endless":false,"potions_floor_spawned":[3,6,11],"killed_by":"Slime Boss","ascension_level":17}