{"gold_per_floor":[116,128,144,68,86,111,139,139],"floor_reached":8,"playtime":1009,"items_purged":[],"score":61,"play_id":"6da71259-611b-4745-91a5-1b6087bf65fb","local_time":"20181202203813","is_ascension_mode":true,"campfire_choices":[],"neow_cost":"NONE","seed_source_timestamp":131741407736800,"circlet_count":0,"master_deck":["Defend_G","Defend_G","Defend_G","Defend_G","Defend_G","Strike_G","Strike_G","Strike_G","Strike_G","Strike_G","Survivor","Neutralize","Footwork","Footwork","Sucker Punch","Well Laid Plans","Backflip","Caltrops","Slice"],"relics":["Ring of the Snake","Bottled Lightning","Odd Mushroom"],"potions_floor_usage":[5,6],"damage_taken":[{"damage":0,"enemies":"Cultist","floor":1,"turns":6},{"damage":0,"enemies":"Jaw Worm","floor":2,"turns":7},{"damage":0,"enemies":"2 Louse","floor":3,"turns":4},{"damage":8,"enemies":"Lots of Slimes","floor":5,"turns":6},{"damage":25,"enemies":"Lagavulin","floor":6,"turns":10},{"damage":24,"enemies":"The Mushroom Lair","floor":7,"turns":8},{"damage":23,"enemies":"Gremlin Nob","floor":8,"turns":6}],"seed_played":"6710535013271454661","potions_obtained":[{"floor":1,"key":"Poison Potion"},{"floor":3,"key":"FearPotion"}],"is_trial":false,"path_per_floor":["M","M","M","$","M","E","?","E"],"character_chosen":"THE_SILENT","items_purchased":["Well Laid Plans"],"campfire_rested":0,"item_purchase_floors":[4],"current_hp_per_floor":[77,77,77,77,69,44,20,0],"gold":139,"neow_bonus":"TEN_PERCENT_HP_BONUS","is_prod":false,"is_daily":false,"chose_seed":false,"campfire_upgraded":0,"win_rate":0,"timestamp":1543790293,"path_taken":["M","M","M","?","M","E","?","E"],"build_version":"2018-11-15","purchased_purges":0,"victory":false,"max_hp_per_floor":[77,77,77,77,77,77,77,77],"card_choices":[{"not_picked":["Catalyst","Backflip"],"picked":"Footwork","floor":1},{"not_picked":["Flying Knee","Deadly Poison"],"picked":"Footwork","floor":2},{"not_picked":["Underhanded Strike","Dagger Spray"],"picked":"Sucker Punch","floor":3},{"not_picked":["Choke","Outmaneuver"],"picked":"Backflip","floor":5},{"not_picked":["Concentrate","Endless Agony"],"picked":"Caltrops","floor":6},{"not_picked":["Acrobatics","Blade Dance"],"picked":"Slice","floor":7}],"player_experience":235711,"relics_obtained":[{"floor":6,"key":"Bottled Lightning"},{"floor":7,"key":"Odd Mushroom"}],"event_choices":[{"damage_healed":0,"gold_gain":0,"player_choice":"Fought Mushrooms","damage_taken":0,"max_hp_gain":0,"max_hp_loss":0,"event_name":"Mushrooms","floor":7,"gold_loss":0}],"is_beta":false,"boss_relics":[],"items_purged_floors":[],"is_endless":false,"potions_floor_spawned":[1,3],"killed_by":"Gremlin Nob","ascension_level":1}