{"gold_per_floor":[117,134,134,152,102,102,118,134,134,234,247,247,267,290,290,413,413,438,438,462,462,462,462,482,482,509,525,525,541,564,577,577,577],"floor_reached":33,"playtime":1348,"items_purged":[],"score":245,"play_id":"ee6444e6-9851-4f7f-8026-a6120800c8d3","local_time":"20180626190537","is_ascension_mode":false,"campfire_choices":[{"data":"Streamline","floor":6,"key":"SMITH"},{"floor":15,"key":"REST"},{"data":"Go for the Eyes","floor":23,"key":"SMITH"},{"data":"RitualDagger","floor":25,"key":"SMITH"},{"floor":28,"key":"REST"},{"floor":32,"key":"REST"}],"neow_cost":"NONE","seed_source_timestamp":377245685154038,"circlet_count":0,"master_deck":["Strike_B","Strike_B","Strike_B","Strike_B","Defend_B","Defend_B","Defend_B","Zap+1","Dualcast","Streamline+1","Gash","Beam Cell+1","Seek+1","Go for the Eyes+1","Seek+1","Steam+1","Gash","Auto Shields+1","RitualDagger+1","Skim+1","Steam+1","Beam Cell","FTL","Hologram+1"],"relics":["Cracked Core","Golden Idol","Toxic Egg 2","Ornamental Fan","Orrery","Happy Flower"],"potions_floor_usage":[16,16,16,31,33,33],"damage_taken":[{"damage":0,"enemies":"Cultist","floor":1,"turns":3},{"damage":0,"enemies":"Small Slimes","floor":2,"turns":2},{"damage":6,"enemies":"Jaw Worm","floor":4,"turns":2},{"damage":12,"enemies":"Exordium Wildlife","floor":7,"turns":3},{"damage":0,"enemies":"2 Fungi Beasts","floor":8,"turns":2},{"damage":6,"enemies":"Red Slaver","floor":11,"turns":3},{"damage":0,"enemies":"3 Louse","floor":13,"turns":2},{"damage":8,"enemies":"Blue Slaver","floor":14,"turns":2},{"damage":44,"enemies":"The Guardian","floor":16,"turns":9},{"damage":6,"enemies":"Chosen","floor":18,"turns":5},{"damage":22,"enemies":"Spheric Guardian","floor":20,"turns":4},{"damage":9,"enemies":"3 Cultists","floor":24,"turns":6},{"damage":5,"enemies":"Centurion and Healer","floor":27,"turns":6},{"damage":18,"enemies":"Sentry and Sphere","floor":29,"turns":6},{"damage":25,"enemies":"Snecko","floor":30,"turns":6},{"damage":0,"enemies":"3 Cultists","floor":31,"turns":4},{"damage":50,"enemies":"Automaton","floor":33,"turns":6}],"seed_played":"5605137168264670655","potions_obtained":[{"floor":1,"key":"FearPotion"},{"floor":4,"key":"EssenceOfSteel"},{"floor":7,"key":"Strength Potion"},{"floor":13,"key":"PowerPotion"},{"floor":29,"key":"Explosive Potion"},{"floor":30,"key":"FocusPotion"},{"floor":31,"key":"FocusPotion"}],"is_trial":false,"path_per_floor":["M","M","?","M","?","R","M","M","T","?","M","T","M","M","R","B",null,"M","?","M","?","?","R","M","R","T","M","R","M","M","M","R"],"character_chosen":"DEFECT","items_purchased":[],"campfire_rested":3,"item_purchase_floors":[],"current_hp_per_floor":[75,75,57,51,51,51,39,39,39,39,33,33,33,25,47,3,75,69,69,47,47,41,41,32,32,32,27,49,31,6,6,28,0],"gold":577,"neow_bonus":"UPGRADE_CARD","is_prod":false,"is_daily":false,"chose_seed":false,"campfire_upgraded":3,"win_rate":0,"timestamp":1530050737,"path_taken":["M","?","?","M","?","R","M","M","T","?","?","?","M","M","R","BOSS","M","?","M","?","?","R","M","R","T","M","R","M","M","?","R","BOSS"],"build_version":"2018-06-21v2","purchased_purges":0,"victory":false,"max_hp_per_floor":[75,75,75,75,75,75,75,75,75,75,75,75,75,75,75,75,75,75,75,75,75,75,75,75,75,75,75,75,75,75,75,75,75],"card_choices":[{"not_picked":["Melter","Coolheaded"],"picked":"Streamline","floor":1},{"not_picked":["Cold Snap","Sweeping Beam","Turbo"],"picked":"SKIP","floor":2},{"not_picked":["Redo","Tempest"],"picked":"Gash","floor":4},{"not_picked":["Leap","Aggregate"],"picked":"Beam Cell","floor":7},{"not_picked":["Coolheaded","Rip and Tear","Sweeping Beam"],"picked":"SKIP","floor":8},{"not_picked":["Barrage","Rebound","Sweeping Beam"],"picked":"SKIP","floor":11},{"not_picked":["Coolheaded+1","Aggregate+1"],"picked":"Seek+1","floor":13},{"not_picked":["Steam+1","Stack+1"],"picked":"Go for the Eyes","floor":14},{"not_picked":["Buffer","Amplify+1"],"picked":"Seek+1","floor":16},{"not_picked":["Rebound","Hello World"],"picked":"Steam+1","floor":17},{"not_picked":["Genetic Algorithm+1","Blizzard"],"picked":"Gash","floor":17},{"not_picked":["Go for the Eyes","Barrage","Conserve Battery+1"],"picked":"SKIP","floor":18},{"not_picked":["Reinforced Body+1","Streamline"],"picked":"Auto Shields+1","floor":20},{"not_picked":["Heatsinks+1","Aggregate+1"],"picked":"Skim+1","floor":24},{"not_picked":["Self Repair","Streamline"],"picked":"Steam+1","floor":27},{"not_picked":["Cold Snap","Ball Lightning+1"],"picked":"Beam Cell","floor":29},{"not_picked":["White Noise+1","Compile Driver"],"picked":"FTL","floor":30},{"not_picked":["Coolheaded+1","Genetic Algorithm+1"],"picked":"Hologram+1","floor":31}],"player_experience":159134,"relics_obtained":[{"floor":9,"key":"Toxic Egg 2"},{"floor":12,"key":"Ornamental Fan"},{"floor":26,"key":"Happy Flower"}],"event_choices":[{"event_name":"Golden Idol","player_choice":"Take Damage","floor":3,"damage_taken":0},{"event_name":"The Cleric","player_choice":"Card Removal","floor":5,"damage_taken":0},{"event_name":"Golden Shrine","player_choice":"Pray","floor":10,"damage_taken":0},{"event_name":"Accursed Blacksmith","player_choice":"Forge","floor":19,"damage_taken":0},{"event_name":"The Mausoleum","player_choice":"No","floor":21,"damage_taken":0},{"event_name":"Nest","player_choice":"Joined the Cult","floor":22,"damage_taken":0}],"boss_relics":[{"not_picked":["Fusion Hammer","Tiny House"],"picked":"Orrery"}],"items_purged_floors":[],"is_endless":false,"potions_floor_spawned":[1,4,7,13,14,29,30,31],"killed_by":"Automaton","ascension_level":0}