{"gold_per_floor":[118,128,59,75,75,75,75,87,114,133,58,58,58,78,78,78],"floor_reached":16,"playtime":702,"items_purged":["Clumsy"],"score":120,"play_id":"b6222707-9cb7-4616-b49e-fffcea8202b1","local_time":"20180903214751","is_ascension_mode":true,"campfire_choices":[{"data":"Neutralize","floor":6,"key":"SMITH"},{"floor":13,"key":"REST"},{"data":"Footwork","floor":15,"key":"SMITH"}],"neow_cost":"CURSE","seed_source_timestamp":37141837185091,"circlet_count":0,"master_deck":["Defend_G","Defend_G","Defend_G","Defend_G","Defend_G","Strike_G","Strike_G","Strike_G","Strike_G","Survivor","Neutralize+1","Storm of Steel","Dash","Distraction+1","Footwork+1","Endless Agony+1","Flying Knee","PiercingWail"],"relics":["Ring of the Snake","Regal Pillow"],"potions_floor_usage":[16,16],"damage_taken":[{"damage":0,"enemies":"Jaw Worm","floor":1,"turns":5},{"damage":0,"enemies":"Cultist","floor":2,"turns":4},{"damage":1,"enemies":"Small Slimes","floor":4,"turns":4},{"damage":19,"enemies":"3 Louse","floor":8,"turns":2},{"damage":4,"enemies":"Looter","floor":10,"turns":3},{"damage":0,"enemies":"Large Slime","floor":14,"turns":8},{"damage":56,"enemies":"Hexaghost","floor":16,"turns":16}],"seed_played":"-9095701880836433993","potions_obtained":[{"floor":4,"key":"Energy Potion"},{"floor":8,"key":"Fire Potion"},{"floor":10,"key":"AttackPotion"}],"is_trial":false,"path_per_floor":["M","M","$","M","?","R","?","M","T","M","$","?","R","M","R"],"character_chosen":"THE_SILENT","items_purchased":["Footwork"],"campfire_rested":1,"item_purchase_floors":[3],"current_hp_per_floor":[63,63,63,62,62,62,55,36,36,32,32,18,54,54,54,0],"gold":78,"neow_bonus":"THREE_RARE_CARDS","is_prod":false,"is_daily":false,"chose_seed":false,"campfire_upgraded":2,"win_rate":0,"timestamp":1536007671,"path_taken":["M","M","$","M","?","R","?","M","T","M","$","?","R","M","R","BOSS"],"build_version":"2018-08-30","purchased_purges":1,"victory":false,"max_hp_per_floor":[70,70,70,70,70,70,70,70,70,70,70,70,70,70,70,70],"card_choices":[{"not_picked":["Unload","Tools of the Trade"],"picked":"Storm of Steel","floor":0},{"not_picked":["Bouncing Flask","All Out Attack"],"picked":"Dash","floor":1},{"not_picked":["Outmaneuver","Heel Hook"],"picked":"Distraction","floor":2},{"not_picked":["Outmaneuver","Poisoned Stab","Predator"],"picked":"SKIP","floor":4},{"not_picked":["Deflect","Deadly Poison"],"picked":"Flying Knee","floor":8},{"not_picked":["Dagger Throw","Expertise"],"picked":"PiercingWail","floor":10},{"not_picked":["Riddle With Holes","Calculated Gamble","Dagger Spray"],"picked":"SKIP","floor":14}],"player_experience":309268,"relics_obtained":[{"floor":9,"key":"Regal Pillow"}],"event_choices":[{"event_name":"Transmorgrifier","player_choice":"Transform","floor":5,"damage_taken":0},{"event_name":"Wheel of Change","player_choice":"Damage","floor":7,"damage_taken":0},{"event_name":"Shining Light","player_choice":"Entered Light","floor":12,"damage_taken":0}],"is_beta":false,"boss_relics":[],"items_purged_floors":[11],"is_endless":false,"potions_floor_spawned":[4,8,10],"killed_by":"Hexaghost","ascension_level":6}