{"gold_per_floor":[113,15,15,35,54,54,70,70,141,141,160,171,171,190,190,287,287,297,310,327,343,97,97,113,38,63,63,63,63],"floor_reached":29,"playtime":2387,"items_purged":[],"score":221,"play_id":"6805b989-bac3-4558-a5b6-ae70761a9170","local_time":"20190224011447","is_ascension_mode":false,"campfire_choices":[{"data":"Thunderclap","floor":6,"key":"SMITH"},{"data":"Bloodletting","floor":8,"key":"SMITH"},{"data":"Cleave","floor":10,"key":"SMITH"},{"floor":15,"key":"REST"},{"floor":23,"key":"REST"}],"neow_cost":"","seed_source_timestamp":945215701192000,"circlet_count":0,"master_deck":["Strike_R","Strike_R","Strike_R","Strike_R","Defend_R","Defend_R","Defend_R","Defend_R","Bash","Clothesline","Impatience","Pain","Cleave+1","Thunderclap+1","Bloodletting+1","Offering","Anger","Dropkick","Reaper","Thunderclap+1","Carnage","Metallicize","Headbutt+1","Sword Boomerang+1"],"relics":["Black Blood","WarpedTongs","Mercury Hourglass","Letter Opener","Juzu Bracelet"],"potions_floor_usage":[16,20,28,28],"damage_taken":[{"damage":0,"enemies":"2 Louse","floor":1,"turns":4},{"damage":2,"enemies":"Cultist","floor":4,"turns":4},{"damage":2,"enemies":"Small Slimes","floor":5,"turns":3},{"damage":7,"enemies":"Looter","floor":7,"turns":3},{"damage":9,"enemies":"2 Fungi Beasts","floor":11,"turns":2},{"damage":8,"enemies":"Exordium Thugs","floor":12,"turns":3},{"damage":13,"enemies":"Red Slaver","floor":14,"turns":2},{"damage":60,"enemies":"The Guardian","floor":16,"turns":8},{"damage":42,"enemies":"Spheric Guardian","floor":18,"turns":4},{"damage":23,"enemies":"2 Thieves","floor":19,"turns":3},{"damage":14,"enemies":"Snecko","floor":20,"turns":3},{"damage":18,"enemies":"Chosen and Byrds","floor":21,"turns":4},{"damage":31,"enemies":"Snake Plant","floor":24,"turns":2},{"damage":39,"enemies":"Shelled Parasite and Fungi","floor":28,"turns":4},{"damage":21,"enemies":"Snecko","floor":29,"turns":3}],"seed_played":"2138223958672513547","potions_obtained":[{"floor":4,"key":"SmokeBomb"},{"floor":14,"key":"Poison Potion"},{"floor":16,"key":"SneckoOil"},{"floor":24,"key":"BloodPotion"}],"is_trial":false,"path_per_floor":["M","$","?","M","M","R","M","R","T","R","M","M","?","M","R","B",null,"M","M","M","M","$","R","M","?","T","?","M","M"],"character_chosen":"IRONCLAD","items_purchased":["Impatience","Letter Opener"],"campfire_rested":2,"item_purchase_floors":[2,22],"current_hp_per_floor":[80,80,80,80,80,80,79,79,79,79,76,74,74,67,80,26,80,53,48,44,46,46,70,49,49,49,34,13,0],"gold":63,"neow_bonus":"","is_prod":false,"is_daily":false,"chose_seed":false,"campfire_upgraded":3,"win_rate":0.0,"timestamp":1550988887,"path_taken":["M","$","?","M","?","R","M","R","T","R","?","M","?","M","R","BOSS","M","M","M","M","$","R","M","?","T","?","M","M"],"build_version":"2019-01-23","purchased_purges":0,"victory":false,"max_hp_per_floor":[80,80,80,80,80,80,80,80,80,80,80,80,80,80,80,80,80,80,80,80,80,80,80,80,80,80,85,85,85],"card_choices":[{"not_picked":["True Grit","Twin Strike"],"picked":"Clothesline","floor":1},{"not_picked":["Flex","Battle Trance"],"picked":"Cleave","floor":4},{"not_picked":["Anger","Pummel"],"picked":"Thunderclap","floor":5},{"not_picked":["Battle Trance","Shrug It Off"],"picked":"Bloodletting","floor":7},{"not_picked":["Shrug It Off","Ghostly Armor"],"picked":"Offering","floor":11},{"not_picked":["Iron Wave","Fire Breathing"],"picked":"Anger","floor":12},{"not_picked":["Rampage","Fire Breathing"],"picked":"Dropkick","floor":14},{"not_picked":["Double Tap","Dark Embrace"],"picked":"Reaper","floor":16},{"not_picked":["Disarm","Inflame"],"picked":"Thunderclap+1","floor":18},{"not_picked":["Clothesline","Power Through"],"picked":"Carnage","floor":19},{"not_picked":["Thunderclap","Battle Trance"],"picked":"Metallicize","floor":20},{"not_picked":["Combust+1","Fire Breathing+1"],"picked":"Headbutt+1","floor":21},{"not_picked":["True Grit","Carnage"],"picked":"Sword Boomerang+1","floor":24}],"player_experience":0,"relics_obtained":[{"floor":9,"key":"Mercury Hourglass"},{"floor":26,"key":"Juzu Bracelet"}],"event_choices":[{"damage_healed":0,"gold_gain":0,"player_choice":"Rummage","damage_taken":0,"relics_obtained":["WarpedTongs"],"max_hp_gain":0,"max_hp_loss":0,"event_name":"Accursed Blacksmith","floor":3,"gold_loss":0,"cards_obtained":["Pain"]},{"damage_healed":0,"gold_gain":0,"player_choice":"Ignored","damage_taken":0,"max_hp_gain":0,"max_hp_loss":0,"event_name":"Liars Game","floor":13,"gold_loss":0},{"cards_removed":["Strike_R"],"damage_healed":0,"gold_gain":0,"player_choice":"Gave Gold","damage_taken":0,"max_hp_gain":0,"max_hp_loss":0,"event_name":"Beggar","floor":25,"gold_loss":75},{"damage_healed":0,"gold_gain":0,"player_choice":"Shed Blood","damage_taken":20,"max_hp_gain":5,"max_hp_loss":0,"event_name":"Forgotten Altar","floor":27,"gold_loss":0}],"is_beta":false,"boss_relics":[{"not_picked":["Mark of Pain","Empty Cage"],"picked":"Black Blood"}],"items_purged_floors":[],"is_endless":false,"potions_floor_spawned":[4,14,16,24],"killed_by":"Snecko","ascension_level":0}