{"gold_per_floor":[117,117,127,202,202,202,377,377,404,431,447,447,457,472,472,573,573,590,605,166,166],"floor_reached":21,"playtime":896,"items_purged":["Strike_B"],"score":286,"play_id":"6c5a2cb4-b499-4707-a5dc-c2102c89a1e5","local_time":"20181204204515","is_ascension_mode":true,"campfire_choices":[{"data":"Dualcast","floor":6,"key":"SMITH"},{"data":"Multi-Cast","floor":8,"key":"SMITH"},{"data":"Defragment","floor":15,"key":"SMITH"}],"neow_cost":"CURSE","seed_source_timestamp":79185632954967,"circlet_count":0,"master_deck":["AscendersBane","Strike_B","Strike_B","Strike_B","Defend_B","Defend_B","Defend_B","Defend_B","Zap","Dualcast+1","Chaos+1","Multi-Cast+1","Darkness","Defragment+1","Rainbow","Sweeping Beam","Genetic Algorithm","Self Repair","Finesse"],"relics":["Cracked Core","FossilizedHelix","Meat on the Bone","PreservedInsect","Empty Cage","Medical Kit"],"potions_floor_usage":[10,16,19,21],"damage_taken":[{"damage":2,"enemies":"Jaw Worm","floor":1,"turns":3},{"damage":2,"enemies":"Small Slimes","floor":3,"turns":5},{"damage":8,"enemies":"Lagavulin","floor":10,"turns":5},{"damage":0,"enemies":"2 Louse","floor":11,"turns":3},{"damage":0,"enemies":"Large Slime","floor":13,"turns":5},{"damage":0,"enemies":"2 Fungi Beasts","floor":14,"turns":2},{"damage":29,"enemies":"Hexaghost","floor":16,"turns":11},{"damage":29,"enemies":"Shell Parasite","floor":18,"turns":5},{"damage":13,"enemies":"Spheric Guardian","floor":19,"turns":4},{"damage":48,"enemies":"Centurion and Healer","floor":21,"turns":7}],"seed_played":"-2378276257196680586","potions_obtained":[{"floor":1,"key":"SkillPotion"},{"floor":3,"key":"FearPotion"},{"floor":11,"key":"Energy Potion"},{"floor":14,"key":"Dexterity Potion"},{"floor":19,"key":"Fire Potion"}],"is_trial":false,"path_per_floor":["M","?","M","?","?","R","?","R","T","E","M","?","M","M","R","B",null,"M","M","$","M"],"character_chosen":"DEFECT","items_purchased":["Self Repair","Finesse","Medical Kit"],"campfire_rested":0,"item_purchase_floors":[20,20,20],"current_hp_per_floor":[66,54,52,41,41,41,41,41,41,45,45,45,45,45,45,28,63,46,45,45,0],"gold":166,"neow_bonus":"ONE_RARE_RELIC","is_prod":false,"is_daily":false,"chose_seed":false,"campfire_upgraded":3,"win_rate":0,"timestamp":1543956315,"path_taken":["M","?","M","?","?","R","?","R","T","E","M","?","?","M","R","BOSS","M","M","$","M"],"build_version":"2018-11-15","purchased_purges":1,"victory":false,"max_hp_per_floor":[75,75,75,75,75,75,75,75,75,75,75,75,75,75,75,75,75,75,75,75,75],"card_choices":[{"not_picked":["Cold Snap","Streamline"],"picked":"Chaos","floor":1},{"not_picked":["Rebound","Tempest"],"picked":"Multi-Cast","floor":3},{"not_picked":["Gash","Reinforced Body"],"picked":"Darkness","floor":10},{"not_picked":["Compile Driver","Genetic Algorithm"],"picked":"Defragment","floor":11},{"not_picked":["Storm","Streamline","Hologram"],"picked":"SKIP","floor":13},{"not_picked":["Reinforced Body","Go for the Eyes","Hologram"],"picked":"SKIP","floor":14},{"not_picked":["Buffer","All For One"],"picked":"Rainbow","floor":16},{"not_picked":["Redo","Beam Cell"],"picked":"Sweeping Beam","floor":18},{"not_picked":["Hologram","Stack"],"picked":"Genetic Algorithm","floor":19}],"player_experience":522235,"relics_obtained":[{"floor":10,"key":"PreservedInsect"}],"event_choices":[{"damage_healed":0,"gold_gain":0,"player_choice":"Success","damage_taken":12,"relics_obtained":["Meat on the Bone"],"max_hp_gain":0,"max_hp_loss":0,"event_name":"Scrap Ooze","floor":2,"gold_loss":0},{"damage_healed":0,"gold_gain":75,"player_choice":"Gather Gold","damage_taken":11,"max_hp_gain":0,"max_hp_loss":0,"event_name":"World of Goop","floor":4,"gold_loss":0},{"damage_healed":0,"gold_gain":0,"player_choice":"Grow","damage_taken":0,"max_hp_gain":0,"max_hp_loss":0,"event_name":"Living Wall","floor":5,"gold_loss":0,"cards_upgraded":["Chaos"]},{"damage_healed":0,"gold_gain":175,"player_choice":"AGREE","damage_taken":0,"max_hp_gain":0,"max_hp_loss":0,"event_name":"Liars Game","floor":7,"gold_loss":0,"cards_obtained":["Doubt"]},{"damage_healed":0,"gold_gain":0,"player_choice":"Searched \u00270\u0027 times","damage_taken":0,"max_hp_gain":0,"max_hp_loss":0,"event_name":"Dead Adventurer","floor":12,"gold_loss":0}],"is_beta":false,"boss_relics":[{"not_picked":["Runic Dome","Calling Bell"],"picked":"Empty Cage"}],"items_purged_floors":[20],"is_endless":false,"potions_floor_spawned":[1,3,11,14,19],"killed_by":"Centurion and Healer","ascension_level":12}