{"gold_per_floor":[112,112,37,37,37,37,37,55,55,91,391,414,414,452,452,546,546,534,534,182,196,211,211,86,125,125,125,146,146,146,160,160,238,288,308,308,158,158,73,99,112,112,163,176,194,194,206,233,233,233],"floor_reached":50,"playtime":2603,"items_purged":["Strike_R","Strike_R","Defend_R","Defend_R"],"score":851,"play_id":"c58b86ca-5ec5-4010-bc24-fdab78a184d5","local_time":"20190226002214","is_ascension_mode":true,"campfire_choices":[{"data":"Bash","floor":6,"key":"SMITH"},{"data":"Rage","floor":13,"key":"SMITH"},{"data":"Dropkick","floor":15,"key":"SMITH"},{"data":"Armaments","floor":23,"key":"SMITH"},{"floor":27,"key":"REST"},{"data":"Battle Trance","floor":29,"key":"SMITH"},{"floor":32,"key":"RECALL"},{"data":"Panacea","floor":42,"key":"SMITH"},{"data":"Intimidate","floor":46,"key":"SMITH"},{"data":"Warcry","floor":49,"key":"SMITH"}],"neow_cost":"NONE","seed_source_timestamp":9811075297500,"circlet_count":0,"master_deck":["AscendersBane","Strike_R+1","Defend_R","Defend_R","Bash+1","Dropkick+1","Rage+1","Battle Trance+1","Shrug It Off","Armaments+1","Dropkick","Warcry+1","Disarm+1","Intimidate+1","Flash of Steel","Panacea+1","Parasite"],"relics":["Burning Blood","Dream Catcher","Bloody Idol","Bag of Preparation","Happy Flower","Old Coin","Odd Mushroom","Philosopher\u0027s Stone","Sundial","Du-Vu Doll","Kunai","Tiny House","Letter Opener","Smiling Mask"],"potions_floor_usage":[10,16,16,40,50],"damage_taken":[{"damage":17,"enemies":"Small Slimes","floor":1,"turns":4},{"damage":4,"enemies":"2 Louse","floor":8,"turns":3},{"damage":37,"enemies":"Lagavulin","floor":10,"turns":7},{"damage":2,"enemies":"Jaw Worm","floor":12,"turns":3},{"damage":5,"enemies":"The Mushroom Lair","floor":14,"turns":4},{"damage":9,"enemies":"Hexaghost","floor":16,"turns":9},{"damage":11,"enemies":"2 Thieves","floor":18,"turns":4},{"damage":0,"enemies":"Shell Parasite","floor":21,"turns":5},{"damage":6,"enemies":"Snecko","floor":22,"turns":6},{"damage":55,"enemies":"Slavers","floor":25,"turns":8},{"damage":6,"enemies":"Snake Plant","floor":28,"turns":4},{"damage":0,"enemies":"3 Cultists","floor":31,"turns":5},{"damage":30,"enemies":"Champ","floor":33,"turns":13},{"damage":5,"enemies":"3 Shapes","floor":35,"turns":5},{"damage":31,"enemies":"Reptomancer","floor":40,"turns":10},{"damage":10,"enemies":"3 Darklings","floor":41,"turns":4},{"damage":7,"enemies":"4 Shapes","floor":44,"turns":4},{"damage":11,"enemies":"Jaw Worm Horde","floor":45,"turns":5},{"damage":0,"enemies":"Writhing Mass","floor":47,"turns":4},{"damage":2,"enemies":"Giant Head","floor":48,"turns":7},{"damage":110,"enemies":"Time Eater","floor":50,"turns":12}],"seed_played":"-2613363462528165766","potions_obtained":[{"floor":1,"key":"Regen Potion"},{"floor":10,"key":"LiquidBronze"},{"floor":12,"key":"Swift Potion"},{"floor":31,"key":"EssenceOfSteel"},{"floor":33,"key":"FearPotion"},{"floor":40,"key":"Weak Potion"},{"floor":47,"key":"EssenceOfSteel"}],"is_trial":false,"path_per_floor":["M","?","$","?","$","R","$","M","T","E","?","M","R","?","R","B",null,"M","?","$","M","M","R","$","E","T","R","M","R","?","M","R","B",null,"M","?","$","?","$","E","M","R","T","M","M","R","M","E","R","B"],"character_chosen":"IRONCLAD","items_purchased":["Sundial","Panacea"],"campfire_rested":1,"item_purchase_floors":[20,39],"current_hp_per_floor":[61,54,54,54,54,54,54,56,56,40,40,44,44,45,45,42,66,61,61,61,67,67,67,67,18,18,40,40,40,40,51,51,32,70,76,76,76,76,76,56,57,57,62,66,66,66,77,79,79,0],"gold":233,"neow_bonus":"RANDOM_COMMON_RELIC","is_prod":false,"is_daily":false,"chose_seed":false,"campfire_upgraded":8,"win_rate":0,"timestamp":1551140534,"path_taken":["M","?","$","?","$","R","?","?","T","E","?","M","R","?","R","BOSS","M","?","$","M","M","R","$","E","T","R","M","R","?","?","R","BOSS","M","?","$","?","$","E","M","R","T","?","M","R","M","E","R","BOSS"],"build_version":"2019-01-23","purchased_purges":4,"victory":false,"max_hp_per_floor":[80,80,80,74,74,74,74,74,74,74,74,74,74,74,74,74,74,74,74,74,74,74,74,74,74,74,74,74,74,74,74,74,74,79,79,79,79,79,79,79,79,79,79,79,79,79,79,79,79,79],"card_choices":[{"not_picked":["Dual Wield","Carnage"],"picked":"Dropkick","floor":1},{"not_picked":["Shrug It Off","Uppercut"],"picked":"Rage","floor":8},{"not_picked":["Rupture","Blood for Blood","Flex"],"picked":"SKIP","floor":10},{"not_picked":["Havoc","Feel No Pain"],"picked":"Battle Trance","floor":12},{"not_picked":["Body Slam","Sword Boomerang"],"picked":"Shrug It Off","floor":14},{"not_picked":["Headbutt","Body Slam"],"picked":"Armaments","floor":18},{"not_picked":["Iron Wave","Pommel Strike+1","Body Slam"],"picked":"SKIP","floor":21},{"not_picked":["Bloodletting","Armaments"],"picked":"Dropkick","floor":22},{"not_picked":["True Grit","Perfected Strike","Wild Strike"],"picked":"SKIP","floor":25},{"not_picked":["Havoc","Pommel Strike","Anger"],"picked":"SKIP","floor":28},{"not_picked":["Infernal Blade","Headbutt","Berserk"],"picked":"SKIP","floor":31},{"not_picked":["Wild Strike","Havoc"],"picked":"Warcry","floor":34},{"not_picked":["Wild Strike","Headbutt"],"picked":"Disarm+1","floor":35},{"not_picked":["Deep Breath","Mayhem"],"picked":"Flash of Steel","floor":38},{"not_picked":["Clothesline+1","Exhume","Dual Wield"],"picked":"SKIP","floor":40},{"not_picked":["Twin Strike","Armaments","Flex"],"picked":"SKIP","floor":41},{"not_picked":["Armaments","Anger+1","Pommel Strike"],"picked":"SKIP","floor":44},{"not_picked":["Cleave+1","Iron Wave+1","Dual Wield"],"picked":"SKIP","floor":45},{"not_picked":["Armaments+1","Clash","Berserk"],"picked":"SKIP","floor":47},{"not_picked":["Combust","Thunderclap+1","Clash+1"],"picked":"SKIP","floor":48}],"player_experience":585620,"relics_obtained":[{"floor":9,"key":"Bag of Preparation"},{"floor":10,"key":"Happy Flower"},{"floor":14,"key":"Odd Mushroom"},{"floor":25,"key":"Du-Vu Doll"},{"floor":26,"key":"Kunai"},{"floor":40,"key":"Letter Opener"},{"floor":48,"key":"Smiling Mask"}],"event_choices":[{"cards_removed":["Strike_R"],"damage_healed":0,"gold_gain":0,"player_choice":"Card Removal","damage_taken":7,"max_hp_gain":0,"max_hp_loss":0,"event_name":"Golden Wing","floor":2,"gold_loss":0},{"damage_healed":0,"gold_gain":0,"player_choice":"Lose Max HP","damage_taken":0,"relics_obtained":["Golden Idol"],"max_hp_gain":0,"max_hp_loss":6,"event_name":"Golden Idol","floor":4,"gold_loss":0},{"damage_healed":0,"gold_gain":0,"player_choice":"Searched \u00271\u0027 times","damage_taken":0,"relics_obtained":["Old Coin"],"max_hp_gain":0,"max_hp_loss":0,"event_name":"Dead Adventurer","floor":11,"gold_loss":0},{"damage_healed":0,"gold_gain":0,"player_choice":"Fought Mushrooms","damage_taken":0,"max_hp_gain":0,"max_hp_loss":0,"event_name":"Mushrooms","floor":14,"gold_loss":0},{"damage_healed":0,"gold_gain":0,"player_choice":"Ignored","damage_taken":0,"max_hp_gain":0,"max_hp_loss":0,"event_name":"Ghosts","floor":19,"gold_loss":0},{"damage_healed":0,"gold_gain":0,"player_choice":"Gave Idol","damage_taken":0,"relics_obtained":["Bloody Idol"],"max_hp_gain":0,"max_hp_loss":0,"event_name":"Forgotten Altar","floor":30,"relics_lost":["Golden Idol"],"gold_loss":0},{"damage_healed":0,"gold_gain":0,"cards_transformed":["Strike_R"],"player_choice":"Transformed","damage_taken":0,"max_hp_gain":0,"max_hp_loss":0,"event_name":"Transmorgrifier","floor":36,"gold_loss":0,"cards_obtained":["Intimidate"]},{"damage_healed":0,"gold_gain":0,"player_choice":"Memory 1","damage_taken":0,"max_hp_gain":0,"max_hp_loss":0,"event_name":"SensoryStone","floor":38,"gold_loss":0}],"is_beta":false,"boss_relics":[{"not_picked":["Orrery","White Beast Statue"],"picked":"Philosopher\u0027s Stone"},{"not_picked":["Mark of Pain","Coffee Dripper"],"picked":"Tiny House"}],"items_purged_floors":[3,20,24,37],"is_endless":false,"potions_floor_spawned":[1,10,12,31,33,35,40,47],"killed_by":"Time Eater","ascension_level":13}