{"gold_per_floor":[115,135,147,222,9,23,23,54,111,129,154,154,154,182,182,182],"floor_reached":16,"playtime":841,"items_purged":[],"score":220,"play_id":"4e5f4fbd-4e84-48ae-8627-da2bc3770ed9","local_time":"20190324212843","is_ascension_mode":true,"campfire_choices":[{"data":"Bash","floor":7,"key":"SMITH"},{"floor":12,"key":"REST"},{"floor":15,"key":"REST"}],"neow_cost":"NONE","seed_source_timestamp":4512546347895,"circlet_count":0,"master_deck":["AscendersBane","Strike_R","Strike_R","Strike_R","Strike_R","Strike_R","Defend_R","Defend_R","Defend_R","Defend_R","Bash+1","Evolve","Battle Trance","Dropkick","Dropkick","Clothesline","Thunderclap","Spot Weakness","Corruption"],"relics":["Burning Blood","DollysMirror","Bag of Marbles","Tiny Chest","Odd Mushroom","Omamori"],"potions_floor_usage":[6,8,11],"damage_taken":[{"damage":19,"enemies":"Small Slimes","floor":1,"turns":7},{"damage":7,"enemies":"2 Louse","floor":2,"turns":3},{"damage":1,"enemies":"Cultist","floor":3,"turns":3},{"damage":19,"enemies":"Exordium Thugs","floor":6,"turns":7},{"damage":32,"enemies":"Gremlin Nob","floor":8,"turns":4},{"damage":5,"enemies":"Blue Slaver","floor":10,"turns":4},{"damage":6,"enemies":"The Mushroom Lair","floor":11,"turns":3},{"damage":30,"enemies":"Lagavulin","floor":14,"turns":6},{"damage":33,"enemies":"Hexaghost","floor":16,"turns":7}],"seed_played":"47729402437058797","potions_obtained":[{"floor":0,"key":"SteroidPotion"},{"floor":0,"key":"EntropicBrew"},{"floor":2,"key":"Block Potion"},{"floor":8,"key":"Weak Potion"}],"is_trial":false,"path_per_floor":["M","M","M","?","$","M","R","E","T","M","?","R","?","E","R","B"],"character_chosen":"IRONCLAD","items_purchased":["DollysMirror"],"campfire_rested":2,"item_purchase_floors":[5],"current_hp_per_floor":[55,54,59,48,48,35,35,9,9,10,10,32,32,8,30,0],"gold":182,"neow_bonus":"THREE_SMALL_POTIONS","is_prod":false,"is_daily":false,"chose_seed":false,"campfire_upgraded":1,"win_rate":0,"timestamp":1553455723,"path_taken":["M","M","M","?","$","M","R","E","T","M","?","R","?","E","R","BOSS"],"build_version":"2019-01-23","purchased_purges":0,"victory":false,"max_hp_per_floor":[75,75,75,75,75,75,75,75,75,75,75,75,75,75,75,75],"card_choices":[{"not_picked":["Shockwave","Armaments"],"picked":"Evolve","floor":1},{"not_picked":["Shrug It Off","Body Slam"],"picked":"Battle Trance","floor":2},{"not_picked":["Iron Wave","Thunderclap"],"picked":"Dropkick","floor":3},{"not_picked":["Havoc","Clash","Iron Wave"],"picked":"SKIP","floor":6},{"not_picked":["Juggernaut","Iron Wave"],"picked":"Clothesline","floor":8},{"not_picked":["Perfected Strike","Havoc"],"picked":"Thunderclap","floor":10},{"not_picked":["Entrench","Cleave"],"picked":"Spot Weakness","floor":11},{"not_picked":["Spot Weakness","Twin Strike"],"picked":"Corruption","floor":14}],"player_experience":1595988,"relics_obtained":[{"floor":8,"key":"Bag of Marbles"},{"floor":9,"key":"Tiny Chest"},{"floor":11,"key":"Odd Mushroom"},{"floor":14,"key":"Omamori"}],"event_choices":[{"damage_healed":0,"gold_gain":75,"player_choice":"Gather Gold","damage_taken":11,"max_hp_gain":0,"max_hp_loss":0,"event_name":"World of Goop","floor":4,"gold_loss":0},{"damage_healed":0,"gold_gain":0,"player_choice":"Fought Mushrooms","damage_taken":0,"max_hp_gain":0,"max_hp_loss":0,"event_name":"Mushrooms","floor":11,"gold_loss":0},{"damage_healed":0,"gold_gain":0,"player_choice":"Ignored","damage_taken":0,"max_hp_gain":0,"max_hp_loss":0,"event_name":"Shining Light","floor":13,"gold_loss":0}],"is_beta":false,"boss_relics":[],"items_purged_floors":[],"is_endless":false,"potions_floor_spawned":[1,2,8],"killed_by":"Hexaghost","ascension_level":20}