{"gold_per_floor":[112,187,187,187,36,36,36,56,56,56,73,43,69,81,81,176,176,186,199,225,236,84,84,84,84],"floor_reached":25,"playtime":1493,"items_purged":["Pain","Strike_G"],"score":411,"play_id":"458a390a-169c-4285-9333-5a70632ba3c9","local_time":"20180929125538","is_ascension_mode":true,"campfire_choices":[{"data":"Neutralize","floor":6,"key":"SMITH"},{"floor":15,"key":"REST"},{"data":"Cloak And Dagger","floor":23,"key":"SMITH"}],"neow_cost":"","seed_source_timestamp":393253447217974,"circlet_count":0,"master_deck":["Defend_G+1","Defend_G+1","Defend_G+1","Defend_G+1","Defend_G+1","Strike_G+1","Strike_G+1","Strike_G+1","Survivor","Neutralize+1","AscendersBane","Flying Knee","Footwork+1","Blur","Cloak And Dagger","Backflip","Dodge and Roll","Adrenaline","Heel Hook","Blur","Dash","Footwork+1","Cloak And Dagger+1"],"relics":["Ring of the Serpent","WarpedTongs","Kunai","Bottled Tornado","Paper Crane","Red Mask"],"potions_floor_usage":[13,16,20,20,25,25],"damage_taken":[{"damage":1,"enemies":"Small Slimes","floor":1,"turns":4},{"damage":0,"enemies":"2 Louse","floor":8,"turns":3},{"damage":0,"enemies":"Jaw Worm","floor":11,"turns":4},{"damage":0,"enemies":"Looter","floor":12,"turns":4},{"damage":0,"enemies":"Lagavulin","floor":13,"turns":8},{"damage":0,"enemies":"Blue Slaver","floor":14,"turns":5},{"damage":0,"enemies":"The Guardian","floor":16,"turns":18},{"damage":1,"enemies":"3 Byrds","floor":18,"turns":7},{"damage":7,"enemies":"Spheric Guardian","floor":19,"turns":9},{"damage":12,"enemies":"Masked Bandits","floor":20,"turns":14},{"damage":0,"enemies":"Snake Plant","floor":21,"turns":9},{"damage":68,"enemies":"Gremlin Leader","floor":25,"turns":13}],"seed_played":"6822092689334070044","potions_obtained":[{"floor":1,"key":"Weak Potion"},{"floor":11,"key":"Poison Potion"},{"floor":13,"key":"GamblersBrew"},{"floor":14,"key":"EssenceOfSteel"},{"floor":19,"key":"Fire Potion"},{"floor":21,"key":"Fire Potion"}],"is_trial":false,"path_per_floor":["M","?","?","?","$","R","T","M","T","?","M","M","E","M","R","B",null,"M","M","?","M","$","R","?"],"character_chosen":"THE_SILENT","items_purchased":["Footwork","Cloak And Dagger"],"campfire_rested":1,"item_purchase_floors":[5,22],"current_hp_per_floor":[62,51,44,44,44,44,44,44,44,44,44,44,44,44,65,65,69,68,61,49,49,49,49,49,0],"gold":84,"neow_bonus":"","is_prod":false,"is_daily":false,"chose_seed":false,"campfire_upgraded":2,"win_rate":0,"timestamp":1538222138,"path_taken":["M","?","?","?","$","R","?","?","T","?","M","M","E","M","R","BOSS","M","?","?","M","$","R","?","E"],"build_version":"2018-09-27","purchased_purges":2,"victory":false,"max_hp_per_floor":[70,70,70,70,70,70,70,70,70,70,70,70,70,70,70,70,70,70,70,70,70,70,70,70,70],"card_choices":[{"not_picked":["Reflex","Slice"],"picked":"Flying Knee","floor":1},{"not_picked":["Prepared","Catalyst"],"picked":"Blur","floor":8},{"not_picked":["Predator","Dodge and Roll"],"picked":"Cloak And Dagger","floor":11},{"not_picked":["Catalyst","Outmaneuver","All Out Attack"],"picked":"SKIP","floor":12},{"not_picked":["Wraith Form v2","Deflect"],"picked":"Backflip","floor":13},{"not_picked":["Deadly Poison","Tactician"],"picked":"Dodge and Roll","floor":14},{"not_picked":["Venomology","Storm of Steel"],"picked":"Adrenaline","floor":16},{"not_picked":["Deadly Poison","All Out Attack"],"picked":"Heel Hook","floor":18},{"not_picked":["Masterful Stab","Well Laid Plans"],"picked":"Blur","floor":19},{"not_picked":["Dagger Spray","Underhanded Strike+1"],"picked":"Dash","floor":20},{"not_picked":["Dagger Throw","Dash+1"],"picked":"Footwork+1","floor":21}],"player_experience":433512,"relics_obtained":[{"floor":7,"key":"Kunai"},{"floor":9,"key":"Bottled Tornado"},{"floor":13,"key":"Paper Crane"},{"floor":20,"key":"Red Mask"}],"event_choices":[{"event_name":"World of Goop","player_choice":"Gather Gold","floor":2,"damage_taken":0},{"event_name":"Golden Wing","player_choice":"Card Removal","floor":3,"damage_taken":0},{"event_name":"Accursed Blacksmith","player_choice":"Rummage","floor":4,"damage_taken":0},{"event_name":"Living Wall","player_choice":"Grow","floor":10,"damage_taken":0},{"event_name":"Masked Bandits","player_choice":"Fought Bandits","floor":20,"damage_taken":0},{"event_name":"Back to Basics","player_choice":"Simplicity","floor":24,"damage_taken":0}],"is_beta":false,"boss_relics":[{"not_picked":["Snecko Eye","Astrolabe"],"picked":"Ring of the Serpent"}],"items_purged_floors":[5,22],"is_endless":false,"potions_floor_spawned":[1,11,13,14,19,21],"killed_by":"Gremlin Leader","ascension_level":10}