{"path_per_floor":["M","?","M","?","M","R","E","R","T","M","M","$","M","$","R","B",null,"M","?","?","M","?","R","$","E","T","R","M","?","M","M","R","B",null,"M","?","?","M","?","E","R","$","T","R","E","R","M","M","R","B"],"character_chosen":"IRONCLAD","items_purchased":["Inflame","Limit Break","Mercury Hourglass","Regen Potion","Block Potion","Block Potion","Shuriken"],"gold_per_floor":[113,113,130,130,146,146,184,184,184,202,216,166,180,97,97,221,221,246,246,246,267,267,267,136,180,180,180,198,198,223,241,241,366,366,391,391,724,739,739,765,765,75,75,75,103,103,114,132,132,132],"floor_reached":51,"campfire_rested":4,"playtime":1180,"current_hp_per_floor":[68,65,57,57,62,62,33,53,53,59,52,52,47,47,47,25,57,51,51,51,57,57,57,57,63,63,63,59,59,55,63,63,37,60,39,39,39,37,37,18,38,38,45,67,69,69,61,61,74,20],"items_purged":["Defend_R","Defend_R","Strike_R","Strike_R"],"gold":132,"score":1055,"play_id":"f1230033-35b9-4382-84e7-bdc67eaad550","local_time":"20180328133153","is_prod":false,"is_daily":false,"is_ascension_mode":true,"campfire_upgraded":6,"timestamp":1522258313,"path_taken":["M","?","?","?","M","R","E","R","T","M","M","$","M","$","R","BOSS","M","?","?","M","?","R","$","E","T","R","M","?","?","M","R","BOSS","M","?","?","?","?","E","R","$","T","R","E","R","M","?","R","BOSS"],"build_version":"2018-03-22v2","purchased_purges":4,"victory":true,"master_deck":["Strike_R+1","Strike_R+1","Bash+1","Rampage","Whirlwind+1","Clash+1","Inflame+1","Limit Break+1","Whirlwind+1","Thunderclap+1","Inflame+1"],"max_hp_per_floor":[72,72,72,67,67,67,67,67,67,67,67,67,67,67,67,67,67,67,67,67,67,67,67,67,67,67,67,67,67,67,67,67,67,67,67,67,67,67,67,67,67,67,74,74,74,74,74,74,74,74],"relics":["Burning Blood","Smiling Mask","Bag of Marbles","Gambling Chip","Runic Dome","Blood Vial","Ice Cream","Runic Cube","Champion Belt","Mercury Hourglass","Shuriken","Strawberry","Bag of Preparation"],"card_choices":[{"not_picked":["Corruption","Ghostly Armor"],"picked":"Rampage","floor":1},{"not_picked":["Corruption","Anger"],"picked":"Cleave","floor":3},{"not_picked":["Uppercut","Clothesline"],"picked":"Whirlwind","floor":5},{"not_picked":["Anger","Clothesline"],"picked":"Clash","floor":11},{"not_picked":["Body Slam","Pommel Strike"],"picked":"Thunderclap","floor":47},{"not_picked":["Uppercut","Heavy Blade"],"picked":"Inflame","floor":48}],"player_experience":203975,"potions_floor_usage":[7,7,21,30,33,45,50,50],"damage_taken":[{"damage":10,"enemies":"Small Slimes","floor":1,"turns":3},{"damage":14,"enemies":"Jaw Worm","floor":3,"turns":3},{"damage":1,"enemies":"Cultist","floor":5,"turns":3},{"damage":35,"enemies":"Lagavulin","floor":7,"turns":5},{"damage":0,"enemies":"3 Louse","floor":10,"turns":1},{"damage":13,"enemies":"Blue Slaver","floor":11,"turns":2},{"damage":11,"enemies":"Looter","floor":13,"turns":2},{"damage":28,"enemies":"Slime Boss","floor":16,"turns":4},{"damage":12,"enemies":"Chosen","floor":18,"turns":3},{"damage":0,"enemies":"2 Thieves","floor":21,"turns":2},{"damage":0,"enemies":"Gremlin Leader","floor":25,"turns":3},{"damage":12,"enemies":"Cultist and Chosen","floor":28,"turns":2},{"damage":12,"enemies":"Snake Plant","floor":30,"turns":3},{"damage":0,"enemies":"3 Cultists","floor":31,"turns":2},{"damage":34,"enemies":"Automaton","floor":33,"turns":5},{"damage":29,"enemies":"Orb Walker","floor":35,"turns":3},{"damage":10,"enemies":"3 Darklings","floor":38,"turns":2},{"damage":27,"enemies":"2 Orb Walkers","floor":40,"turns":2},{"damage":18,"enemies":"Giant Head","floor":45,"turns":5},{"damage":16,"enemies":"4 Shapes","floor":47,"turns":2},{"damage":8,"enemies":"Sphere and 2 Shapes","floor":48,"turns":2},{"damage":60,"enemies":"Donu and Deca","floor":50,"turns":4}],"event_choices":[{"event_name":"Scrap Ooze","player_choice":"success","floor":2,"damage_taken":3},{"event_name":"Golden Idol","player_choice":"Lose Max HP","floor":4,"damage_taken":0},{"event_name":"Cursed Tome","player_choice":"Ignored","floor":19,"damage_taken":0},{"event_name":"Back to Basics","player_choice":"Simplicity","floor":20,"damage_taken":0},{"event_name":"N\u0027loth","player_choice":"Ignored","floor":22,"damage_taken":0},{"event_name":"Transmorgrifier","player_choice":"Transform","floor":29,"damage_taken":0},{"event_name":"The Lab","player_choice":"Got Potions","floor":36,"damage_taken":0},{"event_name":"The Moai Head","player_choice":"Gave Idol","floor":37,"damage_taken":0},{"event_name":"Purifier","player_choice":"One Purge","floor":39,"damage_taken":0}],"boss_relics":[{"not_picked":["Calling Bell","Mark of Pain"],"picked":"Runic Dome"},{"not_picked":["Runic Pyramid","Pandora\u0027s Box"],"picked":"Runic Cube"}],"potions_floor_spawned":[1,3,5,13,16,21,25,30,33,40],"seed_played":"-4885763101443419420","ascension_level":8,"is_trial":false}