{"gold_per_floor":[114,289,364,382,382,407,102,102,102,102,117,117,17,17,17,116,116,131,146,21,21,21,51,51,78,78,78,94,94,13,28,28,131,181,199,217,217,13,30,57,57,57,57,70,70,97,108,124,124,124],"floor_reached":50,"playtime":3361,"items_purged":["Doubt","Strike_G","Strike_G"],"score":561,"play_id":"57ed2ba5-698e-45a0-9de2-f49744f6e29a","local_time":"20190321232120","is_ascension_mode":false,"campfire_choices":[{"floor":10,"key":"REST"},{"data":"Neutralize","floor":12,"key":"SMITH"},{"floor":15,"key":"REST"},{"data":"Burst","floor":24,"key":"SMITH"},{"data":"Crippling Poison","floor":27,"key":"SMITH"},{"data":"Poisoned Stab","floor":29,"key":"SMITH"},{"floor":32,"key":"REST"},{"data":"Venomology","floor":41,"key":"SMITH"},{"data":"Backflip","floor":45,"key":"SMITH"},{"floor":49,"key":"REST"}],"neow_cost":"NONE","seed_source_timestamp":441614383816400,"circlet_count":0,"master_deck":["Defend_G","Defend_G","Defend_G+1","Defend_G","Defend_G+1","Strike_G","Strike_G","Strike_G","Survivor","Neutralize+1","Poisoned Stab+1","Poisoned Stab","Poisoned Stab","Crippling Poison+1","Cloak And Dagger","Bouncing Flask","Burst+1","Cloak And Dagger+1","Footwork","Flying Knee","Sucker Punch+1","Catalyst+1","Bane","Backflip+1","Venomology+1","Well Laid Plans","Backflip+1","Backstab","Prepared+1","Neutralize","Leg Sweep","Catalyst+1","Backstab+1"],"relics":["Ring of the Snake","Dream Catcher","Letter Opener","Bottled Flame","Omamori","Dodecahedron","Black Star","Snake Skull","Ancient Tea Set","Bag of Marbles","PreservedInsect","Question Card","Tiny House","Lee\u0027s Waffle","Oddly Smooth Stone","Matryoshka","Molten Egg 2","Paper Crane","Incense Burner","Du-Vu Doll"],"potions_floor_usage":[23,23,31,33,35,35,36,37,37,37,37,39,44,44,46,46,50,50],"damage_taken":[{"damage":0,"enemies":"Small Slimes","floor":1,"turns":4},{"damage":0,"enemies":"Jaw Worm","floor":4,"turns":5},{"damage":28,"enemies":"Gremlin Nob","floor":6,"turns":5},{"damage":0,"enemies":"2 Louse","floor":11,"turns":2},{"damage":20,"enemies":"The Guardian","floor":16,"turns":10},{"damage":0,"enemies":"3 Byrds","floor":18,"turns":4},{"damage":0,"enemies":"Spheric Guardian","floor":19,"turns":2},{"damage":9,"enemies":"Gremlin Leader","floor":23,"turns":6},{"damage":10,"enemies":"Book of Stabbing","floor":25,"turns":5},{"damage":0,"enemies":"Snecko","floor":28,"turns":3},{"damage":7,"enemies":"3 Cultists","floor":31,"turns":6},{"damage":45,"enemies":"Champ","floor":33,"turns":10},{"damage":10,"enemies":"3 Shapes","floor":35,"turns":3},{"damage":9,"enemies":"Orb Walker","floor":36,"turns":4},{"damage":0,"enemies":"2 Orb Walkers","floor":37,"turns":3},{"damage":0,"enemies":"Transient","floor":39,"turns":5},{"damage":9,"enemies":"Giant Head","floor":40,"turns":2},{"damage":11,"enemies":"Sphere and 2 Shapes","floor":44,"turns":4},{"damage":2,"enemies":"Reptomancer","floor":46,"turns":3},{"damage":15,"enemies":"3 Darklings","floor":47,"turns":4},{"damage":26,"enemies":"Spire Growth","floor":48,"turns":4},{"damage":69,"enemies":"Time Eater","floor":50,"turns":9}],"seed_played":"-7471931615130909311","potions_obtained":[{"floor":6,"key":"LiquidBronze"},{"floor":11,"key":"Ancient Potion"},{"floor":18,"key":"Strength Potion"},{"floor":19,"key":"AttackPotion"},{"floor":25,"key":"Fire Potion"},{"floor":34,"key":"Poison Potion"},{"floor":35,"key":"EssenceOfSteel"},{"floor":39,"key":"SteroidPotion"},{"floor":40,"key":"Fire Potion"},{"floor":46,"key":"FairyPotion"},{"floor":48,"key":"Weak Potion"}],"is_trial":false,"path_per_floor":["M","?","?","M","T","E","$","?","T","R","M","R","$","$","R","B",null,"M","M","$","?","$","E","R","E","T","R","M","R","$","M","R","B",null,"M","M","?","$","M","E","R","?","T","M","R","E","M","M","R","B"],"character_chosen":"THE_SILENT","items_purchased":["Crippling Poison","Omamori","Catalyst","Lee\u0027s Waffle"],"campfire_rested":4,"item_purchase_floors":[7,7,30,38],"current_hp_per_floor":[70,70,59,59,59,31,31,17,17,38,38,38,38,38,59,39,70,70,70,70,70,70,61,61,51,51,51,51,51,51,44,65,20,75,65,56,56,82,82,73,73,73,73,67,67,65,50,24,48,0],"gold":124,"neow_bonus":"RANDOM_COMMON_RELIC","is_prod":false,"is_daily":false,"chose_seed":false,"campfire_upgraded":6,"win_rate":0.0,"timestamp":1553224880,"path_taken":["M","?","?","M","?","E","$","?","T","R","M","R","?","$","R","BOSS","M","M","?","?","$","E","R","E","T","R","M","R","$","M","R","BOSS","M","M","?","$","M","E","R","?","T","M","R","E","M","M","R","BOSS"],"build_version":"2019-01-23","purchased_purges":3,"victory":false,"max_hp_per_floor":[70,70,70,70,70,70,70,70,70,70,70,70,70,70,70,70,70,70,70,70,70,70,70,70,70,70,70,70,70,70,70,70,70,75,75,75,75,82,82,82,82,82,82,82,82,82,82,82,82,82],"card_choices":[{"not_picked":["Quick Slash","Heel Hook"],"picked":"Poisoned Stab","floor":1},{"not_picked":["Finisher","Deadly Poison"],"picked":"Poisoned Stab","floor":4},{"not_picked":["Tools of the Trade","Acrobatics"],"picked":"Poisoned Stab","floor":6},{"not_picked":["Flying Knee","Eviscerate"],"picked":"Cloak And Dagger","floor":10},{"not_picked":["Deflect","Cloak And Dagger"],"picked":"Bouncing Flask","floor":11},{"not_picked":["Storm of Steel","Glass Knife"],"picked":"Burst","floor":16},{"not_picked":["Outmaneuver+1","Deflect"],"picked":"Cloak And Dagger+1","floor":18},{"not_picked":["Masterful Stab","Predator"],"picked":"Footwork","floor":19},{"not_picked":["Tactician","Acrobatics"],"picked":"Flying Knee","floor":23},{"not_picked":["Prepared","Outmaneuver+1","Cloak And Dagger"],"picked":"SKIP","floor":25},{"not_picked":["Finisher","Malaise","Escape Plan+1"],"picked":"Sucker Punch+1","floor":28},{"not_picked":["Deflect+1","Backstab","Reflex"],"picked":"Bane","floor":31},{"not_picked":["Dagger Spray","Infinite Blades","Dagger Throw+1"],"picked":"Backflip","floor":32},{"not_picked":["Bullet Time","Burst","Unload"],"picked":"Venomology","floor":33},{"not_picked":["Deflect","Blade Dance","Dagger Throw"],"picked":"Well Laid Plans","floor":34},{"not_picked":["Flying Knee","Calculated Gamble+1","Dodge and Roll","Poisoned Stab"],"picked":"SKIP","floor":35},{"not_picked":["Heel Hook+1","Skewer+1","Predator+1"],"picked":"Backflip+1","floor":36},{"not_picked":["Dagger Spray","Infinite Blades+1","Crippling Poison+1"],"picked":"Backstab","floor":39},{"not_picked":["Venomology","Bane+1","Sucker Punch"],"picked":"Prepared+1","floor":40},{"not_picked":["Infinite Blades+1","Poisoned Stab+1","Quick Slash+1","Leg Sweep"],"picked":"SKIP","floor":44},{"not_picked":["Outmaneuver+1","Blade Dance+1","Storm of Steel"],"picked":"Leg Sweep","floor":46},{"not_picked":["Dagger Throw+1","Underhanded Strike+1","Flying Knee+1"],"picked":"Catalyst+1","floor":47},{"not_picked":["Underhanded Strike+1","Accuracy+1","Dagger Spray+1","Backflip"],"picked":"SKIP","floor":48},{"not_picked":["Slice+1","Predator+1","Flechettes+1"],"picked":"Backstab+1","floor":49}],"player_experience":45602,"relics_obtained":[{"floor":5,"key":"Letter Opener"},{"floor":6,"key":"Bottled Flame"},{"floor":9,"key":"Dodecahedron"},{"floor":23,"key":"Snake Skull"},{"floor":23,"key":"Ancient Tea Set"},{"floor":25,"key":"Bag of Marbles"},{"floor":25,"key":"PreservedInsect"},{"floor":26,"key":"Question Card"},{"floor":40,"key":"Oddly Smooth Stone"},{"floor":40,"key":"Matryoshka"},{"floor":43,"key":"Molten Egg 2"},{"floor":43,"key":"Paper Crane"},{"floor":46,"key":"Incense Burner"},{"floor":46,"key":"Du-Vu Doll"}],"event_choices":[{"damage_healed":0,"gold_gain":175,"player_choice":"AGREE","damage_taken":0,"max_hp_gain":0,"max_hp_loss":0,"event_name":"Liars Game","floor":2,"gold_loss":0,"cards_obtained":["Doubt"]},{"damage_healed":0,"gold_gain":75,"player_choice":"Gather Gold","damage_taken":11,"max_hp_gain":0,"max_hp_loss":0,"event_name":"World of Goop","floor":3,"gold_loss":0},{"damage_healed":0,"gold_gain":0,"player_choice":"Entered Light","damage_taken":14,"max_hp_gain":0,"max_hp_loss":0,"event_name":"Shining Light","floor":8,"gold_loss":0,"cards_upgraded":["Defend_G","Defend_G"]},{"damage_healed":0,"gold_gain":0,"player_choice":"Ignored","damage_taken":0,"max_hp_gain":0,"max_hp_loss":0,"event_name":"Beggar","floor":21,"gold_loss":0},{"damage_healed":0,"gold_gain":0,"player_choice":"Fight","damage_taken":0,"max_hp_gain":0,"max_hp_loss":0,"event_name":"Mysterious Sphere","floor":37,"gold_loss":0},{"damage_healed":0,"gold_gain":0,"player_choice":"1 cards matched","damage_taken":0,"max_hp_gain":0,"max_hp_loss":0,"event_name":"Match and Keep!","floor":42,"gold_loss":0,"cards_obtained":["Neutralize"]}],"is_beta":false,"boss_relics":[{"not_picked":["Eternal Feather","White Beast Statue"],"picked":"Black Star"},{"not_picked":["Coffee Dripper","Runic Dome"],"picked":"Tiny House"}],"items_purged_floors":[7,13,20],"is_endless":false,"potions_floor_spawned":[6,11,18,19,25,35,39,40,46,48],"killed_by":"Time Eater","ascension_level":0}