{"gold_per_floor":[15,15,25,43,55,6,6,17,17,17,29,43,43,61,61,165,165,176,101,119,119,134,134,134],"floor_reached":24,"playtime":725,"items_purged":[],"score":192,"play_id":"90bd21c0-72f2-4e4c-a6e5-072e0873b97c","local_time":"20180626183550","is_ascension_mode":false,"campfire_choices":[{"data":"Redo","floor":7,"key":"SMITH"},{"data":"Electrodynamics","floor":15,"key":"SMITH"},{"data":"White Noise","floor":23,"key":"SMITH"}],"neow_cost":"NO_GOLD","seed_source_timestamp":376079954369132,"circlet_count":0,"master_deck":["Strike_B","Strike_B","Strike_B","Defend_B","Defend_B","Defend_B","Defend_B","Zap","Dualcast","Electrodynamics+1","Steam","Redo+1","Conserve Battery","Conserve Battery","Double Energy","White Noise+1","Seek","Steam+1"],"relics":["Cracked Core","Busted Crown"],"potions_floor_usage":[16,16,16,24,24],"damage_taken":[{"damage":1,"enemies":"2 Louse","floor":1,"turns":2},{"damage":2,"enemies":"Small Slimes","floor":3,"turns":3},{"damage":7,"enemies":"Jaw Worm","floor":4,"turns":3},{"damage":11,"enemies":"Blue Slaver","floor":5,"turns":3},{"damage":0,"enemies":"3 Louse","floor":8,"turns":2},{"damage":0,"enemies":"Exordium Thugs","floor":11,"turns":3},{"damage":0,"enemies":"2 Fungi Beasts","floor":12,"turns":2},{"damage":0,"enemies":"Lots of Slimes","floor":14,"turns":1},{"damage":17,"enemies":"The Guardian","floor":16,"turns":10},{"damage":16,"enemies":"2 Thieves","floor":18,"turns":3},{"damage":12,"enemies":"Spheric Guardian","floor":20,"turns":4},{"damage":0,"enemies":"Cultist and Chosen","floor":22,"turns":3},{"damage":37,"enemies":"Book of Stabbing","floor":24,"turns":5}],"seed_played":"8098538057258173679","potions_obtained":[{"floor":1,"key":"LiquidBronze"},{"floor":5,"key":"Poison Potion"},{"floor":11,"key":"Explosive Potion"},{"floor":12,"key":"Fire Potion"},{"floor":14,"key":"Weak Potion"},{"floor":16,"key":"FocusPotion"},{"floor":18,"key":"Explosive Potion"}],"is_trial":false,"path_per_floor":["M","?","M","M","M","$","R","M","T","?","M","M","?","M","R","B",null,"M","?","M","?","M","R"],"character_chosen":"DEFECT","items_purchased":["Conserve Battery"],"campfire_rested":0,"item_purchase_floors":[6],"current_hp_per_floor":[74,74,72,65,54,54,54,54,54,54,54,54,59,59,59,42,80,64,64,52,37,37,37,0],"gold":134,"neow_bonus":"THREE_RARE_CARDS","is_prod":false,"is_daily":false,"chose_seed":false,"campfire_upgraded":3,"win_rate":0,"timestamp":1530048950,"path_taken":["M","?","M","M","M","$","R","M","T","?","?","M","?","M","R","BOSS","M","?","?","?","M","R","E"],"build_version":"2018-06-21v2","purchased_purges":0,"victory":false,"max_hp_per_floor":[75,75,75,75,75,75,75,75,75,75,75,75,80,80,80,80,80,80,80,80,85,85,85,85],"card_choices":[{"not_picked":["Core Surge","Thunder Strike"],"picked":"Electrodynamics","floor":0},{"not_picked":["Loop","Compile Driver"],"picked":"Steam","floor":1},{"not_picked":["Coolheaded","Consume"],"picked":"Redo","floor":3},{"not_picked":["Barrage","Doom and Gloom"],"picked":"Conserve Battery","floor":4},{"not_picked":["Hologram","Static Discharge","Gash"],"picked":"SKIP","floor":5},{"not_picked":["Lockon","Rip and Tear","Hologram"],"picked":"SKIP","floor":8},{"not_picked":["Doom and Gloom","Streamline"],"picked":"Double Energy","floor":11},{"not_picked":["Lockon","Streamline"],"picked":"White Noise","floor":12},{"not_picked":["Hologram","Multi-Cast","Beam Cell"],"picked":"SKIP","floor":14},{"not_picked":["Buffer","Hyperbeam"],"picked":"Seek","floor":16},{"not_picked":["Hologram"],"picked":"SKIP","floor":18},{"not_picked":[],"picked":"Steam+1","floor":20},{"not_picked":["Steam Power+1"],"picked":"SKIP","floor":22}],"player_experience":158409,"relics_obtained":[],"event_choices":[{"event_name":"The Cleric","player_choice":"Leave","floor":2,"damage_taken":0},{"event_name":"Dead Adventurer","player_choice":"Searched \u00270\u0027 times","floor":10,"damage_taken":0},{"event_name":"Big Fish","player_choice":"Donut","floor":13,"damage_taken":0},{"event_name":"Beggar","player_choice":"Gave Gold","floor":19,"damage_taken":0},{"event_name":"Forgotten Altar","player_choice":"Shed Blood","floor":21,"damage_taken":0}],"boss_relics":[{"not_picked":["Eternal Feather","Orrery"],"picked":"Busted Crown"}],"items_purged_floors":[],"is_endless":false,"potions_floor_spawned":[1,5,11,12,14,16,18],"killed_by":"Book of Stabbing","ascension_level":0}