{"gold_per_floor":[110,110,35,35,35,35,63,74,99,99,112,142,32,49,49,49],"floor_reached":16,"playtime":616,"items_purged":[],"score":266,"play_id":"bfd81afd-82d1-4aec-ba69-f656ad6bd289","local_time":"20190327234049","is_ascension_mode":true,"campfire_choices":[{"data":"Endless Agony","floor":6,"key":"SMITH"},{"data":"Poisoned Stab","floor":10,"key":"SMITH"},{"data":"Noxious Fumes","floor":15,"key":"SMITH"}],"neow_cost":"NONE","seed_source_timestamp":271866999545113,"circlet_count":0,"master_deck":["AscendersBane","Defend_G","Defend_G","Defend_G","Defend_G","Defend_G","Strike_G","Strike_G","Strike_G","Survivor","Neutralize+1","Endless Agony+1","Flying Knee","Poisoned Stab+1","Unload","Noxious Fumes+1","Backflip","Leg Sweep","Caltrops"],"relics":["Ring of the Snake","NeowsBlessing","Incense Burner","Bag of Marbles","The Courier"],"potions_floor_usage":[16],"damage_taken":[{"damage":0,"enemies":"2 Louse","floor":1,"turns":1},{"damage":0,"enemies":"Gremlin Nob","floor":7,"turns":1},{"damage":0,"enemies":"Small Slimes","floor":8,"turns":1},{"damage":2,"enemies":"Jaw Worm","floor":11,"turns":3},{"damage":27,"enemies":"3 Sentries","floor":12,"turns":8},{"damage":0,"enemies":"Looter","floor":14,"turns":2},{"damage":44,"enemies":"Slime Boss","floor":16,"turns":8}],"seed_played":"-5504403427102986277","potions_obtained":[{"floor":1,"key":"FairyPotion"},{"floor":14,"key":"AttackPotion"}],"is_trial":false,"path_per_floor":["M","?","?","?","?","R","E","M","T","R","M","E","$","M","R","B"],"character_chosen":"THE_SILENT","items_purchased":["Backflip","Leg Sweep"],"campfire_rested":0,"item_purchase_floors":[13,13],"current_hp_per_floor":[59,52,52,52,52,52,52,52,52,52,50,23,23,23,23,0],"gold":49,"neow_bonus":"THREE_ENEMY_KILL","is_prod":false,"is_daily":false,"chose_seed":false,"campfire_upgraded":3,"win_rate":0,"timestamp":1553722849,"path_taken":["M","?","?","?","?","R","E","M","T","R","M","E","$","M","R","BOSS"],"build_version":"2019-01-23","purchased_purges":0,"victory":false,"max_hp_per_floor":[66,66,66,66,66,66,66,66,66,66,66,66,66,66,66,66],"card_choices":[{"not_picked":["Tactician","Eviscerate"],"picked":"Endless Agony","floor":1},{"not_picked":["Outmaneuver","Backflip"],"picked":"Flying Knee","floor":7},{"not_picked":["Blade Dance","Cloak And Dagger"],"picked":"Poisoned Stab","floor":8},{"not_picked":["Bane","Quick Slash"],"picked":"Unload","floor":11},{"not_picked":["Acrobatics","Finisher"],"picked":"Noxious Fumes","floor":12},{"not_picked":["Dagger Throw","Acrobatics"],"picked":"Caltrops","floor":14}],"player_experience":1618287,"relics_obtained":[{"floor":7,"key":"Incense Burner"},{"floor":9,"key":"Bag of Marbles"},{"floor":12,"key":"The Courier"}],"event_choices":[{"cards_removed":["Strike_G"],"damage_healed":0,"gold_gain":0,"player_choice":"Card Removal","damage_taken":7,"max_hp_gain":0,"max_hp_loss":0,"event_name":"Golden Wing","floor":2,"gold_loss":0},{"cards_removed":["Strike_G"],"damage_healed":0,"gold_gain":0,"player_choice":"Card Removal","damage_taken":0,"max_hp_gain":0,"max_hp_loss":0,"event_name":"The Cleric","floor":3,"gold_loss":75},{"damage_healed":0,"gold_gain":0,"player_choice":"Ignored","damage_taken":0,"max_hp_gain":0,"max_hp_loss":0,"event_name":"Liars Game","floor":4,"gold_loss":0},{"damage_healed":0,"gold_gain":0,"player_choice":"Grow","damage_taken":0,"max_hp_gain":0,"max_hp_loss":0,"event_name":"Living Wall","floor":5,"gold_loss":0,"cards_upgraded":["Neutralize"]}],"is_beta":false,"boss_relics":[],"items_purged_floors":[],"is_endless":false,"potions_floor_spawned":[1,14],"killed_by":"Slime Boss","ascension_level":20}