{"gold_per_floor":[116,132,132,132,132,144,184,196,232,260,285,297,309,331,343,355],"floor_reached":16,"playtime":718,"items_purged":[],"score":130,"play_id":"11bce0b3-7316-4e20-818d-cdade8aed871","local_time":"20180902023453","is_ascension_mode":true,"campfire_choices":[{"data":"Neutralize","floor":6,"key":"SMITH"},{"floor":8,"key":"REST"},{"data":"Well Laid Plans","floor":12,"key":"SMITH"},{"data":"Jack Of All Trades","floor":15,"key":"SMITH"}],"neow_cost":"PERCENT_DAMAGE","seed_source_timestamp":972610392934008,"circlet_count":0,"master_deck":["Defend_G","Defend_G","Defend_G","Defend_G","Defend_G","Strike_G+1","Strike_G+1","Strike_G","Strike_G","Strike_G","Survivor","Neutralize+1","Acrobatics","Well Laid Plans+1","Quick Slash","Jack Of All Trades+1"],"relics":["Ring of the Snake","Orichalcum","MawBank","Whetstone","Bag of Preparation"],"potions_floor_usage":[16,16,16],"damage_taken":[{"damage":4,"enemies":"Jaw Worm","floor":1,"turns":7},{"damage":0,"enemies":"2 Louse","floor":2,"turns":3},{"damage":44,"enemies":"Gremlin Nob","floor":7,"turns":6},{"damage":0,"enemies":"Small Slimes","floor":10,"turns":4},{"damage":2,"enemies":"Red Slaver","floor":11,"turns":4},{"damage":6,"enemies":"3 Louse","floor":14,"turns":3},{"damage":54,"enemies":"Slime Boss","floor":16,"turns":9}],"seed_played":"-7132294669027177367","potions_obtained":[{"floor":2,"key":"Weak Potion"},{"floor":10,"key":"SkillPotion"},{"floor":14,"key":"Dexterity Potion"}],"is_trial":false,"path_per_floor":["M","M","?","T","?","R","E","R","T","M","M","R","?","M","R"],"character_chosen":"THE_SILENT","items_purchased":[],"campfire_rested":1,"item_purchase_floors":[],"current_hp_per_floor":[52,52,80,80,80,80,36,61,61,61,59,59,59,53,53,0],"gold":355,"neow_bonus":"TWENTY_PERCENT_HP_BONUS","is_prod":false,"is_daily":false,"chose_seed":false,"campfire_upgraded":3,"win_rate":0,"timestamp":1535852093,"path_taken":["M","M","?","?","?","R","E","R","T","?","M","R","?","M","R","BOSS"],"build_version":"2018-08-30","purchased_purges":0,"victory":false,"max_hp_per_floor":[84,84,84,84,84,84,84,84,84,84,84,84,84,84,84,84],"card_choices":[{"not_picked":["Deflect","Reflex","Poisoned Stab"],"picked":"SKIP","floor":1},{"not_picked":["Dagger Throw","Deflect"],"picked":"Outmaneuver","floor":2},{"not_picked":["Glass Knife","Crippling Poison"],"picked":"Acrobatics","floor":7},{"not_picked":["Blade Dance","Prepared","Slice"],"picked":"SKIP","floor":10},{"not_picked":["Setup","Cloak And Dagger"],"picked":"Well Laid Plans","floor":11},{"not_picked":["Sucker Punch","Dagger Spray","Underhanded Strike"],"picked":"SKIP","floor":14}],"player_experience":299913,"relics_obtained":[{"floor":4,"key":"Orichalcum"},{"floor":7,"key":"Whetstone"},{"floor":9,"key":"Bag of Preparation"}],"event_choices":[{"event_name":"Big Fish","player_choice":"Banana","floor":3,"damage_taken":0},{"event_name":"WeMeetAgain","player_choice":"Card","floor":5,"damage_taken":0},{"event_name":"Match and Keep!","player_choice":"2 cards matched","floor":13,"damage_taken":0}],"is_beta":false,"boss_relics":[],"items_purged_floors":[],"is_endless":false,"potions_floor_spawned":[2,10,14],"killed_by":"Slime Boss","ascension_level":6}