{"gold_per_floor":[116,66,66,14,32,60,60,80,80,1,1,1,26,40,40,111,111,124,74,89,119,28,28,56,28,55,67,67,93,104,137,137,209,259,279,292,292,62,62],"floor_reached":39,"playtime":2706,"items_purged":["Writhe"],"score":768,"play_id":"48402544-d5e4-4e2e-baa6-70b808756bc9","local_time":"20190106150637","is_ascension_mode":true,"campfire_choices":[{"data":"Neutralize","floor":7,"key":"SMITH"},{"data":"Noxious Fumes","floor":12,"key":"SMITH"},{"data":"Footwork","floor":15,"key":"SMITH"},{"data":"Infinite Blades","floor":23,"key":"SMITH"},{"floor":28,"key":"REST"},{"floor":32,"key":"RECALL"}],"neow_cost":"NONE","seed_source_timestamp":52447181940200,"circlet_count":0,"master_deck":["AscendersBane","Defend_G","Defend_G+1","Defend_G","Defend_G","Defend_G","Strike_G","Strike_G","Strike_G","Survivor","Neutralize+1","Backflip","Flying Knee","Dodge and Roll","Heel Hook","Flying Knee","Noxious Fumes+1","Footwork+1","Heel Hook","Die Die Die","Distraction","Infinite Blades+1","Blur","Well Laid Plans","Footwork","Cloak And Dagger","Bullet Time","Deadly Poison","Catalyst","Backstab+1","Doppelganger","Choke"],"relics":["Ring of the Snake","NeowsBlessing","Peace Pipe","Dead Branch","The Courier","Black Star","Tiny Chest","Thread and Needle","Regal Pillow","Bag of Marbles","Snake Skull","Bottled Lightning","Tiny House","The Specimen"],"potions_floor_usage":[1,14,24,24,33,33,35],"damage_taken":[{"damage":0,"enemies":"2 Louse","floor":1,"turns":1},{"damage":0,"enemies":"Small Slimes","floor":5,"turns":1},{"damage":0,"enemies":"3 Sentries","floor":6,"turns":1},{"damage":0,"enemies":"Cultist","floor":8,"turns":5},{"damage":14,"enemies":"Lagavulin","floor":13,"turns":8},{"damage":8,"enemies":"Lots of Slimes","floor":14,"turns":5},{"damage":1,"enemies":"The Guardian","floor":16,"turns":12},{"damage":7,"enemies":"2 Thieves","floor":18,"turns":5},{"damage":1,"enemies":"Shell Parasite","floor":20,"turns":8},{"damage":14,"enemies":"Book of Stabbing","floor":24,"turns":8},{"damage":15,"enemies":"Snecko","floor":27,"turns":6},{"damage":3,"enemies":"3 Cultists","floor":30,"turns":5},{"damage":38,"enemies":"Gremlin Leader","floor":31,"turns":6},{"damage":33,"enemies":"Champ","floor":33,"turns":17},{"damage":2,"enemies":"Orb Walker","floor":35,"turns":7},{"damage":21,"enemies":"3 Darklings","floor":36,"turns":9},{"damage":45,"enemies":"Transient","floor":39,"turns":4}],"seed_played":"-3154052430131590252","potions_obtained":[{"floor":1,"key":"Fruit Juice"},{"floor":8,"key":"Block Potion"},{"floor":13,"key":"EssenceOfSteel"},{"floor":16,"key":"GhostInAJar"},{"floor":30,"key":"SpeedPotion"},{"floor":31,"key":"Swift Potion"},{"floor":34,"key":"Dexterity Potion"},{"floor":36,"key":"Swift Potion"}],"is_trial":false,"path_per_floor":["M","?","?","$","M","E","R","M","T","$","?","R","E","M","R","B",null,"M","?","M","?","$","R","E","$","T","M","R","T","M","E","R","B",null,"M","M","?","$","M"],"character_chosen":"THE_SILENT","items_purchased":["Flying Knee","Noxious Fumes","Infinite Blades","Well Laid Plans","The Specimen"],"campfire_rested":1,"item_purchase_floors":[4,10,22,25,38],"current_hp_per_floor":[68,68,68,68,68,68,68,68,68,68,73,73,59,51,51,50,73,66,66,65,65,65,65,51,51,51,36,75,75,72,34,34,1,65,63,42,42,42,0],"gold":62,"neow_bonus":"THREE_ENEMY_KILL","is_prod":false,"is_daily":false,"chose_seed":false,"campfire_upgraded":4,"win_rate":0,"timestamp":1546787197,"path_taken":["M","?","?","$","M","E","R","?","T","?","?","R","E","M","R","BOSS","M","?","?","?","$","R","E","?","T","M","R","?","M","E","R","BOSS","M","M","?","$","M"],"build_version":"2019-01-03v4","purchased_purges":1,"victory":false,"max_hp_per_floor":[75,75,75,75,75,75,75,75,75,75,80,80,80,80,80,80,80,80,80,80,80,80,80,80,80,80,80,80,80,80,80,80,80,85,85,85,85,85,85],"card_choices":[{"not_picked":["Distraction","Underhanded Strike"],"picked":"Backflip","floor":1},{"not_picked":["Underhanded Strike","Expertise"],"picked":"Dodge and Roll","floor":5},{"not_picked":["Concentrate","Quick Slash"],"picked":"Heel Hook","floor":6},{"not_picked":["Dagger Spray","Prepared"],"picked":"Flying Knee","floor":8},{"not_picked":["Dodge and Roll","Leg Sweep"],"picked":"Footwork","floor":13},{"not_picked":["Poisoned Stab","Slice"],"picked":"Heel Hook","floor":14},{"not_picked":["A Thousand Cuts","Phantasmal Killer"],"picked":"Die Die Die","floor":16},{"not_picked":["Blade Dance","Eviscerate"],"picked":"Distraction","floor":18},{"not_picked":["Prepared","Flying Knee","Underhanded Strike"],"picked":"SKIP","floor":20},{"not_picked":["All Out Attack","Backflip"],"picked":"Blur","floor":24},{"not_picked":["Sucker Punch","Flechettes"],"picked":"Footwork","floor":27},{"not_picked":["Dagger Spray","Slice","Flying Knee"],"picked":"SKIP","floor":30},{"not_picked":["Leg Sweep","Dagger Spray"],"picked":"Cloak And Dagger","floor":31},{"not_picked":["Venomology","Night Terror"],"picked":"Bullet Time","floor":33},{"not_picked":["Concentrate","Riddle With Holes"],"picked":"Deadly Poison","floor":34},{"not_picked":["Bouncing Flask","PiercingWail"],"picked":"Catalyst","floor":35},{"not_picked":["Backflip","Underhanded Strike"],"picked":"Backstab+1","floor":36}],"player_experience":538300,"relics_obtained":[{"floor":6,"key":"Peace Pipe"},{"floor":9,"key":"Dead Branch"},{"floor":13,"key":"The Courier"},{"floor":24,"key":"Thread and Needle"},{"floor":24,"key":"Regal Pillow"},{"floor":29,"key":"Bag of Marbles"},{"floor":31,"key":"Snake Skull"},{"floor":31,"key":"Bottled Lightning"}],"event_choices":[{"cards_removed":["Strike_G"],"damage_healed":0,"gold_gain":0,"player_choice":"Card Removal","damage_taken":0,"max_hp_gain":0,"max_hp_loss":0,"event_name":"The Cleric","floor":2,"gold_loss":50},{"cards_removed":["Strike_G"],"damage_healed":0,"gold_gain":0,"player_choice":"Offered Basic","damage_taken":0,"max_hp_gain":0,"max_hp_loss":0,"event_name":"Bonfire Elementals","floor":3,"gold_loss":0},{"damage_healed":0,"gold_gain":0,"player_choice":"Donut","damage_taken":0,"max_hp_gain":5,"max_hp_loss":0,"event_name":"Big Fish","floor":11,"gold_loss":0},{"damage_healed":0,"gold_gain":0,"player_choice":"Bet on Owner","damage_taken":0,"max_hp_gain":0,"max_hp_loss":0,"event_name":"The Joust","floor":19,"gold_loss":50},{"damage_healed":0,"gold_gain":0,"player_choice":"Opened","damage_taken":0,"relics_obtained":["Tiny Chest"],"max_hp_gain":0,"max_hp_loss":0,"event_name":"The Mausoleum","floor":21,"gold_loss":0,"cards_obtained":["Writhe"]},{"damage_healed":0,"gold_gain":0,"player_choice":"2 cards matched","damage_taken":0,"max_hp_gain":0,"max_hp_loss":0,"event_name":"Match and Keep!","floor":37,"gold_loss":0,"cards_obtained":["Doppelganger","Choke"]}],"is_beta":false,"boss_relics":[{"not_picked":["Calling Bell","Orrery"],"picked":"Black Star"},{"not_picked":["HoveringKite","Runic Dome"],"picked":"Tiny House"}],"items_purged_floors":[22],"is_endless":false,"potions_floor_spawned":[1,8,13,16,30,31,36],"killed_by":"Transient","ascension_level":13}