{"gold_per_floor":[112,128,180,180,25,57,57,57,57,57,57,57,75,108,108,185,185,196,196,214,214,214,214],"floor_reached":23,"playtime":1023,"items_purged":[],"score":417,"play_id":"97d94c84-46f1-4271-a0af-88eaadd9f0f8","local_time":"20190207231709","is_ascension_mode":true,"campfire_choices":[{"data":"Neutralize","floor":8,"key":"SMITH"},{"data":"Leg Sweep","floor":15,"key":"SMITH"}],"neow_cost":"NONE","seed_source_timestamp":601263478226900,"circlet_count":0,"master_deck":["AscendersBane","Defend_G","Defend_G","Defend_G","Defend_G","Defend_G+1","Strike_G","Strike_G","Strike_G+1","Survivor","Neutralize+1","Footwork+1","Leg Sweep+1","Dodge and Roll","Heel Hook","Quick Slash","A Thousand Cuts","Flying Knee","RitualDagger","Accuracy"],"relics":["Ring of the Snake","NeowsBlessing","Juzu Bracelet","Kunai","Shuriken","FaceOfCleric","The Courier","Cursed Key","Enchiridion"],"potions_floor_usage":[16,16,16,23],"damage_taken":[{"damage":0,"enemies":"Cultist","floor":1,"turns":1},{"damage":1,"enemies":"2 Louse","floor":2,"turns":2},{"damage":0,"enemies":"3 Sentries","floor":6,"turns":1},{"damage":0,"enemies":"Jaw Worm","floor":13,"turns":7},{"damage":0,"enemies":"Lagavulin","floor":14,"turns":11},{"damage":31,"enemies":"Slime Boss","floor":16,"turns":28},{"damage":0,"enemies":"3 Byrds","floor":18,"turns":7},{"damage":10,"enemies":"Chosen","floor":20,"turns":7},{"damage":20,"enemies":"Slavers","floor":23,"turns":5}],"seed_played":"-7170195931431856683","potions_obtained":[{"floor":1,"key":"GhostInAJar"},{"floor":6,"key":"SmokeBomb"},{"floor":14,"key":"EntropicBrew"}],"is_trial":false,"path_per_floor":["M","M","T","?","$","E","?","R","T","?","?","?","M","E","R","B",null,"M","?","M","?","?","E"],"character_chosen":"THE_SILENT","items_purchased":["Juzu Bracelet"],"campfire_rested":0,"item_purchase_floors":[5],"current_hp_per_floor":[59,58,58,58,58,58,58,58,58,45,45,38,39,40,40,10,54,55,49,40,24,17,0],"gold":214,"neow_bonus":"THREE_ENEMY_KILL","is_prod":false,"is_daily":false,"chose_seed":false,"campfire_upgraded":2,"win_rate":0,"timestamp":1549581429,"path_taken":["M","M","?","?","$","E","?","R","T","?","?","?","M","E","R","BOSS","M","?","M","?","?","E"],"build_version":"2019-01-23","purchased_purges":0,"victory":false,"max_hp_per_floor":[66,66,66,66,66,66,66,66,66,66,66,66,67,68,68,69,69,70,70,71,71,71,71],"card_choices":[{"not_picked":["Accuracy","Slice"],"picked":"Footwork","floor":1},{"not_picked":["Outmaneuver","Sucker Punch"],"picked":"Leg Sweep","floor":2},{"not_picked":["Bane","Slice"],"picked":"Dodge and Roll","floor":6},{"not_picked":["Underhanded Strike","Outmaneuver"],"picked":"Heel Hook","floor":13},{"not_picked":["Underhanded Strike","Prepared"],"picked":"Quick Slash","floor":14},{"not_picked":["Die Die Die","Corpse Explosion"],"picked":"A Thousand Cuts","floor":16},{"not_picked":["Tactician","Deadly Poison"],"picked":"Flying Knee","floor":18},{"not_picked":["Acrobatics","Slice+1"],"picked":"Accuracy","floor":20}],"player_experience":577031,"relics_obtained":[{"floor":6,"key":"Kunai"},{"floor":9,"key":"Shuriken"},{"floor":14,"key":"The Courier"},{"floor":21,"key":"Enchiridion"}],"event_choices":[{"cards_removed":["Strike_G"],"damage_healed":0,"gold_gain":0,"player_choice":"Purged","damage_taken":0,"max_hp_gain":0,"max_hp_loss":0,"event_name":"Purifier","floor":4,"gold_loss":0},{"damage_healed":0,"gold_gain":0,"player_choice":"Grow","damage_taken":0,"max_hp_gain":0,"max_hp_loss":0,"event_name":"Living Wall","floor":7,"gold_loss":0,"cards_upgraded":["Footwork"]},{"damage_healed":0,"gold_gain":0,"player_choice":"Entered Light","damage_taken":13,"max_hp_gain":0,"max_hp_loss":0,"event_name":"Shining Light","floor":10,"gold_loss":0,"cards_upgraded":["Defend_G","Strike_G"]},{"damage_healed":0,"gold_gain":0,"player_choice":"Trade","damage_taken":0,"relics_obtained":["FaceOfCleric"],"max_hp_gain":0,"max_hp_loss":0,"event_name":"FaceTrader","floor":11,"gold_loss":0},{"cards_removed":["Strike_G"],"damage_healed":0,"gold_gain":0,"player_choice":"Card Removal","damage_taken":7,"max_hp_gain":0,"max_hp_loss":0,"event_name":"Golden Wing","floor":12,"gold_loss":0},{"damage_healed":0,"gold_gain":0,"player_choice":"Joined the Cult","damage_taken":6,"max_hp_gain":0,"max_hp_loss":0,"event_name":"Nest","floor":19,"gold_loss":0,"cards_obtained":["RitualDagger"]},{"damage_healed":0,"gold_gain":0,"player_choice":"Obtained Book","damage_taken":16,"max_hp_gain":0,"max_hp_loss":0,"event_name":"Cursed Tome","floor":21,"gold_loss":0},{"damage_healed":0,"gold_gain":0,"player_choice":"Damaged","damage_taken":7,"max_hp_gain":0,"max_hp_loss":0,"event_name":"Wheel of Change","floor":22,"gold_loss":0}],"is_beta":false,"boss_relics":[{"not_picked":["Coffee Dripper","Runic Dome"],"picked":"Cursed Key"}],"items_purged_floors":[],"is_endless":false,"potions_floor_spawned":[1,6,14],"killed_by":"Slavers","ascension_level":14}