{"gold_per_floor":[14,25,25,25,100,144,164,164,164,164,38,38,3,24,24,120,120,138,138,213,44,63,63,88,38,64,85,45,45,78,97,97,97],"floor_reached":33,"playtime":1334,"items_purged":["Regret","Strike_R"],"score":434,"play_id":"5d84f44a-91af-4f8f-82c8-69a303cbfadd","local_time":"20190127004645","is_ascension_mode":true,"campfire_choices":[{"floor":8,"key":"REST"},{"data":"Metallicize","floor":10,"key":"SMITH"},{"data":"Armaments","floor":12,"key":"SMITH"},{"data":"Bash","floor":15,"key":"SMITH"},{"data":"Rage","floor":23,"key":"SMITH"},{"floor":29,"key":"REST"},{"floor":32,"key":"REST"}],"neow_cost":"NO_GOLD","seed_source_timestamp":229155352288100,"circlet_count":0,"master_deck":["AscendersBane","Strike_R","Strike_R","Strike_R","Strike_R","Defend_R","Defend_R","Defend_R","Defend_R","Bash+1","Finesse","Madness","Flame Barrier","Cleave","Metallicize+1","Spot Weakness","Armaments+1","Cleave","Impervious","Iron Wave","RitualDagger+1","Rage+1","Pommel Strike","Flex"],"relics":["Burning Blood","Self Forming Clay","Golden Idol","Regal Pillow","Mercury Hourglass","Sozu","Strawberry","Vajra"],"potions_floor_usage":[6,16,24],"damage_taken":[{"damage":8,"enemies":"2 Louse","floor":1,"turns":3},{"damage":7,"enemies":"Jaw Worm","floor":2,"turns":4},{"damage":52,"enemies":"Lagavulin","floor":6,"turns":12},{"damage":9,"enemies":"Cultist","floor":7,"turns":5},{"damage":5,"enemies":"3 Louse","floor":14,"turns":2},{"damage":47,"enemies":"Hexaghost","floor":16,"turns":11},{"damage":4,"enemies":"Spheric Guardian","floor":18,"turns":5},{"damage":8,"enemies":"2 Thieves","floor":22,"turns":4},{"damage":28,"enemies":"Snake Plant","floor":24,"turns":4},{"damage":4,"enemies":"Centurion and Healer","floor":27,"turns":7},{"damage":47,"enemies":"Book of Stabbing","floor":30,"turns":8},{"damage":33,"enemies":"Snecko","floor":31,"turns":6},{"damage":60,"enemies":"Collector","floor":33,"turns":10}],"seed_played":"7588893377137902125","potions_obtained":[{"floor":1,"key":"EssenceOfSteel"},{"floor":7,"key":"AttackPotion"},{"floor":16,"key":"AttackPotion"}],"is_trial":false,"path_per_floor":["M","M","?","?","?","E","M","R","T","R","$","R","?","M","R","B",null,"M","?","?","$","M","R","M","?","T","M","?","R","E","M","R","B"],"character_chosen":"IRONCLAD","items_purchased":["Armaments","Rage"],"campfire_rested":3,"item_purchase_floors":[11,21],"current_hp_per_floor":[70,69,69,69,58,12,9,46,46,46,46,46,64,65,65,24,62,64,58,51,51,49,49,27,27,34,36,36,75,34,7,46,0],"gold":97,"neow_bonus":"RANDOM_COLORLESS_2","is_prod":false,"is_daily":false,"chose_seed":false,"campfire_upgraded":4,"win_rate":0,"timestamp":1548550005,"path_taken":["M","M","?","?","?","E","M","R","T","R","$","R","?","M","R","BOSS","M","?","?","$","M","R","?","?","T","?","?","R","E","M","R","BOSS"],"build_version":"2019-01-23","purchased_purges":2,"victory":false,"max_hp_per_floor":[80,80,80,74,74,74,74,74,74,74,74,74,74,74,74,74,74,74,74,74,74,74,74,74,74,81,81,81,81,81,81,81,81],"card_choices":[{"not_picked":["Wild Strike","Warcry"],"picked":"Flame Barrier","floor":1},{"not_picked":["Warcry","Corruption"],"picked":"Cleave","floor":2},{"not_picked":["Infernal Blade","Heavy Blade"],"picked":"Metallicize","floor":6},{"not_picked":["Combust","Wild Strike"],"picked":"Spot Weakness","floor":7},{"not_picked":["Headbutt","Wild Strike"],"picked":"Cleave","floor":14},{"not_picked":["Dark Embrace","Brutality"],"picked":"Impervious","floor":16},{"not_picked":["Blood for Blood","Disarm"],"picked":"Iron Wave","floor":18},{"not_picked":["Combust+1","Uppercut"],"picked":"Pommel Strike","floor":22},{"not_picked":["Feel No Pain+1","Body Slam","Seeing Red"],"picked":"SKIP","floor":24},{"not_picked":["Perfected Strike","Warcry","Headbutt"],"picked":"SKIP","floor":27},{"not_picked":["Bloodletting","Havoc"],"picked":"Flex","floor":30},{"not_picked":["Warcry","Burning Pact","Sword Boomerang"],"picked":"SKIP","floor":31}],"player_experience":562404,"relics_obtained":[{"floor":6,"key":"Regal Pillow"},{"floor":9,"key":"Mercury Hourglass"},{"floor":26,"key":"Strawberry"},{"floor":30,"key":"Vajra"}],"event_choices":[{"damage_healed":0,"gold_gain":0,"player_choice":"Box","damage_taken":0,"relics_obtained":["Self Forming Clay"],"max_hp_gain":0,"max_hp_loss":0,"event_name":"Big Fish","floor":3,"gold_loss":0,"cards_obtained":["Regret"]},{"damage_healed":0,"gold_gain":0,"player_choice":"Lose Max HP","damage_taken":0,"relics_obtained":["Golden Idol"],"max_hp_gain":0,"max_hp_loss":6,"event_name":"Golden Idol","floor":4,"gold_loss":0},{"damage_healed":0,"gold_gain":75,"player_choice":"Gather Gold","damage_taken":11,"max_hp_gain":0,"max_hp_loss":0,"event_name":"World of Goop","floor":5,"gold_loss":0},{"damage_healed":18,"gold_gain":0,"player_choice":"Healed","damage_taken":0,"max_hp_gain":0,"max_hp_loss":0,"event_name":"The Cleric","floor":13,"gold_loss":35},{"damage_healed":0,"gold_gain":0,"player_choice":"Joined the Cult","damage_taken":6,"max_hp_gain":0,"max_hp_loss":0,"event_name":"Nest","floor":19,"gold_loss":0,"cards_obtained":["RitualDagger"]},{"damage_healed":0,"gold_gain":75,"player_choice":"Touch","damage_taken":7,"max_hp_gain":0,"max_hp_loss":0,"event_name":"FaceTrader","floor":20,"gold_loss":0},{"damage_healed":0,"gold_gain":0,"player_choice":"Bet on Murderer","damage_taken":0,"max_hp_gain":0,"max_hp_loss":0,"event_name":"The Joust","floor":25,"gold_loss":50},{"damage_healed":0,"gold_gain":0,"player_choice":"Upgrade","damage_taken":0,"max_hp_gain":0,"max_hp_loss":0,"event_name":"Designer","floor":28,"gold_loss":40,"cards_upgraded":["RitualDagger"]}],"is_beta":false,"boss_relics":[{"not_picked":["Ectoplasm","Eternal Feather"],"picked":"Sozu"}],"items_purged_floors":[11,21],"is_endless":false,"potions_floor_spawned":[1,7,16,18,22,30],"killed_by":"Collector","ascension_level":13}