{"gold_per_floor":[118,268,193,64,78,110,110,121,121,136,136,10,23,56,56,129,129,149,164,9,9,9,9,9,9,59,76,90,90,12,36,36,114,114,134,134,34,34,34,34,64,64,64,83,100,100,0,26,26,26],"floor_reached":50,"playtime":2172,"items_purged":["Strike_G","Strike_G","Pain"],"score":997,"play_id":"51d61685-56d2-4b18-967e-a2f8b3f7ddf2","local_time":"20190320225056","is_ascension_mode":true,"campfire_choices":[{"data":"Noxious Fumes","floor":7,"key":"SMITH"},{"data":"Footwork","floor":11,"key":"SMITH"},{"data":"Crippling Poison","floor":15,"key":"SMITH"},{"data":"Bandage Up","floor":23,"key":"SMITH"},{"data":"Noxious Fumes","floor":25,"key":"SMITH"},{"floor":32,"key":"REST"},{"floor":40,"key":"RECALL"},{"data":"Backflip","floor":42,"key":"SMITH"},{"data":"Backflip","floor":49,"key":"SMITH"}],"neow_cost":"NONE","seed_source_timestamp":8740756178199,"circlet_count":0,"master_deck":["AscendersBane","Defend_G+1","Defend_G+1","Defend_G+1","Defend_G+1","Strike_G+1","Survivor+1","Leg Sweep+1","Deadly Poison+1","Noxious Fumes+1","Footwork+1","Escape Plan+1","Bane+1","Quick Slash+1","Crippling Poison+1","PiercingWail+1","Die Die Die+1","Concentrate+1","Infinite Blades+1","Unload+1","Heel Hook+1","Flying Knee+1","Noxious Fumes+1","Bandage Up+1","Panacea+1","Corpse Explosion+1","Backflip+1","Backflip+1","Dash"],"relics":["Ring of the Snake","NeowsBlessing","FossilizedHelix","The Courier","Mango","Astrolabe","MutagenicStrength","Enchiridion","Blood Vial","WarpedTongs","Potion Belt","Velvet Choker","Mark of the Bloom","Boot","Blue Candle","Red Mask","Ornamental Fan"],"potions_floor_usage":[28,48,48],"damage_taken":[{"damage":0,"enemies":"Small Slimes","floor":1,"turns":1},{"damage":0,"enemies":"Jaw Worm","floor":5,"turns":1},{"damage":0,"enemies":"Lagavulin","floor":6,"turns":1},{"damage":0,"enemies":"Cultist","floor":8,"turns":5},{"damage":3,"enemies":"Looter","floor":10,"turns":4},{"damage":12,"enemies":"Exordium Thugs","floor":13,"turns":6},{"damage":16,"enemies":"Gremlin Nob","floor":14,"turns":6},{"damage":12,"enemies":"Slime Boss","floor":16,"turns":10},{"damage":14,"enemies":"2 Thieves","floor":18,"turns":4},{"damage":0,"enemies":"3 Byrds","floor":19,"turns":4},{"damage":10,"enemies":"Centurion and Healer","floor":27,"turns":7},{"damage":8,"enemies":"Snake Plant","floor":28,"turns":3},{"damage":45,"enemies":"Collector","floor":33,"turns":9},{"damage":2,"enemies":"3 Shapes","floor":35,"turns":3},{"damage":0,"enemies":"Nemesis","floor":41,"turns":7},{"damage":16,"enemies":"Orb Walker","floor":44,"turns":4},{"damage":15,"enemies":"Writhing Mass","floor":45,"turns":5},{"damage":14,"enemies":"Giant Head","floor":48,"turns":9},{"damage":18,"enemies":"Awakened One","floor":50,"turns":2}],"seed_played":"-7665986474430340804","potions_obtained":[{"floor":1,"key":"Energy Potion"},{"floor":5,"key":"Block Potion"},{"floor":33,"key":"EssenceOfSteel"},{"floor":35,"key":"Weak Potion"},{"floor":41,"key":"FearPotion"}],"is_trial":false,"path_per_floor":["M","?","?","$","M","E","R","M","T","M","R","$","M","E","R","B",null,"M","M","$","?","?","R","T","R","T","M","M","?","$","T","R","B",null,"M","?","$","?","?","R","E","R","T","M","M","?","?","E","R","B"],"character_chosen":"THE_SILENT","items_purchased":["Deadly Poison","Quick Slash","Noxious Fumes","Bandage Up","Panacea"],"campfire_rested":1,"item_purchase_floors":[4,12,20,20,30],"current_hp_per_floor":[59,59,59,59,59,59,59,59,59,56,56,56,44,42,42,30,68,54,54,54,54,33,33,33,33,33,31,25,25,25,25,49,12,63,63,63,63,63,63,63,63,63,63,47,32,32,32,18,18,0],"gold":26,"neow_bonus":"THREE_ENEMY_KILL","is_prod":false,"is_daily":false,"chose_seed":false,"campfire_upgraded":7,"win_rate":0,"timestamp":1553122256,"path_taken":["M","?","?","$","M","E","R","M","T","M","R","$","M","E","R","BOSS","M","M","$","?","?","R","?","R","T","?","M","?","$","?","R","BOSS","M","?","$","?","?","R","E","R","T","M","?","?","?","E","R","BOSS"],"build_version":"2019-01-23","purchased_purges":3,"victory":false,"max_hp_per_floor":[66,66,66,66,66,66,66,66,66,66,66,66,66,80,80,80,80,80,80,80,80,80,80,80,80,80,80,80,80,80,80,80,80,80,80,80,80,76,76,76,76,76,76,76,76,62,62,62,62,62],"card_choices":[{"not_picked":["Flechettes","Calculated Gamble"],"picked":"Leg Sweep","floor":1},{"not_picked":["Bane","Quick Slash"],"picked":"Noxious Fumes","floor":5},{"not_picked":["Backflip","Caltrops"],"picked":"Footwork","floor":6},{"not_picked":["Dagger Spray","Slice"],"picked":"Escape Plan","floor":8},{"not_picked":["Catalyst","All Out Attack"],"picked":"Bane","floor":10},{"not_picked":["Skewer","Flechettes"],"picked":"Crippling Poison","floor":13},{"not_picked":["Dagger Throw","Deflect"],"picked":"PiercingWail","floor":14},{"not_picked":["Night Terror","Grand Finale"],"picked":"Die Die Die","floor":16},{"not_picked":["Expertise","Acrobatics"],"picked":"Heel Hook","floor":18},{"not_picked":["Underhanded Strike","Flechettes"],"picked":"Flying Knee","floor":19},{"not_picked":["Heel Hook","Deflect","Bane"],"picked":"SKIP","floor":27},{"not_picked":["Skewer","Deflect","Accuracy+1"],"picked":"SKIP","floor":28},{"not_picked":["Envenom","Burst"],"picked":"Corpse Explosion","floor":33},{"not_picked":["Slice","Bouncing Flask","Acrobatics+1"],"picked":"SKIP","floor":35},{"not_picked":["Distraction+1","Heel Hook+1"],"picked":"Backflip","floor":41},{"not_picked":["Tactician","Cloak And Dagger"],"picked":"Backflip","floor":44},{"not_picked":["Crippling Poison","Accuracy"],"picked":"Dash","floor":45},{"not_picked":["Endless Agony","Outmaneuver","Eviscerate"],"picked":"SKIP","floor":48}],"player_experience":620632,"relics_obtained":[{"floor":6,"key":"FossilizedHelix"},{"floor":9,"key":"The Courier"},{"floor":14,"key":"Mango"},{"floor":22,"key":"Enchiridion"},{"floor":24,"key":"Blood Vial"},{"floor":31,"key":"Potion Belt"},{"floor":41,"key":"Boot"},{"floor":43,"key":"Blue Candle"},{"floor":48,"key":"Ornamental Fan"}],"event_choices":[{"damage_healed":0,"gold_gain":150,"player_choice":"AGREE","damage_taken":0,"max_hp_gain":0,"max_hp_loss":0,"event_name":"Liars Game","floor":2,"gold_loss":0,"cards_obtained":["Doubt"]},{"cards_removed":["Doubt"],"damage_healed":0,"gold_gain":0,"player_choice":"Card Removal","damage_taken":0,"max_hp_gain":0,"max_hp_loss":0,"event_name":"The Cleric","floor":3,"gold_loss":75},{"damage_healed":0,"gold_gain":0,"player_choice":"Inject Mutagens","damage_taken":0,"relics_obtained":["MutagenicStrength"],"max_hp_gain":0,"max_hp_loss":0,"event_name":"Drug Dealer","floor":21,"gold_loss":0},{"damage_healed":0,"gold_gain":0,"player_choice":"Obtained Book","damage_taken":21,"max_hp_gain":0,"max_hp_loss":0,"event_name":"Cursed Tome","floor":22,"gold_loss":0},{"damage_healed":0,"gold_gain":0,"player_choice":"Rummage","damage_taken":0,"relics_obtained":["WarpedTongs"],"max_hp_gain":0,"max_hp_loss":0,"event_name":"Accursed Blacksmith","floor":29,"gold_loss":0,"cards_obtained":["Pain"]},{"cards_removed":["Neutralize"],"damage_healed":0,"gold_gain":0,"player_choice":"Removed Attack","damage_taken":0,"max_hp_gain":0,"max_hp_loss":0,"event_name":"Falling","floor":36,"gold_loss":0},{"damage_healed":0,"gold_gain":0,"player_choice":"Max HP","damage_taken":0,"max_hp_gain":0,"max_hp_loss":4,"event_name":"Winding Halls","floor":38,"gold_loss":0},{"damage_healed":0,"gold_gain":0,"player_choice":"Upgrade","damage_taken":0,"relics_obtained":["Mark of the Bloom"],"max_hp_gain":0,"max_hp_loss":0,"event_name":"MindBloom","floor":39,"gold_loss":0,"cards_upgraded":["Defend_G","Defend_G","Defend_G","Defend_G","Strike_G","Survivor","Leg Sweep","Deadly Poison","Escape Plan","Bane","Quick Slash","PiercingWail","Die Die Die","Heel Hook","Flying Knee","Panacea","Corpse Explosion"]},{"damage_healed":62,"gold_gain":0,"player_choice":"Heal","damage_taken":0,"max_hp_gain":0,"max_hp_loss":14,"event_name":"The Moai Head","floor":46,"gold_loss":0},{"damage_healed":0,"gold_gain":0,"player_choice":"Paid","damage_taken":0,"relics_obtained":["Red Mask"],"max_hp_gain":0,"max_hp_loss":0,"event_name":"Tomb of Lord Red Mask","floor":47,"gold_loss":100}],"is_beta":false,"boss_relics":[{"not_picked":["Runic Dome","White Beast Statue"],"picked":"Astrolabe"},{"not_picked":["Eternal Feather","Lizard Tail"],"picked":"Velvet Choker"}],"items_purged_floors":[4,12,37],"is_endless":false,"potions_floor_spawned":[1,5,6,8,13,27,33,35,41],"killed_by":"Awakened One","ascension_level":16}