{"path_per_floor":["M","?","M","?","M","R","T","R","T","?","M","?","E","$","R","B",null,"M","$","?","?","M","R","M","R","T","E","M","?","T","M","R","B",null,"M","?","?","$","M","E","R","?","T","M","R","M","E","M","R","B"],"character_chosen":"IRONCLAD","items_purchased":["Shrug It Off","Battle Trance","Armaments","Kunai"],"gold_per_floor":[112,112,129,129,141,141,168,168,168,168,178,128,158,73,73,173,173,187,62,62,62,76,76,88,88,111,140,158,158,229,241,241,342,342,357,357,357,19,34,68,68,68,68,81,81,99,134,154,154,154],"floor_reached":51,"campfire_rested":2,"playtime":3424,"current_hp_per_floor":[80,85,77,60,66,66,66,66,66,66,67,67,57,57,57,39,92,92,92,89,89,77,77,81,81,81,42,24,24,24,27,54,14,93,92,92,92,92,96,91,91,79,79,78,78,82,36,39,68,19],"items_purged":["Regret","Regret"],"gold":154,"score":622,"play_id":"6d7dc4b5-bebf-4ba1-bb5f-e5922dc13489","is_prod":false,"is_daily":false,"is_ascension_mode":false,"campfire_upgraded":7,"path_taken":["M","?","?","?","?","R","?","R","T","?","M","?","E","$","R","BOSS","M","$","?","?","M","R","M","R","T","E","M","?","?","?","R","BOSS","M","?","?","?","M","E","R","?","T","M","R","?","E","M","R","BOSS"],"build_version":"2018-02-12-PROD1","purchased_purges":2,"victory":true,"master_deck":["Strike_R+1","Defend_R","Defend_R","Defend_R","Bash+1","Inflame+1","Offering","Clothesline+1","Shrug It Off","Battle Trance+1","Impervious","Seeing Red+1","Armaments+1","Shrug It Off+1","Evolve+1","Limit Break+1","Rampage","Offering","Inflame+1","Twin Strike+1","Madness+1","Madness","Fire Breathing","Heavy Blade+1","Wild Strike","Flex"],"max_hp_per_floor":[80,85,85,85,85,85,85,85,85,85,85,85,85,85,85,85,92,92,92,89,89,89,89,89,89,89,91,93,93,93,93,93,93,93,95,95,95,95,97,99,99,99,99,99,99,99,99,99,99,99],"relics":["Burning Blood","Happy Flower","Art of War","Peace Pipe","Lantern","Calling Bell","Bird Faced Urn","Strawberry","Self Forming Clay","Spirit Poop","Bag of Marbles","Singing Bowl","Gremlin Horn","Astrolabe","Kunai","Ancient Tea Set","Dodecahedron","Whetstone"],"card_choices":[{"not_picked":["Cleave","Body Slam"],"picked":"Inflame"},{"not_picked":["Clothesline","Body Slam"],"picked":"Offering"},{"not_picked":["True Grit","Twin Strike"],"picked":"Clothesline"},{"not_picked":["Fiend Fire","Demon Form"],"picked":"Impervious"},{"not_picked":["Clothesline","Pummel"],"picked":"Seeing Red"},{"not_picked":["Iron Wave","Clothesline"],"picked":"Shrug It Off"},{"not_picked":["Whirlwind","Heavy Blade"],"picked":"Evolve"},{"not_picked":["Anger","Cleave"],"picked":"Rampage"},{"not_picked":["Fiend Fire","Berserk"],"picked":"Offering"},{"not_picked":["Brutality","Iron Wave"],"picked":"Fire Breathing"},{"not_picked":["Clash","Clothesline"],"picked":"Heavy Blade"},{"not_picked":["Sword Boomerang","Thunderclap"],"picked":"Wild Strike"},{"not_picked":["Sword Boomerang","Pummel"],"picked":"Flex"}],"player_experience":152274,"potions_floor_usage":[16,27,27,31,44,47,50,50,50],"damage_taken":[{"damage":6,"enemies":"2 Louse","floor":1,"turns":2},{"damage":14,"enemies":"Blue Slaver","floor":3,"turns":3},{"damage":0,"enemies":"Small Slimes","floor":5,"turns":2},{"damage":5,"enemies":"Exordium Wildlife","floor":11,"turns":3},{"damage":16,"enemies":"Gremlin Nob","floor":13,"turns":3},{"damage":24,"enemies":"The Guardian","floor":16,"turns":9},{"damage":4,"enemies":"Chosen","floor":18,"turns":3},{"damage":18,"enemies":"3 Byrds","floor":22,"turns":7},{"damage":4,"enemies":"Centurion and Healer","floor":24,"turns":6},{"damage":51,"enemies":"Gremlin Leader","floor":27,"turns":8},{"damage":30,"enemies":"3 Cultists","floor":28,"turns":8},{"damage":7,"enemies":"Cultist and Chosen","floor":31,"turns":7},{"damage":50,"enemies":"Champ","floor":33,"turns":11},{"damage":11,"enemies":"3 Darklings","floor":35,"turns":3},{"damage":8,"enemies":"Orb Walker","floor":39,"turns":2},{"damage":19,"enemies":"2 Orb Walkers","floor":40,"turns":5},{"damage":16,"enemies":"Sphere and 2 Shapes","floor":44,"turns":4},{"damage":10,"enemies":"3 Darklings","floor":46,"turns":4},{"damage":60,"enemies":"Nemesis","floor":47,"turns":10},{"damage":11,"enemies":"Maw","floor":48,"turns":6},{"damage":63,"enemies":"Donu and Deca","floor":50,"turns":6}],"event_choices":[{"event_name":"Big Fish","player_choice":"Donut","floor":2,"damage_taken":0},{"event_name":"Shining Light","player_choice":"Entered Light","floor":4,"damage_taken":0},{"event_name":"Purifier","player_choice":"One Purge","floor":10,"damage_taken":0},{"event_name":"The Cleric","player_choice":"Card Removal","floor":12,"damage_taken":0},{"event_name":"Bonfire Elementals","player_choice":"CURSE","floor":20,"damage_taken":0},{"event_name":"Beggar","player_choice":"Ignored","floor":21,"damage_taken":0},{"event_name":"The Library","player_choice":"Read","floor":29,"damage_taken":0},{"event_name":"Tomb of Lord Red Mask","player_choice":"Ignored","floor":37,"damage_taken":0},{"event_name":"Winding Halls","player_choice":"Embrace Madness","floor":42,"damage_taken":0}],"boss_relics":[{"not_picked":["Eternal Feather","Runic Dome"],"picked":"Calling Bell"},{"not_picked":["Snecko Eye","Velvet Choker"],"picked":"Astrolabe"}],"potions_floor_spawned":[1,11,16,18,28,33,35,40,46,48],"seed_played":"1705677283463068960","ascension_level":0,"is_trial":false}