{"gold_per_floor":[131,161,161,161,192,192,249,286,286,251,251,268,268,121,121,194,194,213,213,226,76,36,92,39,74,123,146,176,188,242,254,266,278],"floor_reached":33,"playtime":1637,"items_purged":["Strike_R"],"score":470,"play_id":"910bb4d5-e5e0-47e2-941e-db28c3ad5eed","local_time":"20190109201253","is_ascension_mode":true,"campfire_choices":[{"data":"HandOfGreed","floor":6,"key":"SMITH"},{"floor":11,"key":"REST"},{"data":"Armaments","floor":15,"key":"SMITH"},{"floor":29,"key":"REST"},{"data":"Armaments","floor":32,"key":"SMITH"}],"neow_cost":"TEN_PERCENT_HP_LOSS","seed_source_timestamp":76671061165700,"circlet_count":0,"master_deck":["AscendersBane","Strike_R","Strike_R","Strike_R","Strike_R","Defend_R","Defend_R","Defend_R","Defend_R+1","Bash+1","HandOfGreed+1","Twin Strike","Inflame+1","Infernal Blade","Dropkick","Ghostly Armor","Iron Wave","Armaments+1","Shrug It Off","Metallicize","Offering","Battle Trance","Shockwave+1","Rage+1","Flex","Armaments+1","Cleave","RitualDagger"],"relics":["Burning Blood","Oddly Smooth Stone","Bottled Tornado","Mark of Pain","GremlinMask","Bottled Lightning","Potion Belt","MawBank"],"potions_floor_usage":[8,16,20,23,33,33,33],"damage_taken":[{"damage":1,"enemies":"Cultist","floor":1,"turns":3},{"damage":10,"enemies":"Small Slimes","floor":2,"turns":4},{"damage":7,"enemies":"2 Louse","floor":5,"turns":2},{"damage":45,"enemies":"Lagavulin","floor":7,"turns":8},{"damage":4,"enemies":"Exordium Wildlife","floor":8,"turns":5},{"damage":5,"enemies":"Looter","floor":12,"turns":3},{"damage":32,"enemies":"Hexaghost","floor":16,"turns":11},{"damage":14,"enemies":"Shell Parasite","floor":18,"turns":9},{"damage":6,"enemies":"3 Byrds","floor":20,"turns":4},{"damage":37,"enemies":"Gremlin Leader","floor":23,"turns":6},{"damage":20,"enemies":"Book of Stabbing","floor":25,"turns":6},{"damage":2,"enemies":"Snecko","floor":27,"turns":5},{"damage":17,"enemies":"Snake Plant","floor":28,"turns":4},{"damage":0,"enemies":"3 Cultists","floor":30,"turns":6},{"damage":41,"enemies":"Champ","floor":33,"turns":8}],"seed_played":"3988938077636613821","potions_obtained":[{"floor":5,"key":"Swift Potion"},{"floor":7,"key":"GamblersBrew"},{"floor":12,"key":"Explosive Potion"},{"floor":20,"key":"BloodPotion"},{"floor":27,"key":"FearPotion"},{"floor":28,"key":"EssenceOfSteel"},{"floor":30,"key":"Swift Potion"}],"is_trial":false,"path_per_floor":["M","M","?","?","M","R","E","M","T","?","R","M","?","$","R","B",null,"M","?","M","$","?","E","$","E","T","M","M","R","M","?","R","B"],"character_chosen":"IRONCLAD","items_purchased":["Armaments","Shrug It Off","Metallicize","Shockwave","Flex"],"campfire_rested":2,"item_purchase_floors":[14,14,14,21,24],"current_hp_per_floor":[72,68,61,47,46,46,7,9,9,27,48,49,49,49,49,23,60,52,52,52,52,52,28,28,14,14,18,7,28,34,28,28,0],"gold":278,"neow_bonus":"RANDOM_COLORLESS_2","is_prod":false,"is_daily":false,"chose_seed":false,"campfire_upgraded":3,"win_rate":0,"timestamp":1547064773,"path_taken":["M","?","?","?","M","R","E","?","T","?","R","M","?","$","R","BOSS","M","?","M","?","?","E","$","E","T","M","M","R","?","?","R","BOSS"],"build_version":"2019-01-03v4","purchased_purges":1,"victory":false,"max_hp_per_floor":[72,72,72,72,72,72,72,72,72,72,72,72,72,72,72,72,72,72,72,72,72,72,72,72,72,72,72,72,72,72,72,72,72],"card_choices":[{"not_picked":["Heavy Blade","Pommel Strike"],"picked":"Twin Strike","floor":1},{"not_picked":["Hemokinesis","Fire Breathing"],"picked":"Inflame","floor":2},{"not_picked":["Wild Strike","Pummel"],"picked":"Infernal Blade","floor":5},{"not_picked":["Seeing Red","Corruption"],"picked":"Dropkick","floor":7},{"not_picked":["Body Slam","Feel No Pain"],"picked":"Ghostly Armor","floor":8},{"not_picked":["Infernal Blade","Entrench"],"picked":"Iron Wave","floor":12},{"not_picked":["Brutality","Exhume"],"picked":"Offering","floor":16},{"not_picked":["Dropkick","Reckless Charge"],"picked":"Battle Trance","floor":18},{"not_picked":["Havoc","Twin Strike","Clash"],"picked":"SKIP","floor":20},{"not_picked":["Headbutt","Spot Weakness"],"picked":"Rage+1","floor":23},{"not_picked":["Twin Strike","Feel No Pain"],"picked":"Armaments","floor":25},{"not_picked":["Armaments","Clash"],"picked":"Cleave","floor":27},{"not_picked":["Ghostly Armor","Body Slam","Havoc"],"picked":"SKIP","floor":28},{"not_picked":["Anger","Clothesline","Reckless Charge"],"picked":"SKIP","floor":30}],"player_experience":545535,"relics_obtained":[{"floor":7,"key":"Oddly Smooth Stone"},{"floor":9,"key":"Bottled Tornado"},{"floor":23,"key":"Bottled Lightning"},{"floor":25,"key":"Potion Belt"},{"floor":26,"key":"MawBank"}],"event_choices":[{"cards_removed":["Purity"],"damage_healed":0,"gold_gain":0,"player_choice":"Card Removal","damage_taken":7,"max_hp_gain":0,"max_hp_loss":0,"event_name":"Golden Wing","floor":3,"gold_loss":0},{"damage_healed":0,"gold_gain":0,"player_choice":"Entered Light","damage_taken":14,"max_hp_gain":0,"max_hp_loss":0,"event_name":"Shining Light","floor":4,"gold_loss":0,"cards_upgraded":["Defend_R","Inflame"]},{"damage_healed":18,"gold_gain":0,"player_choice":"Healed","damage_taken":0,"max_hp_gain":0,"max_hp_loss":0,"event_name":"The Cleric","floor":10,"gold_loss":35},{"damage_healed":0,"gold_gain":0,"player_choice":"Grow","damage_taken":0,"max_hp_gain":0,"max_hp_loss":0,"event_name":"Living Wall","floor":13,"gold_loss":0,"cards_upgraded":["Bash"]},{"damage_healed":0,"gold_gain":0,"player_choice":"Trade","damage_taken":0,"relics_obtained":["GremlinMask"],"max_hp_gain":0,"max_hp_loss":0,"event_name":"FaceTrader","floor":19,"gold_loss":0},{"damage_healed":0,"gold_gain":0,"player_choice":"Upgrade","damage_taken":0,"max_hp_gain":0,"max_hp_loss":0,"event_name":"Designer","floor":22,"gold_loss":40,"cards_upgraded":["Shockwave"]},{"damage_healed":0,"gold_gain":0,"player_choice":"Joined the Cult","damage_taken":6,"max_hp_gain":0,"max_hp_loss":0,"event_name":"Nest","floor":31,"gold_loss":0,"cards_obtained":["RitualDagger"]}],"is_beta":false,"boss_relics":[{"not_picked":["Cursed Key","Sozu"],"picked":"Mark of Pain"}],"items_purged_floors":[21],"is_endless":false,"potions_floor_spawned":[5,7,12,20,27,28,30],"killed_by":"Champ","ascension_level":13}