{"gold_per_floor":[15,15,115,130,142,142,153,184,184,196,208,233,284,296,308,449,461,487,147,171,195,218,261,261,285,285,285,308,308,333,346,346,472,472,487,340,340,1339,1353,1353,1397,1416,1488,1523,525,548,567,582,582,582,582,582,123,162,162],"floor_reached":56,"playtime":5003,"items_purged":["Rip and Tear","Normality","Normality"],"score":1393,"play_id":"027623a0-48c4-40be-abea-9f73e4834aa4","local_time":"20190329212310","is_ascension_mode":true,"campfire_choices":[{"data":"Defragment","floor":6,"key":"SMITH"},{"data":"Zap","floor":11,"key":"SMITH"},{"data":"Barrage","floor":15,"key":"SMITH"},{"data":"Defragment","floor":24,"key":"SMITH"},{"data":"Recycle","floor":27,"key":"SMITH"},{"floor":32,"key":"REST"},{"data":"Dualcast","floor":40,"key":"SMITH"},{"floor":49,"key":"RECALL"},{"data":"Defragment","floor":52,"key":"SMITH"}],"neow_cost":"NO_GOLD","seed_source_timestamp":35325713694068,"circlet_count":0,"master_deck":["Zap+1","Dualcast+1","Leap","Compile Driver","Defragment+1","Self Repair","Reinforced Body","Ball Lightning","Barrage+1","Machine Learning","Electrodynamics","Genetic Algorithm","Chaos","Recycle+1","Hologram","Steam","Redo","Melter","Defragment+1","FTL","Coolheaded","Cold Snap+1","Steam Power+1","Skim","Biased Cognition","Barrage+1","Conserve Battery+1","Defragment+1","Glacier","Secret Technique","Genetic Algorithm","Hologram+1","Coolheaded+1","Defragment+1","Loop","Coolheaded+1"],"relics":["Cracked Core","Turnip","Potion Belt","MawBank","Golden Idol","Sundial","Pandora\u0027s Box","Runic Capacitor","Pantograph","Bronze Scales","Nuclear Battery","Happy Flower","Ancient Tea Set","Ornamental Fan","Ice Cream","Emotion Chip","Bag of Preparation","DollysMirror","Cables","Bottled Lightning"],"potions_floor_usage":[23,30,30,55,55],"damage_taken":[{"damage":4,"enemies":"2 Louse","floor":1,"turns":3},{"damage":1,"enemies":"Cultist","floor":4,"turns":3},{"damage":4,"enemies":"Jaw Worm","floor":5,"turns":3},{"damage":15,"enemies":"Exordium Thugs","floor":7,"turns":5},{"damage":18,"enemies":"Lagavulin","floor":8,"turns":6},{"damage":2,"enemies":"Exordium Wildlife","floor":12,"turns":4},{"damage":10,"enemies":"3 Sentries","floor":13,"turns":7},{"damage":10,"enemies":"The Guardian","floor":16,"turns":10},{"damage":3,"enemies":"Shell Parasite","floor":18,"turns":6},{"damage":0,"enemies":"Spheric Guardian","floor":20,"turns":2},{"damage":17,"enemies":"Centurion and Healer","floor":21,"turns":4},{"damage":7,"enemies":"Snake Plant","floor":22,"turns":6},{"damage":28,"enemies":"Book of Stabbing","floor":23,"turns":6},{"damage":15,"enemies":"Chosen and Byrds","floor":25,"turns":5},{"damage":16,"enemies":"Snecko","floor":28,"turns":4},{"damage":5,"enemies":"Shelled Parasite and Fungi","floor":30,"turns":5},{"damage":0,"enemies":"Cultist and Chosen","floor":31,"turns":4},{"damage":21,"enemies":"Collector","floor":33,"turns":6},{"damage":0,"enemies":"Orb Walker","floor":35,"turns":2},{"damage":0,"enemies":"3 Shapes","floor":39,"turns":3},{"damage":22,"enemies":"Giant Head","floor":41,"turns":10},{"damage":0,"enemies":"Transient","floor":42,"turns":5},{"damage":13,"enemies":"Nemesis","floor":44,"turns":7},{"damage":0,"enemies":"Writhing Mass","floor":46,"turns":6},{"damage":0,"enemies":"Maw","floor":47,"turns":7},{"damage":5,"enemies":"4 Shapes","floor":48,"turns":5},{"damage":0,"enemies":"Donu and Deca","floor":50,"turns":7},{"damage":0,"enemies":"Shield and Spear","floor":54,"turns":5},{"damage":18,"enemies":"The Heart","floor":55,"turns":8}],"seed_played":"7457099782689568967","potions_obtained":[{"floor":8,"key":"Block Potion"},{"floor":12,"key":"Weak Potion"},{"floor":16,"key":"EssenceOfSteel"},{"floor":18,"key":"LiquidBronze"},{"floor":21,"key":"SpeedPotion"},{"floor":25,"key":"SpeedPotion"},{"floor":44,"key":"FairyPotion"}],"is_trial":false,"path_per_floor":["M","?","?","M","M","R","M","E","T","?","R","M","E","T","R","B",null,"M","$","M","M","M","E","R","M","T","R","M","?","M","M","R","B",null,"M","$","?","?","M","R","E","M","T","E","$","M","M","M","R","B",null,"R","$","E","B",null],"character_chosen":"DEFECT","items_purchased":["Runic Capacitor","Melter","Happy Flower","Emotion Chip","Bag of Preparation","Secret Technique","DollysMirror","Regen Potion","Cables","Loop"],"campfire_rested":1,"item_purchase_floors":[19,19,36,45,45,45,45,45,53,53],"current_hp_per_floor":[71,71,71,70,66,66,51,40,40,40,40,45,42,42,42,32,69,69,69,69,59,59,38,38,30,30,30,14,14,9,16,36,47,69,69,69,66,66,66,66,44,51,51,38,38,45,52,54,54,66,66,66,66,66,55],"gold":162,"neow_bonus":"ONE_RARE_RELIC","is_prod":false,"is_daily":false,"chose_seed":false,"campfire_upgraded":7,"win_rate":0,"timestamp":1553890990,"path_taken":["M","?","?","?","M","R","M","E","T","?","R","M","E","?","R","BOSS","M","$","M","M","M","E","R","M","T","R","M","?","M","M","R","BOSS","M","$","?","?","M","R","E","M","T","E","$","M","?","M","R","BOSS","R","$","E","BOSS"],"build_version":"2019-01-23","purchased_purges":3,"victory":true,"max_hp_per_floor":[75,75,75,75,75,75,75,75,75,69,69,69,69,69,69,69,69,69,69,69,69,69,69,69,69,69,69,69,69,69,69,69,69,69,69,69,66,66,66,66,66,66,66,66,66,66,66,66,66,66,66,66,66,66,66],"card_choices":[{"not_picked":["Hologram","Force Field"],"picked":"Leap","floor":1},{"not_picked":["Leap","Auto Shields"],"picked":"Compile Driver","floor":4},{"not_picked":["Beam Cell","Gash"],"picked":"Defragment","floor":5},{"not_picked":["Force Field","Rainbow"],"picked":"Self Repair","floor":7},{"not_picked":["Stack","Go for the Eyes"],"picked":"Reinforced Body","floor":8},{"not_picked":["Hologram","Turbo"],"picked":"Ball Lightning","floor":12},{"not_picked":["Rebound","Leap"],"picked":"Barrage","floor":13},{"not_picked":["Meteor Strike","Fission"],"picked":"Machine Learning","floor":16},{"not_picked":["Beam Cell","Undo"],"picked":"Redo","floor":18},{"not_picked":["Darkness","FTL+1"],"picked":"Defragment","floor":20},{"not_picked":["Genetic Algorithm","BootSequence"],"picked":"FTL","floor":21},{"not_picked":["Blizzard","Sunder"],"picked":"Coolheaded","floor":22},{"not_picked":["Sunder","Barrage"],"picked":"Cold Snap+1","floor":23},{"not_picked":["Hologram","Storm","Lockon"],"picked":"SKIP","floor":25},{"not_picked":["Melter","Ball Lightning","Turbo"],"picked":"SKIP","floor":28},{"not_picked":["Blizzard","Hologram"],"picked":"Steam Power+1","floor":30},{"not_picked":["Ball Lightning","Cold Snap"],"picked":"Skim","floor":31},{"not_picked":["Hyperbeam","Thunder Strike"],"picked":"Biased Cognition","floor":33},{"not_picked":["Stack","Sweeping Beam+1"],"picked":"Barrage+1","floor":35},{"not_picked":["Aggregate+1","Steam Power"],"picked":"Conserve Battery+1","floor":39},{"not_picked":["Turbo+1","Double Energy"],"picked":"Defragment+1","floor":41},{"not_picked":["Turbo","Go for the Eyes","Compile Driver"],"picked":"SKIP","floor":42},{"not_picked":["Hyperbeam","Reinforced Body+1"],"picked":"Glacier","floor":44},{"not_picked":["Gash+1","Coolheaded+1"],"picked":"Hologram+1","floor":46},{"not_picked":["Reinforced Body+1","Steam"],"picked":"Coolheaded+1","floor":47},{"not_picked":["Streamline+1","Blizzard"],"picked":"Defragment","floor":48},{"not_picked":["Cold Snap+1","Streamline+1"],"picked":"Coolheaded+1","floor":54}],"player_experience":134342,"relics_obtained":[{"floor":8,"key":"Potion Belt"},{"floor":9,"key":"MawBank"},{"floor":13,"key":"Sundial"},{"floor":23,"key":"Pantograph"},{"floor":26,"key":"Bronze Scales"},{"floor":41,"key":"Ancient Tea Set"},{"floor":43,"key":"Ornamental Fan"},{"floor":44,"key":"Ice Cream"},{"floor":54,"key":"Bottled Lightning"}],"event_choices":[{"damage_healed":0,"gold_gain":0,"player_choice":"Leave","damage_taken":0,"max_hp_gain":0,"max_hp_loss":0,"event_name":"The Cleric","floor":2,"gold_loss":0},{"damage_healed":0,"gold_gain":100,"player_choice":"Pray","damage_taken":0,"max_hp_gain":0,"max_hp_loss":0,"event_name":"Golden Shrine","floor":3,"gold_loss":0},{"damage_healed":0,"gold_gain":0,"player_choice":"Lose Max HP","damage_taken":0,"relics_obtained":["Golden Idol"],"max_hp_gain":0,"max_hp_loss":6,"event_name":"Golden Idol","floor":10,"gold_loss":0},{"cards_removed":["Hello World"],"damage_healed":0,"gold_gain":0,"player_choice":"Card Removal","damage_taken":0,"max_hp_gain":0,"max_hp_loss":0,"event_name":"Wheel of Change","floor":29,"gold_loss":0},{"damage_healed":0,"gold_gain":0,"player_choice":"Max HP","damage_taken":0,"max_hp_gain":0,"max_hp_loss":3,"event_name":"Winding Halls","floor":37,"gold_loss":0},{"damage_healed":0,"gold_gain":999,"player_choice":"Gold","damage_taken":0,"max_hp_gain":0,"max_hp_loss":0,"event_name":"MindBloom","floor":38,"gold_loss":0,"cards_obtained":["Normality","Normality"]}],"is_beta":false,"boss_relics":[{"not_picked":["Astrolabe","Runic Dome"],"picked":"Pandora\u0027s Box"},{"not_picked":["Orrery","Tiny House"],"picked":"Nuclear Battery"}],"items_purged_floors":[19,45,53],"is_endless":false,"potions_floor_spawned":[8,12,16,18,21,25,44,46],"ascension_level":1}