{"path_per_floor":["M","?","M","T","?","R","M","M","T","?","R","E","M","M","R","B",null,"M","?","M","$","M","R","?","R","T","M","R","M","?","M","R","B",null,"M","?","?","$","M","R","?","M","T","R","T","M","R","M","R","B"],"character_chosen":"IRONCLAD","items_purchased":["Flash of Steel","Flex"],"gold_per_floor":[13,13,25,25,25,25,42,54,100,100,100,130,142,158,158,257,257,272,272,286,62,78,78,3,3,3,16,16,26,26,43,43,141,141,152,152,152,52,70,70,70,85,111,111,138,149,149,162,162,162],"floor_reached":51,"campfire_rested":4,"playtime":1229,"current_hp_per_floor":[66,66,71,71,71,71,65,49,49,49,73,59,54,60,80,56,74,82,82,76,76,41,66,66,66,66,45,70,65,86,77,77,31,75,73,92,92,92,76,76,76,82,82,82,82,90,90,92,92,34],"items_purged":["Defend_R","Strike_R"],"gold":162,"score":919,"play_id":"4863a42b-85e7-42ca-84ac-89d7246bfc0b","local_time":"20180328194510","is_prod":false,"is_daily":false,"is_ascension_mode":true,"campfire_upgraded":7,"timestamp":1522280710,"path_taken":["M","?","M","?","?","R","?","M","T","?","R","E","M","M","R","BOSS","M","?","M","$","M","R","?","R","T","M","R","M","?","M","R","BOSS","M","?","?","$","M","R","?","M","T","R","?","?","R","M","R","BOSS"],"build_version":"2018-03-22v2","purchased_purges":2,"victory":true,"master_deck":["Strike_R","Strike_R","Strike_R","Strike_R+1","Bash+1","Inflame+1","Whirlwind+1","Limit Break+1","Feed","Flex+1","Flash of Steel+1","Flex+1","Whirlwind+1","Clash+1","Limit Break+1"],"max_hp_per_floor":[80,80,80,80,80,80,80,80,80,80,80,80,80,80,80,80,80,83,83,83,83,86,86,86,86,86,86,86,86,86,89,89,89,89,92,92,92,92,92,92,92,92,92,92,92,92,92,92,92,92],"relics":["Burning Blood","Gambling Chip","Lantern","Shuriken","Runic Cube","Ginger","Velvet Choker","Blood Vial","Anchor"],"card_choices":[{"not_picked":["Sword Boomerang","Searing Blow"],"picked":"Inflame","floor":3},{"not_picked":["Havoc","Metallicize"],"picked":"Whirlwind","floor":7},{"not_picked":["Shockwave","Twin Strike"],"picked":"Limit Break","floor":8},{"not_picked":["Double Tap","Reaper"],"picked":"Feed","floor":16},{"not_picked":["Twin Strike","Anger"],"picked":"Flex","floor":18},{"not_picked":["Warcry","Seeing Red"],"picked":"Whirlwind","floor":22},{"not_picked":["Clothesline","Infernal Blade"],"picked":"Clash","floor":31}],"player_experience":206072,"potions_floor_usage":[31,33,46,50,50,50],"damage_taken":[{"damage":12,"enemies":"2 Louse","floor":1,"turns":3},{"damage":1,"enemies":"Cultist","floor":3,"turns":3},{"damage":12,"enemies":"Jaw Worm","floor":7,"turns":2},{"damage":22,"enemies":"Exordium Thugs","floor":8,"turns":4},{"damage":20,"enemies":"Lagavulin","floor":12,"turns":4},{"damage":11,"enemies":"Looter","floor":13,"turns":2},{"damage":0,"enemies":"Large Slime","floor":14,"turns":3},{"damage":30,"enemies":"The Guardian","floor":16,"turns":6},{"damage":1,"enemies":"3 Byrds","floor":18,"turns":4},{"damage":12,"enemies":"Chosen","floor":20,"turns":4},{"damage":44,"enemies":"Centurion and Healer","floor":22,"turns":4},{"damage":27,"enemies":"Cultist and Chosen","floor":27,"turns":3},{"damage":11,"enemies":"Sentry and Sphere","floor":29,"turns":3},{"damage":18,"enemies":"Snake Plant","floor":31,"turns":2},{"damage":52,"enemies":"Champ","floor":33,"turns":4},{"damage":11,"enemies":"Orb Walker","floor":35,"turns":2},{"damage":22,"enemies":"3 Darklings","floor":39,"turns":2},{"damage":0,"enemies":"Sphere and 2 Shapes","floor":42,"turns":1},{"damage":0,"enemies":"4 Shapes","floor":46,"turns":1},{"damage":0,"enemies":"3 Darklings","floor":48,"turns":1},{"damage":67,"enemies":"Time Eater","floor":50,"turns":4}],"event_choices":[{"event_name":"Upgrade Shrine","player_choice":"Upgraded","floor":2,"damage_taken":0},{"event_name":"The Cleric","player_choice":"Leave","floor":5,"damage_taken":0},{"event_name":"Accursed Blacksmith","player_choice":"Forge","floor":10,"damage_taken":0},{"event_name":"Drug Dealer","player_choice":"Ignored","floor":19,"damage_taken":0},{"event_name":"Beggar","player_choice":"Gave Gold","floor":24,"damage_taken":0},{"event_name":"The Library","player_choice":"Heal","floor":30,"damage_taken":0},{"event_name":"Winding Halls","player_choice":"Writhe","floor":36,"damage_taken":0},{"event_name":"Wheel of Change","player_choice":"Card Removal","floor":37,"damage_taken":0},{"event_name":"Duplicator","player_choice":"One dupe","floor":41,"damage_taken":0}],"boss_relics":[{"not_picked":["Orrery","Calling Bell"],"picked":"Runic Cube"},{"not_picked":["Tiny House","Pandora\u0027s Box"],"picked":"Velvet Choker"}],"potions_floor_spawned":[1,7,12,16,18,20,27,35,46,48],"seed_played":"6114725857645425044","ascension_level":9,"is_trial":false}