{"gold_per_floor":[117,367,381,392,402,402,421,421,421,440,454,23,34,60,60,165,215,228,210,222,222,222],"floor_reached":22,"playtime":1798,"items_purged":["Regret"],"score":221,"play_id":"c51276cc-dbbf-454e-ac28-412cc53342ec","local_time":"20180727002853","is_ascension_mode":true,"campfire_choices":[{"floor":6,"key":"REST"},{"floor":8,"key":"REST"},{"floor":15,"key":"REST"}],"neow_cost":"TEN_PERCENT_HP_LOSS","seed_source_timestamp":101788075139875,"circlet_count":0,"master_deck":["Strike_B","Strike_B","Strike_B","Strike_B+1","Defend_B","Defend_B","Defend_B","Defend_B","Zap","Dualcast","Multi-Cast","Heatsinks","Auto Shields","White Noise","Conserve Battery","Gash","Gash","Redo","Hologram","Cold Snap","Electrodynamics","FTL"],"relics":["Cracked Core","Blue Candle","Oddly Smooth Stone","Runic Capacitor","Boot","Tiny House","Mango"],"potions_floor_usage":[14],"damage_taken":[{"damage":8,"enemies":"2 Louse","floor":1,"turns":2},{"damage":3,"enemies":"Cultist","floor":3,"turns":4},{"damage":6,"enemies":"Small Slimes","floor":4,"turns":3},{"damage":44,"enemies":"Gremlin Gang","floor":5,"turns":5},{"damage":17,"enemies":"Lots of Slimes","floor":7,"turns":7},{"damage":14,"enemies":"Blue Slaver","floor":10,"turns":3},{"damage":1,"enemies":"Looter","floor":11,"turns":3},{"damage":3,"enemies":"2 Fungi Beasts","floor":13,"turns":4},{"damage":13,"enemies":"3 Sentries","floor":14,"turns":7},{"damage":11,"enemies":"Hexaghost","floor":16,"turns":10},{"damage":12,"enemies":"3 Byrds","floor":18,"turns":3},{"damage":20,"enemies":"2 Thieves","floor":19,"turns":4},{"damage":38,"enemies":"Chosen and Byrds","floor":20,"turns":7},{"damage":34,"enemies":"Snake Plant","floor":22,"turns":2}],"seed_played":"3820964332959977694","potions_obtained":[{"floor":1,"key":"Regen Potion"},{"floor":4,"key":"FearPotion"},{"floor":5,"key":"FairyPotion"},{"floor":14,"key":"Poison Potion"},{"floor":16,"key":"Ancient Potion"},{"floor":17,"key":"Dexterity Potion"}],"is_trial":false,"path_per_floor":["M","?","M","M","M","R","M","R","T","M","M","$","M","E","R","B",null,"M","M","M","?"],"character_chosen":"DEFECT","items_purchased":["Oddly Smooth Stone","Runic Capacitor"],"campfire_rested":3,"item_purchase_floors":[12,12],"current_hp_per_floor":[60,60,57,51,7,27,10,30,30,16,15,15,12,14,34,23,73,61,41,3,17,0],"gold":222,"neow_bonus":"THREE_RARE_CARDS","is_prod":false,"is_daily":false,"chose_seed":false,"campfire_upgraded":0,"win_rate":0,"timestamp":1532647733,"path_taken":["M","?","M","?","?","R","M","R","T","M","M","$","M","E","R","BOSS","M","M","?","?","M"],"build_version":"2018-07-19v2","purchased_purges":1,"victory":false,"max_hp_per_floor":[68,68,68,68,68,68,68,68,68,68,68,68,68,68,68,68,73,73,73,73,87,87],"card_choices":[{"not_picked":["Seek","Reboot"],"picked":"Multi-Cast","floor":0},{"not_picked":["Turbo","Reinforced Body"],"picked":"Heatsinks","floor":1},{"not_picked":["Rebound","Leap"],"picked":"Auto Shields","floor":3},{"not_picked":["Stack","Fusion"],"picked":"White Noise","floor":4},{"not_picked":["Go for the Eyes","Rip and Tear"],"picked":"Conserve Battery","floor":5},{"not_picked":["Steam Power","Auto Shields"],"picked":"Gash","floor":7},{"not_picked":["Chill","Recycle"],"picked":"Gash","floor":10},{"not_picked":["Rip and Tear","Double Energy"],"picked":"Redo","floor":11},{"not_picked":["Beam Cell","Multi-Cast"],"picked":"Hologram","floor":13},{"not_picked":["Turbo","Rebound"],"picked":"Cold Snap","floor":14},{"not_picked":["Seek","Biased Cognition"],"picked":"Electrodynamics","floor":16},{"not_picked":["Streamline+1","Steam","Go for the Eyes"],"picked":"SKIP","floor":18},{"not_picked":["Beam Cell+1","Rebound+1"],"picked":"FTL","floor":19},{"not_picked":["Blizzard+1","Sunder+1","Heatsinks"],"picked":"SKIP","floor":20}],"player_experience":233700,"relics_obtained":[{"floor":9,"key":"Blue Candle"},{"floor":14,"key":"Boot"}],"event_choices":[{"event_name":"Golden Shrine","player_choice":"Desecrate","floor":2,"damage_taken":0},{"event_name":"The Mausoleum","player_choice":"Yes","floor":21,"damage_taken":0}],"is_beta":false,"boss_relics":[{"not_picked":["Black Star","White Beast Statue"],"picked":"Tiny House"}],"items_purged_floors":[12],"is_endless":false,"potions_floor_spawned":[1,4,5,14,16,18,20],"killed_by":"Snake Plant","ascension_level":3}