{"gold_per_floor":[10,10,25,41,54,81,81,94,94,94,113,124,124,138,138,241,241,261,261,261,261],"floor_reached":21,"playtime":1072,"items_purged":[],"score":229,"play_id":"81733afb-5ee3-4c21-a831-d12a5f81c98e","local_time":"20180908180408","is_ascension_mode":true,"campfire_choices":[{"floor":7,"key":"REST"},{"data":"Lockon","floor":10,"key":"SMITH"},{"data":"Redo","floor":13,"key":"SMITH"},{"floor":15,"key":"REST"}],"neow_cost":"NO_GOLD","seed_source_timestamp":186144057062515,"circlet_count":0,"master_deck":["Strike_B","Defend_B","Defend_B","Defend_B","Defend_B","Zap","Dualcast","Multi-Cast","Scrape","Conserve Battery","Redo+1","Lockon+1","Sweeping Beam","Core Surge","Undo","Coolheaded","Auto Shields","Electrodynamics","Beam Cell","Pain"],"relics":["Cracked Core","Centennial Puzzle","Question Card","Empty Cage","WarpedTongs"],"potions_floor_usage":[16,16,18],"damage_taken":[{"damage":4,"enemies":"Small Slimes","floor":1,"turns":3},{"damage":2,"enemies":"Jaw Worm","floor":3,"turns":3},{"damage":0,"enemies":"Cultist","floor":4,"turns":2},{"damage":8,"enemies":"Large Slime","floor":5,"turns":6},{"damage":38,"enemies":"Gremlin Nob","floor":6,"turns":5},{"damage":7,"enemies":"Exordium Thugs","floor":8,"turns":4},{"damage":0,"enemies":"3 Louse","floor":11,"turns":2},{"damage":6,"enemies":"Blue Slaver","floor":12,"turns":3},{"damage":7,"enemies":"2 Fungi Beasts","floor":14,"turns":3},{"damage":10,"enemies":"Slime Boss","floor":16,"turns":12},{"damage":44,"enemies":"3 Byrds","floor":18,"turns":6},{"damage":14,"enemies":"Colosseum Slavers","floor":20,"turns":3},{"damage":14,"enemies":"Chosen","floor":21,"turns":6}],"seed_played":"-9051935121234905337","potions_obtained":[{"floor":1,"key":"Block Potion"},{"floor":5,"key":"Regen Potion"},{"floor":8,"key":"Ancient Potion"},{"floor":14,"key":"FocusPotion"}],"is_trial":false,"path_per_floor":["M","?","M","M","M","E","R","M","T","R","M","M","R","M","R","B",null,"M","?","?"],"character_chosen":"DEFECT","items_purchased":[],"campfire_rested":2,"item_purchase_floors":[],"current_hp_per_floor":[71,64,62,62,54,16,38,31,31,31,31,25,25,18,40,45,68,24,24,10,0],"gold":261,"neow_bonus":"THREE_RARE_CARDS","is_prod":false,"is_daily":false,"chose_seed":false,"campfire_upgraded":2,"win_rate":0,"timestamp":1536426248,"path_taken":["M","?","?","M","M","E","R","M","T","R","M","M","R","M","R","BOSS","M","?","?","M"],"build_version":"2018-09-06","purchased_purges":0,"victory":false,"max_hp_per_floor":[75,75,75,75,75,75,75,75,75,75,75,75,75,75,75,75,75,75,75,75,75],"card_choices":[{"not_picked":["Seek","Hyperbeam"],"picked":"Multi-Cast","floor":0},{"not_picked":["Melter","Gash"],"picked":"Scrape","floor":1},{"not_picked":["Steam","Ball Lightning"],"picked":"Conserve Battery","floor":3},{"not_picked":["Darkness","Beam Cell"],"picked":"Redo","floor":4},{"not_picked":["Streamline","Coolheaded"],"picked":"Lockon","floor":5},{"not_picked":["Lockon","Steam Power"],"picked":"Sweeping Beam","floor":6},{"not_picked":["Cold Snap","Fusion"],"picked":"Core Surge","floor":8},{"not_picked":["Coolheaded","Redo","Reinforced Body"],"picked":"Undo","floor":11},{"not_picked":["Compile Driver","Reinforced Body","Turbo"],"picked":"Coolheaded","floor":12},{"not_picked":["Beam Cell","Doom and Gloom","Static Discharge"],"picked":"Auto Shields","floor":14},{"not_picked":["Multi-Cast","Reboot","Echo Form"],"picked":"Electrodynamics","floor":16},{"not_picked":["Redo","Streamline","Barrage"],"picked":"Beam Cell","floor":18}],"player_experience":346949,"relics_obtained":[{"floor":6,"key":"Centennial Puzzle"},{"floor":9,"key":"Question Card"}],"event_choices":[{"event_name":"Golden Wing","player_choice":"Card Removal","floor":2,"damage_taken":0},{"event_name":"Accursed Blacksmith","player_choice":"Rummage","floor":19,"damage_taken":0},{"event_name":"Colosseum","player_choice":"Fight","floor":20,"damage_taken":0},{"event_name":"Colosseum","player_choice":"Fled From Nobs","floor":20,"damage_taken":0}],"is_beta":false,"boss_relics":[{"not_picked":["Black Star","Velvet Choker"],"picked":"Empty Cage"}],"items_purged_floors":[],"is_endless":false,"potions_floor_spawned":[1,5,8,14],"killed_by":"Chosen","ascension_level":5}