{"gold_per_floor":[365,147,165,165,175,175,209,209,255,255,268,218,233,233,233,233],"floor_reached":16,"playtime":415,"items_purged":[],"score":165,"play_id":"8d149751-5c37-4504-a469-8898f3fd28ba","local_time":"20190107213032","is_ascension_mode":true,"campfire_choices":[{"data":"Neutralize","floor":6,"key":"SMITH"},{"data":"Noxious Fumes","floor":8,"key":"SMITH"},{"data":"Cloak And Dagger","floor":10,"key":"SMITH"},{"floor":15,"key":"REST"}],"neow_cost":"TEN_PERCENT_HP_LOSS","seed_source_timestamp":164173839689100,"circlet_count":0,"master_deck":["AscendersBane","Defend_G","Defend_G","Defend_G","Defend_G","Defend_G","Strike_G","Strike_G","Strike_G","Strike_G","Strike_G","Survivor","Neutralize+1","Flying Knee","Accuracy","Glass Knife","Cloak And Dagger+1","Noxious Fumes+1","Riddle With Holes","Blade Dance"],"relics":["Ring of the Snake","Vajra","Regal Pillow","Potion Belt","Bag of Marbles"],"potions_floor_usage":[7,7],"damage_taken":[{"damage":0,"enemies":"2 Louse","floor":1,"turns":4},{"damage":0,"enemies":"Jaw Worm","floor":3,"turns":4},{"damage":2,"enemies":"Small Slimes","floor":5,"turns":3},{"damage":3,"enemies":"Lagavulin","floor":7,"turns":5},{"damage":3,"enemies":"Blue Slaver","floor":11,"turns":4},{"damage":27,"enemies":"Exordium Thugs","floor":13,"turns":5},{"damage":46,"enemies":"The Guardian","floor":16,"turns":8}],"seed_played":"-5186229119802150423","potions_obtained":[{"floor":3,"key":"Explosive Potion"},{"floor":5,"key":"GhostInAJar"}],"is_trial":false,"path_per_floor":["M","$","M","?","M","R","E","R","T","R","M","?","M","?","R","B"],"character_chosen":"THE_SILENT","items_purchased":["Vajra","Accuracy"],"campfire_rested":1,"item_purchase_floors":[2,2],"current_hp_per_floor":[63,63,63,63,61,61,58,58,58,58,55,55,28,10,43,0],"gold":233,"neow_bonus":"TWO_FIFTY_GOLD","is_prod":false,"is_daily":false,"chose_seed":false,"campfire_upgraded":3,"win_rate":0,"timestamp":1546896632,"path_taken":["M","$","M","?","M","R","E","R","T","R","M","?","M","?","R","BOSS"],"build_version":"2019-01-03v4","purchased_purges":0,"victory":false,"max_hp_per_floor":[63,63,63,63,63,63,63,63,63,63,63,63,63,63,63,63],"card_choices":[{"not_picked":["All Out Attack","Deadly Poison"],"picked":"Flying Knee","floor":1},{"not_picked":["Prepared","Poisoned Stab"],"picked":"Glass Knife","floor":3},{"not_picked":["Bouncing Flask","Underhanded Strike"],"picked":"Cloak And Dagger","floor":5},{"not_picked":["Predator","Leg Sweep"],"picked":"Noxious Fumes","floor":7},{"not_picked":["Poisoned Stab","Dagger Throw"],"picked":"Riddle With Holes","floor":11},{"not_picked":["Quick Slash","Masterful Stab"],"picked":"Blade Dance","floor":13}],"player_experience":541006,"relics_obtained":[{"floor":7,"key":"Potion Belt"}],"event_choices":[{"damage_healed":0,"gold_gain":0,"player_choice":"Box","damage_taken":0,"relics_obtained":["Regal Pillow"],"max_hp_gain":0,"max_hp_loss":0,"event_name":"Big Fish","floor":4,"gold_loss":0,"cards_obtained":["Regret"]},{"cards_removed":["Regret"],"damage_healed":0,"gold_gain":0,"player_choice":"Card Removal","damage_taken":0,"max_hp_gain":0,"max_hp_loss":0,"event_name":"The Cleric","floor":12,"gold_loss":50},{"damage_healed":0,"gold_gain":0,"player_choice":"Success","damage_taken":18,"relics_obtained":["Bag of Marbles"],"max_hp_gain":0,"max_hp_loss":0,"event_name":"Scrap Ooze","floor":14,"gold_loss":0}],"is_beta":false,"boss_relics":[],"items_purged_floors":[],"is_endless":false,"potions_floor_spawned":[3,5],"killed_by":"The Guardian","ascension_level":13}