{"gold_per_floor":[111,111,111,128,53,53,68,68,68,68,98,273,331,296,296,400,400,388,403,403,403,413,413,512,512],"floor_reached":25,"playtime":1105,"items_purged":["Strike_R"],"score":273,"play_id":"58f4508f-e097-4f6d-8173-d37a09b08dde","local_time":"20180901174156","is_ascension_mode":true,"campfire_choices":[{"data":"Bash","floor":6,"key":"SMITH"},{"data":"Iron Wave","floor":8,"key":"SMITH"},{"data":"Defend_R","floor":10,"key":"SMITH"},{"data":"Armaments","floor":15,"key":"SMITH"},{"data":"Inflame","floor":23,"key":"SMITH"}],"neow_cost":"PERCENT_DAMAGE","seed_source_timestamp":940246046212836,"circlet_count":0,"master_deck":["Defend_R+1","Defend_R","Defend_R","Defend_R","Bash+1","Shrug It Off","Battle Trance","Iron Wave+1","Armaments+1","Doubt","Inflame+1","Feed","Armaments+1","Shrug It Off+1","Bite","Bite","Bite","Bite","Bite","Searing Blow"],"relics":["Burning Blood","Mango","The Courier","Juzu Bracelet","Tiny Chest","Sozu","Bronze Scales"],"potions_floor_usage":[13,16,25],"damage_taken":[{"damage":8,"enemies":"Jaw Worm","floor":1,"turns":4},{"damage":1,"enemies":"Cultist","floor":4,"turns":3},{"damage":4,"enemies":"Small Slimes","floor":7,"turns":3},{"damage":11,"enemies":"Gremlin Nob","floor":11,"turns":4},{"damage":29,"enemies":"Lagavulin","floor":13,"turns":9},{"damage":57,"enemies":"Slime Boss","floor":16,"turns":14},{"damage":13,"enemies":"2 Thieves","floor":18,"turns":4},{"damage":2,"enemies":"Shell Parasite","floor":19,"turns":5},{"damage":7,"enemies":"Snecko","floor":22,"turns":6},{"damage":114,"enemies":"Gremlin Leader","floor":25,"turns":11}],"seed_played":"8626685292197512819","potions_obtained":[{"floor":7,"key":"Fire Potion"},{"floor":11,"key":"Fire Potion"},{"floor":16,"key":"Weak Potion"}],"is_trial":false,"path_per_floor":["M","?","?","M","$","R","M","R","T","R","E","?","E","?","R","B",null,"M","M","?","T","M","R","?"],"character_chosen":"IRONCLAD","items_purchased":[],"campfire_rested":0,"item_purchase_floors":[],"current_hp_per_floor":[68,68,61,66,66,66,68,68,68,68,63,63,40,63,63,12,94,91,99,71,71,71,71,71,0],"gold":512,"neow_bonus":"ONE_RARE_RELIC","is_prod":false,"is_daily":false,"chose_seed":false,"campfire_upgraded":5,"win_rate":0,"timestamp":1535820116,"path_taken":["M","?","?","M","?","R","?","R","T","R","E","?","E","?","R","BOSS","M","M","?","?","M","R","?","E"],"build_version":"2018-08-30","purchased_purges":1,"victory":false,"max_hp_per_floor":[94,94,94,94,94,94,94,94,94,94,94,94,94,94,94,94,94,98,102,71,71,71,71,71,71],"card_choices":[{"not_picked":["Havoc","Twin Strike"],"picked":"Shrug It Off","floor":1},{"not_picked":["Combust","Heavy Blade"],"picked":"Battle Trance","floor":4},{"not_picked":["Body Slam","Clash"],"picked":"Iron Wave","floor":7},{"not_picked":["Rage","Warcry"],"picked":"Armaments","floor":11},{"not_picked":["Anger","Corruption"],"picked":"Inflame","floor":13},{"not_picked":["Reaper","Impervious"],"picked":"Feed","floor":16},{"not_picked":["Body Slam","Spot Weakness"],"picked":"Armaments+1","floor":18},{"not_picked":["Fire Breathing","Armaments"],"picked":"Shrug It Off+1","floor":19},{"not_picked":["Ghostly Armor","Cleave+1"],"picked":"Searing Blow","floor":22}],"player_experience":293043,"relics_obtained":[{"floor":9,"key":"The Courier"},{"floor":11,"key":"Juzu Bracelet"},{"floor":13,"key":"Tiny Chest"},{"floor":21,"key":"Bronze Scales"}],"event_choices":[{"event_name":"Purifier","player_choice":"One Purge","floor":2,"damage_taken":0},{"event_name":"Golden Wing","player_choice":"Card Removal","floor":3,"damage_taken":0},{"event_name":"Liars Game","player_choice":"agreed","floor":12,"damage_taken":0},{"event_name":"The Cleric","player_choice":"Healed","floor":14,"damage_taken":0},{"event_name":"Vampires","player_choice":"Became a vampire","floor":20,"damage_taken":0},{"event_name":"Nest","player_choice":"Stole From Cult","floor":24,"damage_taken":0}],"is_beta":false,"boss_relics":[{"not_picked":["Coffee Dripper","Eternal Feather"],"picked":"Sozu"}],"items_purged_floors":[5],"is_endless":false,"potions_floor_spawned":[7,11,16,19,22],"killed_by":"Gremlin Leader","ascension_level":4}