{"gold_per_floor":[113,188,188,207,222,222,236,247,247,258,278,295,295,306,306,380,380,359,377,377,377,393,393,407,407,407,407,419,437,193,203,203,279,279,293,308,53,101,81,98,98,98,98,98],"floor_reached":44,"playtime":2510,"items_purged":["Havoc","Bite"],"score":872,"play_id":"3a4304c5-ac94-4fc9-9136-9a4b3ade4dcd","local_time":"20190324145847","is_ascension_mode":true,"campfire_choices":[{"floor":6,"key":"REST"},{"data":"Flame Barrier","floor":13,"key":"SMITH"},{"data":"Armaments","floor":15,"key":"SMITH"},{"data":"Demon Form","floor":23,"key":"SMITH"},{"floor":25,"key":"REST"},{"floor":32,"key":"REST"},{"data":"Offering","floor":41,"key":"SMITH"}],"neow_cost":"NONE","seed_source_timestamp":15682617786245,"circlet_count":0,"master_deck":["AscendersBane","Defend_R","Defend_R","Defend_R","Defend_R","Bash","Pommel Strike","Ghostly Armor","Demon Form+1","Flame Barrier+1","Armaments+1","Shockwave","Shrug It Off","Offering+1","Disarm","Iron Wave+1","Bite","Bite","Bite","Bite","Pommel Strike+1","Offering","Heavy Blade","Ghostly Armor","Transmutation"],"relics":["Lizard Tail","Shuriken","Busted Crown","MutagenicStrength","Pear","Orichalcum","Sozu","FossilizedHelix","Blue Candle"],"potions_floor_usage":[12,16,33,33],"damage_taken":[{"damage":1,"enemies":"Cultist","floor":1,"turns":3},{"damage":1,"enemies":"Small Slimes","floor":4,"turns":4},{"damage":7,"enemies":"Jaw Worm","floor":5,"turns":4},{"damage":15,"enemies":"Gremlin Gang","floor":7,"turns":5},{"damage":2,"enemies":"2 Fungi Beasts","floor":8,"turns":4},{"damage":1,"enemies":"Looter","floor":10,"turns":3},{"damage":3,"enemies":"Blue Slaver","floor":11,"turns":5},{"damage":7,"enemies":"Gremlin Gang","floor":12,"turns":7},{"damage":0,"enemies":"Looter","floor":14,"turns":4},{"damage":0,"enemies":"Hexaghost","floor":16,"turns":14},{"damage":18,"enemies":"2 Thieves","floor":18,"turns":4},{"damage":4,"enemies":"Chosen","floor":19,"turns":5},{"damage":10,"enemies":"Snecko","floor":22,"turns":6},{"damage":6,"enemies":"Centurion and Healer","floor":24,"turns":7},{"damage":10,"enemies":"Snake Plant","floor":28,"turns":6},{"damage":15,"enemies":"Snecko","floor":29,"turns":6},{"damage":42,"enemies":"Cultist and Chosen","floor":31,"turns":9},{"damage":40,"enemies":"Collector","floor":33,"turns":10},{"damage":6,"enemies":"3 Shapes","floor":35,"turns":5},{"damage":19,"enemies":"Orb Walker","floor":36,"turns":5},{"damage":85,"enemies":"2 Orb Walkers","floor":38,"turns":6},{"damage":7,"enemies":"Sphere and 2 Shapes","floor":40,"turns":8},{"damage":78,"enemies":"Transient","floor":44,"turns":6}],"seed_played":"-5422615675648838925","potions_obtained":[{"floor":5,"key":"SkillPotion"},{"floor":7,"key":"EssenceOfSteel"},{"floor":11,"key":"PowerPotion"},{"floor":16,"key":"LiquidBronze"},{"floor":19,"key":"PowerPotion"},{"floor":22,"key":"FearPotion"},{"floor":28,"key":"Weak Potion"}],"is_trial":false,"path_per_floor":["M","?","?","M","M","R","M","M","T","M","M","M","R","M","R","B",null,"M","M","?","?","M","R","M","R","T","?","M","M","$","M","R","B",null,"M","M","$","?","?","M","R","?","T","M"],"character_chosen":"IRONCLAD","items_purchased":["Orichalcum","Offering"],"campfire_rested":3,"item_purchase_floors":[30,37],"current_hp_per_floor":[67,56,33,32,25,47,32,30,30,29,26,19,19,19,19,19,61,43,39,39,39,29,29,23,45,55,55,52,51,51,30,47,40,54,59,43,43,20,20,26,26,26,26,0],"gold":98,"neow_bonus":"BOSS_RELIC","is_prod":false,"is_daily":false,"chose_seed":false,"campfire_upgraded":4,"win_rate":0,"timestamp":1553435927,"path_taken":["M","?","?","?","M","R","M","M","T","?","M","M","R","M","R","BOSS","M","M","?","?","M","R","M","R","T","?","M","M","$","M","R","BOSS","M","M","$","?","?","?","R","?","T","M"],"build_version":"2019-01-23","purchased_purges":2,"victory":false,"max_hp_per_floor":[75,75,75,75,75,75,75,75,75,75,75,75,75,75,75,75,75,75,75,75,75,75,75,75,75,85,59,59,59,59,59,59,59,59,59,59,59,59,59,59,59,59,59,59],"card_choices":[{"not_picked":["Entrench","Flex"],"picked":"Pommel Strike","floor":1},{"not_picked":["Havoc","Flex"],"picked":"Ghostly Armor","floor":4},{"not_picked":["Pummel","True Grit","Pommel Strike"],"picked":"SKIP","floor":5},{"not_picked":["Rage","Wild Strike"],"picked":"Demon Form","floor":7},{"not_picked":["Wild Strike","Flex"],"picked":"Flame Barrier","floor":8},{"not_picked":["Corruption","Armaments"],"picked":"Havoc","floor":10},{"not_picked":["Hemokinesis","Intimidate"],"picked":"Armaments","floor":11},{"not_picked":["Seeing Red","Reckless Charge"],"picked":"Shockwave","floor":12},{"not_picked":["Heavy Blade","Flex"],"picked":"Shrug It Off","floor":14},{"not_picked":["Bludgeon","Impervious"],"picked":"Offering","floor":16},{"not_picked":[],"picked":"Disarm","floor":18},{"not_picked":["Flex"],"picked":"SKIP","floor":19},{"not_picked":[],"picked":"Iron Wave+1","floor":22},{"not_picked":["Rage"],"picked":"SKIP","floor":24},{"not_picked":["Thunderclap"],"picked":"SKIP","floor":28},{"not_picked":["Pommel Strike"],"picked":"SKIP","floor":29},{"not_picked":[],"picked":"Pommel Strike+1","floor":31},{"not_picked":["Cleave"],"picked":"SKIP","floor":35},{"not_picked":["Sword Boomerang+1"],"picked":"SKIP","floor":36},{"not_picked":[],"picked":"Heavy Blade","floor":38},{"not_picked":[],"picked":"Ghostly Armor","floor":40},{"not_picked":[],"picked":"Transmutation","floor":42}],"player_experience":756181,"relics_obtained":[{"floor":9,"key":"Shuriken"},{"floor":26,"key":"Pear"},{"floor":38,"key":"FossilizedHelix"},{"floor":43,"key":"Blue Candle"}],"event_choices":[{"damage_healed":0,"gold_gain":75,"player_choice":"Gather Gold","damage_taken":11,"max_hp_gain":0,"max_hp_loss":0,"event_name":"World of Goop","floor":2,"gold_loss":0},{"damage_healed":0,"gold_gain":0,"player_choice":"Entered Light","damage_taken":23,"max_hp_gain":0,"max_hp_loss":0,"event_name":"Shining Light","floor":3,"gold_loss":0,"cards_upgraded":["Strike_R","Strike_R"]},{"damage_healed":0,"gold_gain":0,"player_choice":"Ignored","damage_taken":0,"max_hp_gain":0,"max_hp_loss":0,"event_name":"Cursed Tome","floor":20,"gold_loss":0},{"damage_healed":0,"gold_gain":0,"player_choice":"Inject Mutagens","damage_taken":0,"relics_obtained":["MutagenicStrength"],"max_hp_gain":0,"max_hp_loss":0,"event_name":"Drug Dealer","floor":21,"gold_loss":0},{"damage_healed":0,"gold_gain":0,"player_choice":"Became a vampire","damage_taken":0,"max_hp_gain":0,"max_hp_loss":26,"event_name":"Vampires","floor":27,"gold_loss":0,"cards_obtained":["Bite","Bite","Bite","Bite","Bite"]},{"damage_healed":0,"gold_gain":0,"player_choice":"Fight","damage_taken":0,"max_hp_gain":0,"max_hp_loss":0,"event_name":"Mysterious Sphere","floor":38,"gold_loss":0},{"damage_healed":0,"gold_gain":0,"player_choice":"Bought 1 Potion","damage_taken":0,"max_hp_gain":0,"max_hp_loss":0,"event_name":"The Woman in Blue","floor":39,"gold_loss":0},{"damage_healed":0,"gold_gain":0,"player_choice":"Memory 1","damage_taken":0,"max_hp_gain":0,"max_hp_loss":0,"event_name":"SensoryStone","floor":42,"gold_loss":0}],"is_beta":false,"boss_relics":[{"not_picked":["Cursed Key","Fusion Hammer"],"picked":"Busted Crown"},{"not_picked":["Tiny House","Empty Cage"],"picked":"Sozu"}],"items_purged_floors":[30,37],"is_endless":false,"potions_floor_spawned":[5,7,8,11,16,19,22,28,31,35],"killed_by":"Transient","ascension_level":17}