{"gold_per_floor":[110,110,121,141,14,48,48,67,67,32,32,64,64,80,80,183,183,203,60,75,88,105,105,123,123,150,150,168,188,3,18,18,119,119,132,145,145,145,420,420,420],"floor_reached":41,"playtime":2206,"items_purged":["Writhe"],"score":608,"play_id":"78de7740-9fcb-46ea-9c68-4328aeb0594d","local_time":"20181006024337","is_ascension_mode":true,"campfire_choices":[{"floor":7,"key":"REST"},{"data":"Defragment","floor":11,"key":"SMITH"},{"data":"Loop","floor":13,"key":"SMITH"},{"data":"Go for the Eyes","floor":15,"key":"SMITH"},{"floor":23,"key":"REST"},{"data":"Creative AI","floor":25,"key":"SMITH"},{"floor":32,"key":"REST"},{"data":"Magnetism","floor":40,"key":"SMITH"}],"neow_cost":"","seed_source_timestamp":300855203282361,"circlet_count":0,"master_deck":["Strike_B","Strike_B","Strike_B","Strike_B","Defend_B","Defend_B","Defend_B","Defend_B","Zap","Dualcast+1","AscendersBane","Self Repair","Chill","Redo","Loop+1","Go for the Eyes+1","Defragment+1","Conserve Battery","Creative AI+1","Barrage","Magnetism+1","Seek","Undo","Sweeping Beam","Conserve Battery","Cold Snap","Tempest+1","Fission+1","Leap+1","Conserve Battery","Regret"],"relics":["Cracked Core","Vajra","The Courier","Ice Cream","Inserter","DataDisk","Blood Vial","Happy Flower","Runic Pyramid"],"potions_floor_usage":[6,12,16,20,22,31,33,41],"damage_taken":[{"damage":14,"enemies":"Small Slimes","floor":1,"turns":4},{"damage":2,"enemies":"Jaw Worm","floor":3,"turns":3},{"damage":0,"enemies":"2 Louse","floor":4,"turns":2},{"damage":43,"enemies":"Gremlin Nob","floor":6,"turns":6},{"damage":6,"enemies":"Blue Slaver","floor":8,"turns":2},{"damage":1,"enemies":"3 Sentries","floor":12,"turns":8},{"damage":8,"enemies":"Large Slime","floor":14,"turns":5},{"damage":24,"enemies":"Hexaghost","floor":16,"turns":12},{"damage":15,"enemies":"Shell Parasite","floor":18,"turns":9},{"damage":16,"enemies":"3 Byrds","floor":20,"turns":5},{"damage":29,"enemies":"Shelled Parasite and Fungi","floor":21,"turns":8},{"damage":13,"enemies":"Chosen and Byrds","floor":22,"turns":9},{"damage":23,"enemies":"Snake Plant","floor":24,"turns":7},{"damage":11,"enemies":"3 Cultists","floor":28,"turns":4},{"damage":12,"enemies":"Centurion and Healer","floor":29,"turns":10},{"damage":16,"enemies":"Chosen and Byrds","floor":31,"turns":5},{"damage":52,"enemies":"Collector","floor":33,"turns":10},{"damage":24,"enemies":"Orb Walker","floor":35,"turns":7},{"damage":2,"enemies":"3 Shapes","floor":36,"turns":5},{"damage":56,"enemies":"Maw","floor":41,"turns":8}],"seed_played":"-2261279447417130440","potions_obtained":[{"floor":3,"key":"SpeedPotion"},{"floor":6,"key":"Explosive Potion"},{"floor":8,"key":"Explosive Potion"},{"floor":12,"key":"FocusPotion"},{"floor":20,"key":"LiquidBronze"},{"floor":21,"key":"AttackPotion"},{"floor":22,"key":"SneckoOil"},{"floor":28,"key":"Regen Potion"},{"floor":35,"key":"SneckoOil"}],"is_trial":false,"path_per_floor":["M","?","M","M","$","E","R","M","T","?","R","E","R","M","R","B",null,"M","$","M","M","M","R","M","R","T","?","M","M","$","M","R","B",null,"M","M","?","?","?","R"],"character_chosen":"DEFECT","items_purchased":["Loop","Go for the Eyes","Magnetism","Happy Flower"],"campfire_rested":3,"item_purchase_floors":[5,5,19,30],"current_hp_per_floor":[54,54,59,59,59,23,45,39,39,57,57,63,63,62,62,45,68,60,60,51,29,23,45,29,29,29,29,27,24,24,31,53,10,59,44,51,51,51,51,51,0],"gold":420,"neow_bonus":"","is_prod":false,"is_daily":false,"chose_seed":false,"campfire_upgraded":5,"win_rate":0,"timestamp":1538790217,"path_taken":["M","?","M","M","$","E","R","M","T","?","R","E","R","M","R","BOSS","M","$","M","M","M","R","M","R","T","?","?","M","$","?","R","BOSS","M","M","?","?","?","R","M"],"build_version":"2018-10-04","purchased_purges":1,"victory":false,"max_hp_per_floor":[75,75,75,75,75,75,75,75,75,75,75,75,75,75,75,75,75,75,75,75,75,75,75,75,75,75,75,75,75,75,75,75,75,75,75,75,75,75,75,75,75],"card_choices":[{"not_picked":["Beam Cell","Steam"],"picked":"Self Repair","floor":1},{"not_picked":["Blizzard","Force Field"],"picked":"Chill","floor":3},{"not_picked":["Self Repair","Storm"],"picked":"Redo","floor":4},{"not_picked":["Steam Power","Multi-Cast","Consume"],"picked":"SKIP","floor":6},{"not_picked":["Reinforced Body","Conserve Battery"],"picked":"Defragment","floor":8},{"not_picked":["Streamline","Fusion"],"picked":"Conserve Battery","floor":12},{"not_picked":["Beam Cell","Compile Driver","Leap"],"picked":"SKIP","floor":14},{"not_picked":["Multi-Cast","Biased Cognition"],"picked":"Creative AI","floor":16},{"not_picked":["Hologram","Turbo"],"picked":"Barrage","floor":18},{"not_picked":["Redo","Sweeping Beam"],"picked":"Seek","floor":20},{"not_picked":["Redo","Go for the Eyes+1"],"picked":"Undo","floor":21},{"not_picked":["Go for the Eyes+1","Leap+1"],"picked":"Sweeping Beam","floor":22},{"not_picked":["Darkness","Steam"],"picked":"Conserve Battery","floor":24},{"not_picked":["Sweeping Beam+1","Ball Lightning+1"],"picked":"Cold Snap","floor":28},{"not_picked":["Genetic Algorithm","Undo+1"],"picked":"Tempest+1","floor":29},{"not_picked":["Sweeping Beam","Doom and Gloom","Ball Lightning"],"picked":"SKIP","floor":31},{"not_picked":["Creative AI","All For One"],"picked":"Fission","floor":33},{"not_picked":["Coolheaded+1","Stack+1"],"picked":"Leap+1","floor":35},{"not_picked":["Stack+1","Tempest"],"picked":"Conserve Battery","floor":36}],"player_experience":453701,"relics_obtained":[{"floor":6,"key":"Vajra"},{"floor":9,"key":"The Courier"},{"floor":12,"key":"Ice Cream"},{"floor":26,"key":"DataDisk"}],"event_choices":[{"event_name":"Living Wall","player_choice":"Grow","floor":2,"damage_taken":0},{"event_name":"The Cleric","player_choice":"Healed","floor":10,"damage_taken":0},{"event_name":"The Mausoleum","player_choice":"Yes","floor":27,"damage_taken":0},{"event_name":"Upgrade Shrine","player_choice":"Upgraded","floor":37,"damage_taken":0},{"event_name":"Tomb of Lord Red Mask","player_choice":"Ignored","floor":38,"damage_taken":0},{"event_name":"Golden Shrine","player_choice":"Desecrate","floor":39,"damage_taken":0}],"is_beta":false,"boss_relics":[{"not_picked":["Calling Bell","Snecko Eye"],"picked":"Inserter"},{"not_picked":["Lizard Tail","Astrolabe"],"picked":"Runic Pyramid"}],"items_purged_floors":[30],"is_endless":false,"potions_floor_spawned":[3,6,8,12,20,21,22,28,35],"killed_by":"Maw","ascension_level":10}