{"gold_per_floor":[115,115,115,128,153,188,188,12,12,12,12,12,12,26,26,154,154,170,245,22,22,27,27,27],"floor_reached":24,"playtime":1178,"items_purged":["Strike_B"],"score":192,"play_id":"e0109027-857a-44d4-b4e3-340ca16dca5f","local_time":"20190325225945","is_ascension_mode":false,"campfire_choices":[{"data":"Creative AI","floor":7,"key":"SMITH"},{"data":"Zap","floor":10,"key":"SMITH"},{"data":"Beam Cell","floor":13,"key":"SMITH"},{"floor":15,"key":"REST"},{"data":"Loop","floor":23,"key":"SMITH"}],"neow_cost":"NONE","seed_source_timestamp":788101781870500,"circlet_count":0,"master_deck":["Strike_B","Strike_B","Strike_B","Defend_B","Defend_B","Defend_B","Defend_B","Zap+1","Dualcast","Conserve Battery","Capacitor","Beam Cell+1","Creative AI+1","Hologram","Regret","Doom and Gloom","Echo Form","Chill+1","Loop+1","BootSequence","Self Repair"],"relics":["Cracked Core","Meat on the Bone","Golden Idol","Centennial Puzzle","Orichalcum","Du-Vu Doll","Letter Opener","Eternal Feather"],"potions_floor_usage":[14,16],"damage_taken":[{"damage":6,"enemies":"Jaw Worm","floor":1,"turns":4},{"damage":0,"enemies":"2 Louse","floor":4,"turns":2},{"damage":1,"enemies":"Cultist","floor":5,"turns":4},{"damage":19,"enemies":"3 Sentries","floor":6,"turns":8},{"damage":24,"enemies":"Gremlin Gang","floor":14,"turns":3},{"damage":22,"enemies":"Slime Boss","floor":16,"turns":9},{"damage":20,"enemies":"Spheric Guardian","floor":18,"turns":4},{"damage":10,"enemies":"2 Thieves","floor":22,"turns":4},{"damage":58,"enemies":"Slavers","floor":24,"turns":5}],"seed_played":"1452555789703333904","potions_obtained":[{"floor":4,"key":"LiquidBronze"},{"floor":14,"key":"PowerPotion"}],"is_trial":false,"path_per_floor":["M","?","?","M","M","E","R","$","T","R","$","?","R","M","R","B",null,"M","?","$","$","M","R","E"],"character_chosen":"DEFECT","items_purchased":["Orichalcum","Hologram","Loop","BootSequence"],"campfire_rested":1,"item_purchase_floors":[8,8,20,20],"current_hp_per_floor":[76,73,73,73,72,53,53,53,53,53,53,53,53,41,63,41,76,56,49,49,49,39,51,0],"gold":27,"neow_bonus":"TEN_PERCENT_HP_BONUS","is_prod":false,"is_daily":false,"chose_seed":false,"campfire_upgraded":4,"win_rate":0.0,"timestamp":1553569185,"path_taken":["M","?","?","M","M","E","R","$","T","R","?","?","R","M","R","BOSS","M","?","?","$","?","R","E"],"build_version":"2019-01-23","purchased_purges":1,"victory":false,"max_hp_per_floor":[82,82,76,76,76,76,76,76,76,76,76,76,76,76,76,76,76,76,76,76,76,76,76,76],"card_choices":[{"not_picked":["Cold Snap","Coolheaded"],"picked":"Conserve Battery","floor":1},{"not_picked":["Barrage","Leap"],"picked":"Capacitor","floor":4},{"not_picked":["Chaos","Loop"],"picked":"Beam Cell","floor":5},{"not_picked":["Compile Driver","Darkness"],"picked":"Creative AI","floor":6},{"not_picked":["Coolheaded","Redo"],"picked":"Doom and Gloom","floor":14},{"not_picked":["Meteor Strike","All For One"],"picked":"Echo Form","floor":16},{"not_picked":["Go for the Eyes+1","Rebound"],"picked":"Chill+1","floor":18},{"not_picked":["Defragment","Glacier"],"picked":"Self Repair","floor":22}],"player_experience":65041,"relics_obtained":[{"floor":6,"key":"Centennial Puzzle"},{"floor":9,"key":"Du-Vu Doll"}],"event_choices":[{"damage_healed":0,"gold_gain":0,"player_choice":"Success","damage_taken":3,"relics_obtained":["Meat on the Bone"],"max_hp_gain":0,"max_hp_loss":0,"event_name":"Scrap Ooze","floor":2,"gold_loss":0},{"damage_healed":0,"gold_gain":0,"player_choice":"Lose Max HP","damage_taken":0,"relics_obtained":["Golden Idol"],"max_hp_gain":0,"max_hp_loss":6,"event_name":"Golden Idol","floor":3,"gold_loss":0},{"damage_healed":0,"gold_gain":0,"player_choice":"Box","damage_taken":0,"relics_obtained":["Letter Opener"],"max_hp_gain":0,"max_hp_loss":0,"event_name":"Big Fish","floor":12,"gold_loss":0,"cards_obtained":["Regret"]},{"damage_healed":0,"gold_gain":75,"player_choice":"Touch","damage_taken":7,"max_hp_gain":0,"max_hp_loss":0,"event_name":"FaceTrader","floor":19,"gold_loss":0}],"is_beta":false,"boss_relics":[{"not_picked":["Lizard Tail","Ectoplasm"],"picked":"Eternal Feather"}],"items_purged_floors":[20],"is_endless":false,"potions_floor_spawned":[4,14],"killed_by":"Slavers","ascension_level":0}