{"gold_per_floor":[114,134,150,165,165,165,115,128,199,199,199],"floor_reached":11,"playtime":320,"items_purged":[],"score":65,"play_id":"d6281c94-a4dc-4f7b-9ba5-65264b4a84f7","local_time":"20190202101003","is_ascension_mode":false,"campfire_choices":[{"data":"Fission","floor":6,"key":"SMITH"}],"neow_cost":"PERCENT_DAMAGE","seed_source_timestamp":665913683646200,"circlet_count":0,"master_deck":["Strike_B","Strike_B","Defend_B","Defend_B","Defend_B","Defend_B","Zap","Dualcast","Fission+1","Conserve Battery"],"relics":["Cracked Core","Pantograph","CultistMask"],"potions_floor_usage":[11],"damage_taken":[{"damage":1,"enemies":"Cultist","floor":1,"turns":3},{"damage":5,"enemies":"2 Louse","floor":2,"turns":3},{"damage":0,"enemies":"Jaw Worm","floor":3,"turns":3},{"damage":1,"enemies":"2 Fungi Beasts","floor":4,"turns":4},{"damage":0,"enemies":"Lots of Slimes","floor":8,"turns":4},{"damage":42,"enemies":"Gremlin Gang","floor":11,"turns":3}],"seed_played":"-6245192800582682193","potions_obtained":[{"floor":1,"key":"PowerPotion"},{"floor":3,"key":"FocusPotion"}],"is_trial":false,"path_per_floor":["M","M","M","M","?","R","?","M","T","?","M"],"character_chosen":"DEFECT","items_purchased":[],"campfire_rested":0,"item_purchase_floors":[],"current_hp_per_floor":[53,48,48,47,40,40,40,40,40,40,0],"gold":199,"neow_bonus":"THREE_RARE_CARDS","is_prod":false,"is_daily":false,"chose_seed":false,"campfire_upgraded":1,"win_rate":0,"timestamp":1549120203,"path_taken":["M","M","?","?","?","R","?","M","T","?","?"],"build_version":"2019-01-23","purchased_purges":0,"victory":false,"max_hp_per_floor":[75,75,75,75,75,75,75,75,75,75,75],"card_choices":[{"not_picked":["Rainbow","Core Surge"],"picked":"Fission","floor":0},{"not_picked":["Undo","Barrage","Doom and Gloom"],"picked":"SKIP","floor":1},{"not_picked":["Coolheaded","Stack"],"picked":"Conserve Battery","floor":2},{"not_picked":["Coolheaded","Static Discharge","Stack"],"picked":"SKIP","floor":3},{"not_picked":["Cold Snap","Stack","Sunder"],"picked":"SKIP","floor":4},{"not_picked":["Hologram","Beam Cell","Double Energy"],"picked":"SKIP","floor":8}],"player_experience":230774,"relics_obtained":[{"floor":9,"key":"Pantograph"}],"event_choices":[{"cards_removed":["Strike_B"],"damage_healed":0,"gold_gain":0,"player_choice":"Card Removal","damage_taken":7,"max_hp_gain":0,"max_hp_loss":0,"event_name":"Golden Wing","floor":5,"gold_loss":0},{"cards_removed":["Strike_B"],"damage_healed":0,"gold_gain":0,"player_choice":"Card Removal","damage_taken":0,"max_hp_gain":0,"max_hp_loss":0,"event_name":"The Cleric","floor":7,"gold_loss":50},{"damage_healed":0,"gold_gain":0,"player_choice":"Trade","damage_taken":0,"relics_obtained":["CultistMask"],"max_hp_gain":0,"max_hp_loss":0,"event_name":"FaceTrader","floor":10,"gold_loss":0}],"is_beta":false,"boss_relics":[],"items_purged_floors":[],"is_endless":false,"potions_floor_spawned":[1,3],"killed_by":"Gremlin Gang","ascension_level":0}