{"gold_per_floor":[111,127,194,194,48,48,76,76,76,105,105,120,185,203,203,302,302,312,324,324,324,344,378,378,405,405,432,443,443,462,482,482,577,577,592,592,608,225,225,225,255,255,255,269,289,289,308,343,343,343,343,343,14,45,45],"floor_reached":55,"playtime":3210,"items_purged":["Defend_R","Strike_R","Strike_R"],"score":800,"play_id":"f8db1c46-c033-49c8-ae32-0f0f23aa6041","local_time":"20190315195949","is_ascension_mode":false,"campfire_choices":[{"data":"Flame Barrier","floor":6.0,"key":"SMITH"},{"floor":8.0,"key":"RECALL"},{"data":"Feed","floor":11.0,"key":"SMITH"},{"floor":15.0,"key":"REST"},{"floor":24.0,"key":"REST"},{"floor":29.0,"key":"REST"},{"floor":32.0,"key":"REST"},{"floor":40.0,"key":"REST"},{"floor":42.0,"key":"REST"},{"floor":46.0,"key":"REST"},{"floor":49.0,"key":"REST"},{"floor":52,"key":"REST"}],"neow_cost":"NONE","seed_source_timestamp":0,"circlet_count":0,"master_deck":["Strike_R+1","Strike_R","Strike_R","Defend_R+1","Defend_R+1","Defend_R","Bash+1","Clothesline","Juggernaut","Flame Barrier+1","Feed+1","Corruption+1","Battle Trance","Juggernaut+1","Feed","Body Slam+1","Intimidate+1","Warcry","Metallicize+1","Reaper","Demon Form+1","Armaments+1","True Grit+1","Finesse","Flame Barrier+1","Flame Barrier+1","Parasite","Shrug It Off+1","Flame Barrier+1","Metallicize+1","Dark Shackles"],"special_seed":0,"relics":["Burning Blood","Dodecahedron","Frozen Egg 2","Dream Catcher","Red Skull","Fusion Hammer","Blood Vial","Thread and Needle","Red Mask","Ice Cream","War Paint","Black Star","TheAbacus","Molten Egg 2","Ginger","Unceasing Top","Bottled Lightning","Lantern","Whetstone"],"potions_floor_usage":[54,55,55],"damage_taken":[{"damage":6.0,"enemies":"2 Louse","floor":1.0,"turns":3.0},{"damage":3.0,"enemies":"Jaw Worm","floor":2.0,"turns":3.0},{"damage":26.0,"enemies":"3 Sentries","floor":7.0,"turns":8.0},{"damage":20.0,"enemies":"Gremlin Nob","floor":10.0,"turns":5.0},{"damage":10.0,"enemies":"Cultist","floor":12.0,"turns":4.0},{"damage":37.0,"enemies":"3 Sentries","floor":13.0,"turns":9.0},{"damage":9.0,"enemies":"Blue Slaver","floor":14.0,"turns":4.0},{"damage":36.0,"enemies":"The Guardian","floor":16.0,"turns":11.0},{"damage":22.0,"enemies":"Spheric Guardian","floor":18.0,"turns":4.0},{"damage":15.0,"enemies":"Chosen","floor":19.0,"turns":6.0},{"damage":33.0,"enemies":"Snake Plant","floor":22.0,"turns":5.0},{"damage":55.0,"enemies":"Slavers","floor":23.0,"turns":8.0},{"damage":10.0,"enemies":"Masked Bandits","floor":25.0,"turns":4.0},{"damage":9.0,"enemies":"Book of Stabbing","floor":27.0,"turns":4.0},{"damage":0.0,"enemies":"Chosen and Byrds","floor":28.0,"turns":5.0},{"damage":9.0,"enemies":"Centurion and Healer","floor":30.0,"turns":6.0},{"damage":0.0,"enemies":"Snake Plant","floor":31.0,"turns":3.0},{"damage":13.0,"enemies":"Collector","floor":33.0,"turns":9.0},{"damage":0.0,"enemies":"Orb Walker","floor":35.0,"turns":3.0},{"damage":5.0,"enemies":"3 Shapes","floor":37.0,"turns":4.0},{"damage":7.0,"enemies":"Giant Head","floor":41.0,"turns":9.0},{"damage":7.0,"enemies":"Writhing Mass","floor":44.0,"turns":5.0},{"damage":5.0,"enemies":"4 Shapes","floor":45.0,"turns":8.0},{"damage":0.0,"enemies":"3 Darklings","floor":47.0,"turns":6.0},{"damage":8.0,"enemies":"Nemesis","floor":48.0,"turns":9.0},{"damage":64.0,"enemies":"Donu and Deca","floor":50.0,"turns":11.0},{"damage":20,"enemies":"Shield and Spear","floor":54,"turns":6},{"damage":133,"enemies":"The Heart","floor":55,"turns":6}],"seed_played":"-3307448264132660892","potions_obtained":[{"floor":10.0,"key":"Dexterity Potion"},{"floor":12.0,"key":"Fire Potion"},{"floor":16.0,"key":"Energy Potion"},{"floor":18.0,"key":"Block Potion"},{"floor":22.0,"key":"Dexterity Potion"},{"floor":28.0,"key":"Dexterity Potion"},{"floor":33.0,"key":"SkillPotion"},{"floor":35.0,"key":"Block Potion"},{"floor":41.0,"key":"Dexterity Potion"}],"is_trial":false,"path_per_floor":["M","M","?","?","$","R","E","R","T","E","R","M","?","M","R","B",null,"M","M","?","?","M","E","R","?","T","E","M","R","M","M","R","B",null,"M","?","M","$","?","R","E","R","T","M","M","R","M","E","R","B",null,"R","$","E","B"],"character_chosen":"IRONCLAD","items_purchased":["Flame Barrier","TheAbacus","Finesse","Metallicize+1","Dark Shackles","Block Potion"],"campfire_rested":9,"item_purchase_floors":[5,38,38,53,53,53],"current_hp_per_floor":[80,80,80,80,80,80,60,60,60,49,49,45,18,19,46,20,95,79,70,70,75,54,11,41,43,43,55,71,105,121,124,124,120,127,127,127,131,131,124,124,124,124,124,123,124,124,124,124,124,102,128,128,128,114,0],"gold":45,"neow_bonus":"UPGRADE_CARD","is_prod":false,"is_daily":false,"chose_seed":false,"campfire_upgraded":2,"win_rate":0,"timestamp":1552694389,"path_taken":["M","M","?","?","$","R","E","R","T","E","R","?","?","M","R","BOSS","M","M","?","?","?","E","R","?","T","E","M","R","M","M","R","BOSS","M","?","M","$","?","R","E","R","T","M","M","R","M","E","R","BOSS","R","$","E","BOSS"],"build_version":"2019-01-23","purchased_purges":3,"victory":false,"max_hp_per_floor":[80,80,80,80,80,80,80,80,80,83,83,83,87,91,91,95,95,95,95,95,95,99,103,103,107,107,110,114,114,121,124,124,127,127,127,127,131,131,124,124,124,124,124,124,124,124,124,124,124,128,128,128,128,128,128],"card_choices":[{"not_picked":["Havoc","Cleave"],"picked":"Clothesline","floor":1.0},{"not_picked":["Havoc","Wild Strike"],"picked":"Perfected Strike","floor":2.0},{"not_picked":["Combust","Pommel Strike"],"picked":"Feed","floor":7.0},{"not_picked":["Metallicize+1","Clothesline"],"picked":"Corruption+1","floor":10.0},{"not_picked":["Thunderclap","Combust+1"],"picked":"Battle Trance","floor":12.0},{"not_picked":["Heavy Blade","Cleave","Havoc"],"picked":"SKIP","floor":14.0},{"not_picked":["Reckless Charge","Cleave"],"picked":"Juggernaut+1","floor":15.0},{"not_picked":["Reaper","Exhume"],"picked":"Feed","floor":16.0},{"not_picked":["Ghostly Armor","Iron Wave+1"],"picked":"Body Slam","floor":18.0},{"not_picked":["Headbutt+1","Sentinel"],"picked":"Intimidate+1","floor":19.0},{"not_picked":["Evolve+1","Sword Boomerang","Infernal Blade"],"picked":"SKIP","floor":22.0},{"not_picked":["Clash+1","Perfected Strike+1"],"picked":"Warcry","floor":23.0},{"not_picked":["Wild Strike","Flex"],"picked":"Metallicize+1","floor":24.0},{"not_picked":["Hemokinesis+1","Clash+1"],"picked":"Reaper","floor":25.0},{"not_picked":["True Grit","Sword Boomerang","Havoc"],"picked":"SKIP","floor":27.0},{"not_picked":["Twin Strike","Clash"],"picked":"Demon Form+1","floor":28.0},{"not_picked":["Wild Strike","Evolve+1","Iron Wave"],"picked":"SKIP","floor":30.0},{"not_picked":["Combust+1","Shockwave","Searing Blow+1"],"picked":"SKIP","floor":31.0},{"not_picked":["Body Slam+1","Warcry+1"],"picked":"Armaments+1","floor":32.0},{"not_picked":["Double Tap","Fiend Fire"],"picked":"Feed","floor":33.0},{"not_picked":["Anger","Heavy Blade"],"picked":"True Grit+1","floor":35.0},{"not_picked":["Sword Boomerang+1","Body Slam","Heavy Blade+1"],"picked":"SKIP","floor":37.0},{"not_picked":["Headbutt","Heavy Blade"],"picked":"Flame Barrier+1","floor":40.0},{"not_picked":["Bloodletting","Warcry+1","Thunderclap+1"],"picked":"SKIP","floor":41.0},{"not_picked":["Inflame+1","Evolve+1"],"picked":"Flame Barrier+1","floor":42.0},{"not_picked":["Sever Soul+1","Cleave+1"],"picked":"Shrug It Off+1","floor":44.0},{"not_picked":["Flex+1","Rage","Clash+1"],"picked":"SKIP","floor":45.0},{"not_picked":["Cleave+1","Searing Blow+1","Fiend Fire+1"],"picked":"SKIP","floor":47.0},{"not_picked":["Warcry+1","Havoc+1"],"picked":"Flame Barrier+1","floor":48.0},{"not_picked":["Iron Wave+1","Pommel Strike+1","Shrug It Off"],"picked":"SKIP","floor":54}],"player_experience":302386,"relics_obtained":[{"floor":7.0,"key":"Dodecahedron"},{"floor":9.0,"key":"Frozen Egg 2"},{"floor":10.0,"key":"Dream Catcher"},{"floor":13.0,"key":"Red Skull"},{"floor":23.0,"key":"Thread and Needle"},{"floor":25.0,"key":"Red Mask"},{"floor":26.0,"key":"Ice Cream"},{"floor":27.0,"key":"War Paint"},{"floor":41.0,"key":"Molten Egg 2"},{"floor":41.0,"key":"Ginger"},{"floor":48.0,"key":"Unceasing Top"},{"floor":48.0,"key":"Bottled Lightning"},{"floor":54,"key":"Lantern"},{"floor":54,"key":"Whetstone"}],"event_choices":[{"damage_healed":0.0,"max_hp_gain":0.0,"max_hp_loss":0.0,"gold_gain":67.0,"event_name":"Golden Wing","player_choice":"Gained Gold","floor":3.0,"gold_loss":0.0,"damage_taken":0.0},{"damage_healed":0.0,"max_hp_gain":0.0,"max_hp_loss":0.0,"gold_gain":0.0,"event_name":"Match and Keep!","player_choice":"1 cards matched","floor":4.0,"gold_loss":0.0,"damage_taken":0.0,"cards_obtained":["Juggernaut"]},{"damage_healed":0.0,"max_hp_gain":0.0,"max_hp_loss":0.0,"gold_gain":0.0,"event_name":"Dead Adventurer","player_choice":"Searched \u00271\u0027 times","floor":13.0,"gold_loss":0.0,"damage_taken":0.0},{"damage_healed":0.0,"max_hp_gain":0.0,"max_hp_loss":0.0,"gold_gain":0.0,"event_name":"The Mausoleum","player_choice":"Opened","floor":20.0,"gold_loss":0.0,"damage_taken":0.0,"relics_obtained":["Blood Vial"]},{"cards_removed":["Perfected Strike"],"damage_healed":5.0,"max_hp_gain":0.0,"max_hp_loss":0.0,"gold_gain":0.0,"event_name":"Bonfire Elementals","player_choice":"Offered Common","floor":21.0,"gold_loss":0.0,"damage_taken":0.0},{"cards_removed":["Perfected Strike"],"damage_healed":5.0,"max_hp_gain":0.0,"max_hp_loss":0.0,"gold_gain":0.0,"event_name":"Bonfire Elementals","player_choice":"Offered Special","floor":21.0,"gold_loss":0.0,"damage_taken":0.0},{"damage_healed":0.0,"max_hp_gain":0.0,"max_hp_loss":0.0,"gold_gain":0.0,"event_name":"Masked Bandits","player_choice":"Fought Bandits","floor":25.0,"gold_loss":0.0,"damage_taken":0.0},{"cards_removed":["Feed"],"damage_healed":0.0,"max_hp_gain":0.0,"max_hp_loss":0.0,"gold_gain":0.0,"event_name":"Falling","player_choice":"Removed Attack","floor":36.0,"gold_loss":0.0,"damage_taken":0.0},{"damage_healed":0.0,"max_hp_gain":0.0,"max_hp_loss":7.0,"gold_gain":0.0,"event_name":"Winding Halls","player_choice":"Max HP","floor":39.0,"gold_loss":0.0,"damage_taken":0.0}],"is_beta":false,"boss_relics":[{"not_picked":["Pandora\u0027s Box","Tiny House"],"picked":"Fusion Hammer"},{"not_picked":["Velvet Choker","Runic Dome"],"picked":"Black Star"}],"items_purged_floors":[5,38,53],"is_endless":false,"potions_floor_spawned":[10,12,16,18,22,28,33,35,41],"killed_by":"The Heart","ascension_level":0}