{"path_per_floor":["M","?","M","M","M","$","M","M","T","R","E","R","E","M","R","B",null,"M","M","M","?","M","M","E","?","T","$","R","?","M","?","R","B",null,"M","M","?"],"character_chosen":"IRONCLAD","items_purchased":["Disarm","Intimidate","Sadistic Nature"],"gold_per_floor":[110,60,79,96,115,5,0,10,40,40,75,75,106,120,120,222,222,222,222,222,222,222,222,222,222,222,15,15,15,15,15,15,15,15,15,15,15],"floor_reached":38,"campfire_rested":1,"playtime":5469,"current_hp_per_floor":[80,80,80,80,78,78,80,73,73,73,60,60,39,34,34,33,80,78,79,47,76,79,71,32,32,32,32,32,32,31,31,57,68,91,60,37,37],"items_purged":[],"gold":15,"play_id":"9fcd9b13-1ef8-456f-ba58-cf86594e8efb","is_prod":false,"is_daily":false,"is_ascension_mode":false,"campfire_upgraded":4,"path_taken":["M","?","M","M","M","$","M","M","T","R","E","R","E","M","R","BOSS","M","M","M","?","M","M","E","?","T","$","R","?","M","?","R","BOSS","M","M","?","M"],"build_version":"2018-02-01-PROD3","purchased_purges":0,"victory":false,"master_deck":["Defend_R","Defend_R","Defend_R","Bash","Heavy Blade","Flex+1","Armaments+1","Demon Form+1","Disarm","Anger","Second Wind","Brutality","Iron Wave","Feed","Armaments+1","Shrug It Off+1","Sword Boomerang","Blood for Blood","Iron Wave","Flex","Bite","Bite","Bite","Bite","Sadistic Nature","Flex+1","Limit Break","Barricade+1","Thunderclap+1","Clash+1","Iron Wave+1"],"max_hp_per_floor":[80,80,80,80,80,80,80,80,80,80,80,80,80,80,80,80,80,83,83,87,87,87,87,87,87,87,87,87,87,87,87,87,91,91,91,94,94],"relics":["Burning Blood","Pen Nib","Tiny Chest","Juzu Bracelet","Ectoplasm","Ancient Tea Set","Lantern","Astrolabe"],"card_choices":[{"not_picked":["Hemokinesis","Searing Blow"],"picked":"Heavy Blade"},{"not_picked":["Armaments","Cleave"],"picked":"Flex"},{"not_picked":["Body Slam","Hemokinesis"],"picked":"Armaments"},{"not_picked":["True Grit","Headbutt"],"picked":"Demon Form"},{"not_picked":["Clothesline","Armaments"],"picked":"Feel No Pain"},{"not_picked":["Searing Blow","Headbutt"],"picked":"Anger"},{"not_picked":["Iron Wave","Sever Soul"],"picked":"Second Wind"},{"not_picked":["True Grit","Headbutt"],"picked":"Brutality"},{"not_picked":["Pommel Strike","Sword Boomerang"],"picked":"Iron Wave"},{"not_picked":["Barricade","Fiend Fire"],"picked":"Feed"},{"not_picked":["Rampage","Anger"],"picked":"Armaments"},{"not_picked":["Flex","Armaments"],"picked":"Shrug It Off"},{"not_picked":["Anger","Body Slam"],"picked":"Sword Boomerang"},{"not_picked":["Clash","Intimidate"],"picked":"Blood for Blood"},{"not_picked":["Searing Blow","Blood for Blood"],"picked":"Iron Wave"},{"not_picked":["Dark Embrace","Armaments"],"picked":"Flex"},{"not_picked":["Pummel","Body Slam"],"picked":"Flex"},{"not_picked":["Reaper","Barricade"],"picked":"Limit Break"},{"not_picked":["Burning Pact","Armaments"],"picked":"Iron Wave"}],"player_experience":30934,"potions_floor_usage":[11,16,16,16,33,33,38,38,38],"damage_taken":[{"damage":1,"enemies":"Small Slimes","floor":1,"turns":4},{"damage":1,"enemies":"Jaw Worm","floor":3,"turns":4},{"damage":1,"enemies":"Cultist","floor":4,"turns":4},{"damage":8,"enemies":"Red Slaver","floor":5,"turns":3},{"damage":3,"enemies":"Looter","floor":7,"turns":4},{"damage":13,"enemies":"Lots of Slimes","floor":8,"turns":6},{"damage":19,"enemies":"3 Sentries","floor":11,"turns":6},{"damage":27,"enemies":"Gremlin Nob","floor":13,"turns":5},{"damage":13,"enemies":"Exordium Thugs","floor":14,"turns":4},{"damage":24,"enemies":"Slime Boss","floor":16,"turns":8},{"damage":11,"enemies":"Shell Parasite","floor":18,"turns":6},{"damage":7,"enemies":"Chosen","floor":19,"turns":6},{"damage":44,"enemies":"3 Cultists","floor":20,"turns":7},{"damage":5,"enemies":"Centurion and Healer","floor":22,"turns":5},{"damage":16,"enemies":"Snecko","floor":23,"turns":5},{"damage":47,"enemies":"Gremlin Leader","floor":24,"turns":6},{"damage":14,"enemies":"Snake Plant","floor":30,"turns":4},{"damage":35,"enemies":"Champ","floor":33,"turns":10},{"damage":40,"enemies":"3 Shapes","floor":35,"turns":6},{"damage":38,"enemies":"3 Darklings","floor":36,"turns":6},{"damage":45,"enemies":"Sphere and 2 Shapes","floor":38,"turns":4}],"event_choices":[{"event_name":"The Cleric","player_choice":"Card Removal","floor":2,"damage_taken":0},{"event_name":"The Library","player_choice":"Heal","floor":21,"damage_taken":0},{"event_name":"Vampires","player_choice":"Became a vampire (Vial)","floor":25,"damage_taken":0},{"event_name":"Beggar","player_choice":"Ignored","floor":29,"damage_taken":0},{"event_name":"The Lab","player_choice":"Got Potions","floor":31,"damage_taken":0}],"boss_relics":[{"not_picked":["Cursed Key","Velvet Choker"],"picked":"Ectoplasm"},{"not_picked":["Mark of Pain","Philosopher\u0027s Stone"],"picked":"Astrolabe"}],"potions_floor_spawned":[1,3,5,13,19,22,30,33,36],"seed_played":"-1267604191974737652","killed_by":"Sphere and 2 Shapes","ascension_level":0,"is_trial":false}