{"gold_per_floor":[368,368,115,290,302,334,334,352,352,352,364,364,364,384,384,488,488,507,417,117,129,144,144,179,190,213,230,70,70,87,99,99,204,204,219,16,26,26,26,26,37,37,107,4,4,4,54,79,79,79],"floor_reached":51,"playtime":3185,"items_purged":["Strike_R","Strike_R","Strike_R"],"score":998,"play_id":"205f8897-6910-4ec8-8d8e-0a4a691dcf6f","local_time":"20180914023505","is_ascension_mode":true,"campfire_choices":[{"data":"Barricade","floor":10,"key":"SMITH"},{"data":"Magnetism","floor":12,"key":"SMITH"},{"data":"Bash","floor":15,"key":"SMITH"},{"floor":23,"key":"REST"},{"data":"Armaments","floor":29,"key":"SMITH"},{"floor":32,"key":"REST"},{"data":"Flex","floor":40,"key":"SMITH"},{"data":"Deep Breath","floor":42,"key":"SMITH"},{"data":"Infernal Blade","floor":45,"key":"SMITH"},{"data":"Impervious","floor":49,"key":"SMITH"}],"neow_cost":"CURSE","seed_source_timestamp":126595693787468,"circlet_count":0,"master_deck":["Strike_R","Defend_R","Defend_R","Defend_R","Defend_R","Bash+1","Magnetism+1","Infernal Blade+1","Barricade+1","Battle Trance","Twin Strike","Impervious+1","Body Slam+1","Shrug It Off","Flash of Steel","Anger","Armaments+1","Shockwave+1","Flex+1","Impervious+1","Pommel Strike+1","Deep Breath+1","Metallicize+1","Warcry+1","Bash","Good Instincts","Entrench+1"],"relics":["Black Blood","Matryoshka","Oddly Smooth Stone","Art of War","Membership Card","Gremlin Horn","Smiling Mask","TheAbacus","Sozu","ClockworkSouvenir","WingedGreaves","Kunai","Strange Spoon","Anchor","Bag of Marbles"],"potions_floor_usage":[16,18,22,22,33,33,50],"damage_taken":[{"damage":11,"enemies":"Small Slimes","floor":1,"turns":4},{"damage":4,"enemies":"Cultist","floor":5,"turns":3},{"damage":26,"enemies":"Gremlin Nob","floor":6,"turns":4},{"damage":8,"enemies":"2 Louse","floor":8,"turns":3},{"damage":0,"enemies":"2 Fungi Beasts","floor":11,"turns":4},{"damage":26,"enemies":"Looter","floor":14,"turns":4},{"damage":28,"enemies":"The Guardian","floor":16,"turns":14},{"damage":17,"enemies":"Spheric Guardian","floor":18,"turns":9},{"damage":0,"enemies":"Chosen","floor":21,"turns":7},{"damage":62,"enemies":"Sentry and Sphere","floor":22,"turns":8},{"damage":6,"enemies":"Centurion and Healer","floor":24,"turns":9},{"damage":14,"enemies":"Shelled Parasite and Fungi","floor":25,"turns":7},{"damage":0,"enemies":"3 Cultists","floor":27,"turns":5},{"damage":27,"enemies":"Snake Plant","floor":30,"turns":5},{"damage":13,"enemies":"Centurion and Healer","floor":31,"turns":6},{"damage":18,"enemies":"Collector","floor":33,"turns":9},{"damage":0,"enemies":"3 Shapes","floor":35,"turns":6},{"damage":6,"enemies":"Orb Walker","floor":37,"turns":3},{"damage":0,"enemies":"Mind Bloom Boss Battle","floor":38,"turns":8},{"damage":0,"enemies":"Transient","floor":41,"turns":5},{"damage":11,"enemies":"Nemesis","floor":47,"turns":9},{"damage":0,"enemies":"Donu and Deca","floor":50,"turns":21}],"seed_played":"3803581431507991655","potions_obtained":[{"floor":6,"key":"SpeedPotion"},{"floor":11,"key":"Swift Potion"},{"floor":14,"key":"Weak Potion"},{"floor":16,"key":"Weak Potion"},{"floor":22,"key":"Dexterity Potion"},{"floor":25,"key":"Fire Potion"},{"floor":27,"key":"Explosive Potion"},{"floor":33,"key":"Explosive Potion"}],"is_trial":false,"path_per_floor":["M","?","$","?","M","E","?","M","T","R","M","R","?","M","R","B",null,"M","?","$","M","M","R","M","M","T","M","$","R","M","M","R","B",null,"M","$","M","?","?","R","M","R","T","$","R","?","E","T","R","B"],"character_chosen":"IRONCLAD","items_purchased":["Magnetism","Infernal Blade","Membership Card","Shrug It Off","Flash of Steel","Flex","TheAbacus","ClockworkSouvenir","Deep Breath","Strange Spoon"],"campfire_rested":2,"item_purchase_floors":[3,3,20,20,20,28,28,36,36,44],"current_hp_per_floor":[67,67,67,67,69,49,42,40,40,40,46,46,71,51,51,29,65,58,58,58,68,16,39,43,39,39,49,49,49,32,29,52,44,69,77,77,77,77,77,77,77,77,77,77,77,77,76,76,76,77],"gold":79,"neow_bonus":"TWO_FIFTY_GOLD","is_prod":false,"is_daily":false,"chose_seed":false,"campfire_upgraded":8,"win_rate":0,"timestamp":1536888905,"path_taken":["M","?","$","?","?","E","?","M","T","R","M","R","?","M","R","BOSS","M","?","$","M","M","R","M","?","T","M","$","R","M","M","R","BOSS","M","$","M","?","?","R","?","R","T","$","R","?","E","?","R","BOSS"],"build_version":"2018-09-06","purchased_purges":3,"victory":true,"max_hp_per_floor":[80,77,77,77,77,77,77,77,77,77,77,77,77,77,77,77,77,77,77,77,77,77,77,77,77,77,77,77,77,77,77,77,77,77,77,77,77,77,77,77,77,77,77,77,77,77,77,77,77,77],"card_choices":[{"not_picked":["Warcry","Rampage","Havoc"],"picked":"SKIP","floor":1},{"not_picked":["Carnage","Headbutt","Reckless Charge"],"picked":"SKIP","floor":5},{"not_picked":["Demon Form","Headbutt"],"picked":"Barricade","floor":6},{"not_picked":["Evolve","Anger"],"picked":"Battle Trance","floor":8},{"not_picked":["Carnage","Perfected Strike","Infernal Blade"],"picked":"SKIP","floor":11},{"not_picked":["Headbutt","Pummel"],"picked":"Twin Strike","floor":14},{"not_picked":["Feed","Exhume"],"picked":"Impervious","floor":16},{"not_picked":["Pommel Strike","Uppercut+1"],"picked":"Body Slam+1","floor":18},{"not_picked":["Blood for Blood","Sword Boomerang","Thunderclap"],"picked":"SKIP","floor":21},{"not_picked":["Headbutt+1","Sever Soul+1"],"picked":"Anger","floor":22},{"not_picked":["Seeing Red+1","Perfected Strike+1"],"picked":"Armaments","floor":24},{"not_picked":["Combust","Clothesline","Heavy Blade+1"],"picked":"SKIP","floor":25},{"not_picked":["Thunderclap","Shrug It Off"],"picked":"Shockwave+1","floor":27},{"not_picked":["Power Through","Havoc","Body Slam"],"picked":"SKIP","floor":30},{"not_picked":["Rupture","Perfected Strike+1","Cleave"],"picked":"SKIP","floor":31},{"not_picked":["Dark Embrace","Berserk"],"picked":"Impervious","floor":33},{"not_picked":["Rampage+1","Heavy Blade+1"],"picked":"Pommel Strike+1","floor":35},{"not_picked":["Bloodletting+1","Perfected Strike+1"],"picked":"Metallicize+1","floor":37},{"not_picked":["Disarm","Cleave+1"],"picked":"Warcry+1","floor":41},{"not_picked":["Clothesline+1","Inflame+1"],"picked":"Entrench+1","floor":47}],"player_experience":371660,"relics_obtained":[{"floor":6,"key":"Matryoshka"},{"floor":9,"key":"Oddly Smooth Stone"},{"floor":9,"key":"Art of War"},{"floor":26,"key":"Gremlin Horn"},{"floor":26,"key":"Smiling Mask"},{"floor":38,"key":"WingedGreaves"},{"floor":43,"key":"Kunai"},{"floor":47,"key":"Anchor"},{"floor":48,"key":"Bag of Marbles"}],"event_choices":[{"event_name":"Fountain of Cleansing","player_choice":"Removed Curse","floor":2,"damage_taken":0},{"event_name":"Liars Game","player_choice":"agreed","floor":4,"damage_taken":0},{"event_name":"Golden Wing","player_choice":"Card Removal","floor":7,"damage_taken":0},{"event_name":"Big Fish","player_choice":"Banana","floor":13,"damage_taken":0},{"event_name":"Designer","player_choice":"Full Service","floor":19,"damage_taken":0},{"event_name":"MindBloom","player_choice":"Fight","floor":38,"damage_taken":0},{"event_name":"The Lab","player_choice":"Got Potions","floor":39,"damage_taken":0},{"event_name":"Match and Keep!","player_choice":"2 cards matched","floor":46,"damage_taken":0}],"is_beta":false,"boss_relics":[{"not_picked":["Snecko Eye","Lizard Tail"],"picked":"Black Blood"},{"not_picked":["Eternal Feather","Philosopher\u0027s Stone"],"picked":"Sozu"}],"items_purged_floors":[20,28,36],"is_endless":false,"potions_floor_spawned":[6,11,14,16,22,25,27,31,33,35,38,47],"ascension_level":7}