{"gold_per_floor":[20,95,114,114,127,127,155,166,192,207,207,223,235,235,235,235],"floor_reached":16,"playtime":595,"items_purged":[],"score":191,"play_id":"c7b34844-1a0e-467f-b6da-d228f4ab8410","local_time":"20181111153225","is_ascension_mode":true,"campfire_choices":[{"data":"Flex","floor":6,"key":"SMITH"},{"data":"Armaments","floor":11,"key":"SMITH"},{"floor":15,"key":"REST"}],"neow_cost":"NO_GOLD","seed_source_timestamp":1300795937462667,"circlet_count":0,"master_deck":["AscendersBane","Strike_R","Strike_R","Strike_R","Strike_R","Defend_R","Defend_R","Defend_R","Defend_R","Bash","Flex+1","Pummel","Pommel Strike","Armaments+1","Shrug It Off","Shockwave"],"relics":["Burning Blood","Mango","Potion Belt","Strawberry"],"potions_floor_usage":[7,8,16],"damage_taken":[{"damage":12,"enemies":"2 Louse","floor":1,"turns":3},{"damage":13,"enemies":"Jaw Worm","floor":3,"turns":4},{"damage":3,"enemies":"Small Slimes","floor":5,"turns":3},{"damage":48,"enemies":"Lagavulin","floor":7,"turns":8},{"damage":0,"enemies":"2 Fungi Beasts","floor":8,"turns":2},{"damage":9,"enemies":"3 Louse","floor":10,"turns":3},{"damage":0,"enemies":"Gremlin Gang","floor":12,"turns":5},{"damage":10,"enemies":"Red Slaver","floor":13,"turns":4},{"damage":64,"enemies":"Slime Boss","floor":16,"turns":9}],"seed_played":"2298266506882359560","potions_obtained":[{"floor":1,"key":"Weak Potion"},{"floor":7,"key":"Fire Potion"},{"floor":10,"key":"PowerPotion"}],"is_trial":false,"path_per_floor":["M","?","M","?","M","R","E","M","T","M","R","M","M","?","R","B"],"character_chosen":"IRONCLAD","items_purchased":[],"campfire_rested":1,"item_purchase_floors":[],"current_hp_per_floor":[80,69,62,55,58,58,16,22,29,26,26,32,28,28,58,0],"gold":235,"neow_bonus":"ONE_RARE_RELIC","is_prod":false,"is_daily":false,"chose_seed":false,"campfire_upgraded":2,"win_rate":0,"timestamp":1541950345,"path_taken":["M","?","M","?","M","R","E","M","T","M","R","M","?","?","R","BOSS"],"build_version":"2018-11-08","purchased_purges":0,"victory":false,"max_hp_per_floor":[94,94,94,94,94,94,94,94,101,101,101,101,101,101,101,101],"card_choices":[{"not_picked":["Dropkick","Headbutt"],"picked":"Flex","floor":1},{"not_picked":["Sentinel","Evolve","Clothesline"],"picked":"SKIP","floor":3},{"not_picked":["Havoc","Wild Strike"],"picked":"Pummel","floor":5},{"not_picked":["Dual Wield","Carnage"],"picked":"Pommel Strike","floor":7},{"not_picked":["Flex","Reckless Charge"],"picked":"Armaments","floor":8},{"not_picked":["Armaments","Blood for Blood"],"picked":"Shrug It Off","floor":10},{"not_picked":["Rupture","Iron Wave"],"picked":"Shockwave","floor":12},{"not_picked":["True Grit","Warcry","Shockwave"],"picked":"SKIP","floor":13}],"player_experience":497708,"relics_obtained":[{"floor":7,"key":"Potion Belt"},{"floor":9,"key":"Strawberry"}],"event_choices":[{"damage_healed":0,"gold_gain":75,"player_choice":"Gather Gold","damage_taken":11,"max_hp_gain":0,"max_hp_loss":0,"event_name":"World of Goop","floor":2,"gold_loss":0},{"cards_removed":["Strike_R"],"damage_healed":0,"gold_gain":0,"player_choice":"Card Removal","damage_taken":7,"max_hp_gain":0,"max_hp_loss":0,"event_name":"Golden Wing","floor":4,"gold_loss":0},{"damage_healed":0,"gold_gain":0,"player_choice":"Searched \u00270\u0027 times","damage_taken":0,"max_hp_gain":0,"max_hp_loss":0,"event_name":"Dead Adventurer","floor":14,"gold_loss":0}],"is_beta":false,"boss_relics":[],"items_purged_floors":[],"is_endless":false,"potions_floor_spawned":[1,7,10],"killed_by":"Slime Boss","ascension_level":12}