{"path_per_floor":["M","$","?","M","M","R","E","R","T","E","M","M","R","?","R","B",null,"M","?","$","M","M","E","M"],"character_chosen":"IRONCLAD","items_purchased":["Frozen Egg 2","Rage","Iron Wave","Inflame"],"gold_per_floor":[359,13,13,24,37,37,62,62,62,87,102,122,122,152,152,254,254,236,236,82,98,117,151,171],"floor_reached":25,"campfire_rested":0,"playtime":1836,"current_hp_per_floor":[72,72,58,64,70,70,69,69,69,78,82,75,75,75,75,63,82,71,71,71,64,68,41,30],"items_purged":["Strike_R"],"gold":171,"score":245,"play_id":"39fbd332-b387-4c1a-a593-9bf353534543","is_prod":false,"is_daily":false,"is_ascension_mode":true,"campfire_upgraded":4,"path_taken":["M","$","?","M","?","R","E","R","T","E","M","M","R","?","R","BOSS","M","?","$","M","M","E","M","E"],"build_version":"2018-02-12-PROD1","purchased_purges":1,"victory":false,"master_deck":["Strike_R","Strike_R","Strike_R+1","Defend_R+1","Defend_R","Defend_R","Defend_R","Bash+1","Shrug It Off","Rage+1","Iron Wave+1","Fire Breathing+1","Fire Breathing+1","Shrug It Off","Clash","Anger+1","Feed","Metallicize+1","Inflame+1","Evolve+1","Armaments","Fire Breathing+1"],"max_hp_per_floor":[72,72,72,72,72,72,72,72,72,82,82,82,82,82,82,82,82,85,85,85,85,88,88,88],"relics":["Burning Blood","Frozen Egg 2","Ice Cream","Paper Frog","Pear","Black Star","Kunai","Letter Opener"],"card_choices":[{"not_picked":["Body Slam","Sentinel"],"picked":"Shrug It Off"},{"not_picked":["Battle Trance","Pommel Strike"],"picked":"Fire Breathing"},{"not_picked":["Twin Strike","Pommel Strike"],"picked":"Fire Breathing"},{"not_picked":["Rage","Sentinel"],"picked":"Shrug It Off"},{"not_picked":["Anger","Flame Barrier"],"picked":"Clash"},{"not_picked":["Cleave","Sentinel"],"picked":"Anger"},{"not_picked":["Impervious","Brutality"],"picked":"Feed"},{"not_picked":["Clash","Shrug It Off"],"picked":"Metallicize"},{"not_picked":["Perfected Strike","Rampage"],"picked":"Evolve"},{"not_picked":["Iron Wave","Bludgeon"],"picked":"Armaments"},{"not_picked":["Pummel","Body Slam"],"picked":"Fire Breathing"}],"player_experience":111499,"potions_floor_usage":[16,24,25,25],"damage_taken":[{"damage":4,"enemies":"2 Louse","floor":1,"turns":3},{"damage":0,"enemies":"Jaw Worm","floor":4,"turns":3},{"damage":0,"enemies":"Small Slimes","floor":5,"turns":2},{"damage":7,"enemies":"3 Sentries","floor":7,"turns":5},{"damage":7,"enemies":"Gremlin Nob","floor":10,"turns":4},{"damage":2,"enemies":"Looter","floor":11,"turns":4},{"damage":13,"enemies":"Exordium Thugs","floor":12,"turns":4},{"damage":18,"enemies":"Hexaghost","floor":16,"turns":8},{"damage":20,"enemies":"2 Thieves","floor":18,"turns":4},{"damage":13,"enemies":"Spheric Guardian","floor":21,"turns":4},{"damage":5,"enemies":"Centurion and Healer","floor":22,"turns":7},{"damage":33,"enemies":"Book of Stabbing","floor":23,"turns":7},{"damage":17,"enemies":"Snake Plant","floor":24,"turns":6},{"damage":58,"enemies":"Slavers","floor":25,"turns":3}],"event_choices":[{"event_name":"Shining Light","player_choice":"Entered Light","floor":3,"damage_taken":0},{"event_name":"Dead Adventurer","player_choice":"Searched \u00272\u0027 times","floor":14,"damage_taken":0},{"event_name":"Bonfire Elementals","player_choice":"BASIC","floor":19,"damage_taken":0}],"boss_relics":[{"not_picked":["Lizard Tail","White Beast Statue"],"picked":"Black Star"}],"potions_floor_spawned":[7,11,12,18,24],"seed_played":"-5099397857950524881","killed_by":"Slavers","ascension_level":1,"is_trial":false}