{"path_per_floor":["M","?","?","M","$","R","?","R","T","$","M","M","$","?","R","B",null,"M","M","M","$","?"],"character_chosen":"IRONCLAD","items_purchased":["Whirlwind"],"gold_per_floor":[117,217,217,231,156,156,231,231,255,85,101,113,113,113,113,214,214,229,239,257,132,232,232],"floor_reached":23,"campfire_rested":1,"playtime":602,"current_hp_per_floor":[80,80,64,70,70,70,59,80,80,80,80,62,62,62,62,15,80,56,59,42,42,42,0],"items_purged":["Defend_R","Defend_R","Perfected Strike"],"gold":232,"score":179,"play_id":"50351ab4-f68d-4a34-9adc-3f4b460a6e74","local_time":"20180413163237","is_prod":false,"is_daily":false,"chose_seed":true,"is_ascension_mode":false,"campfire_upgraded":2,"timestamp":1523647957,"path_taken":["M","?","?","M","$","R","?","R","T","$","?","?","?","?","R","BOSS","M","M","?","$","?","E"],"build_version":"2018-04-12","seed_source_timestamp":24861710141823,"purchased_purges":3,"victory":false,"master_deck":["Bash+1","Rampage+1","Whirlwind+1","Thunderclap","Limit Break","Heavy Blade","Hemokinesis","Shockwave","Carnage","Metallicize","Pommel Strike","Flex+1"],"max_hp_per_floor":[80,80,80,80,80,80,80,80,80,80,80,80,80,80,80,80,80,80,80,80,80,80,80],"relics":["Burning Blood","NeowsBlessing","Bag of Marbles","Pandora\u0027s Box"],"card_choices":[{"not_picked":["Sever Soul","Clothesline"],"picked":"Rampage","floor":1},{"not_picked":["Clothesline","Twin Strike"],"picked":"Thunderclap","floor":12},{"not_picked":["Bludgeon","Demon Form"],"picked":"Limit Break","floor":16},{"not_picked":["Disarm","Entrench"],"picked":"Flex","floor":19}],"player_experience":214393,"potions_floor_usage":[16,16,16],"damage_taken":[{"damage":0,"enemies":"Jaw Worm","floor":1,"turns":1},{"damage":0,"enemies":"Cultist","floor":4,"turns":1},{"damage":0,"enemies":"2 Louse","floor":11,"turns":1},{"damage":24,"enemies":"Exordium Wildlife","floor":12,"turns":3},{"damage":53,"enemies":"The Guardian","floor":16,"turns":9},{"damage":30,"enemies":"2 Thieves","floor":18,"turns":3},{"damage":3,"enemies":"3 Byrds","floor":19,"turns":4},{"damage":23,"enemies":"Centurion and Healer","floor":20,"turns":5},{"damage":45,"enemies":"Book of Stabbing","floor":23,"turns":4}],"event_choices":[{"event_name":"Golden Shrine","player_choice":"Pray","floor":2,"damage_taken":0},{"event_name":"Shining Light","player_choice":"Entered Light","floor":3,"damage_taken":0},{"event_name":"World of Goop","player_choice":"Gather Gold","floor":7,"damage_taken":0},{"event_name":"The Lab","player_choice":"Got Potions","floor":14,"damage_taken":0},{"event_name":"Golden Shrine","player_choice":"Pray","floor":22,"damage_taken":0}],"boss_relics":[{"not_picked":["Philosopher\u0027s Stone","Velvet Choker"],"picked":"Pandora\u0027s Box"}],"potions_floor_spawned":[1,12,16,20],"seed_played":"230234406","killed_by":"Book of Stabbing","ascension_level":0,"is_trial":false}