{"path_per_floor":["M","?","?","M","$","R","E","M","T","$","M","R","?","M","R","B",null,"M","?","M","?","?","E","$","R","T","R","M","?","R","M","R","B",null,"M","?","?","M","?","R","$","M","T","M","M","M","R","M","R","B"],"character_chosen":"IRONCLAD","items_purchased":["Armaments","Shrug It Off","Metallicize","Flash of Steel","Kunai"],"gold_per_floor":[116,116,116,130,34,34,68,84,84,14,34,34,34,50,50,155,155,169,169,188,188,188,215,46,46,46,46,63,163,163,174,174,270,270,281,281,281,293,293,293,36,51,51,68,81,99,99,118,118,118],"floor_reached":51,"campfire_rested":3,"playtime":3424,"current_hp_per_floor":[80,73,73,79,79,79,73,76,76,76,80,80,64,64,64,59,80,80,80,71,71,56,25,25,25,25,25,19,19,35,40,40,18,56,56,48,48,9,9,27,27,20,20,44,34,31,31,29,50,38],"items_purged":["Perfected Strike"],"gold":118,"score":591,"play_id":"6fad084a-b042-4d5e-91e6-0ae26c478705","local_time":"20180307172642","is_prod":false,"is_daily":false,"is_ascension_mode":true,"campfire_upgraded":7,"timestamp":1520443602,"path_taken":["M","?","?","M","?","R","E","M","T","$","M","R","?","M","R","BOSS","M","?","?","?","?","E","$","R","T","R","M","?","R","M","R","BOSS","M","?","?","?","?","R","$","M","T","M","M","M","R","?","R","BOSS"],"build_version":"2018-03-01-PROD1","purchased_purges":1,"victory":true,"master_deck":["Defend_R+1","Defend_R+1","Defend_R+1","Defend_R+1","Bash+1","Battle Trance","Clash","Armaments+1","Shrug It Off","Feed+1","Flex+1","Metallicize+1","Anger","Whirlwind+1","Juggernaut+1","Cleave","Dropkick","Iron Wave","Pommel Strike","Iron Wave","Bite","Bite","Bite","Bite","Bite","Iron Wave","Flash of Steel","Shockwave+1","Iron Wave+1","Shrug It Off+1","Offering","Warcry+1","Madness","Madness","Cleave+1","Writhe","Flex+1","Metallicize+1"],"max_hp_per_floor":[80,80,80,80,80,80,80,80,80,80,80,80,80,80,80,80,80,80,80,80,80,56,56,56,56,56,56,56,56,56,56,56,56,56,60,60,60,60,60,60,60,64,64,68,68,72,72,72,72,76],"relics":["Burning Blood","Calipers","Whetstone","Happy Flower","Orrery","Prayer Wheel","Bag of Marbles","Cursed Key","Kunai","Du-Vu Doll"],"card_choices":[{"not_picked":["Dropkick","Perfected Strike"],"picked":"Battle Trance"},{"not_picked":["Heavy Blade","Twin Strike"],"picked":"Clash"},{"not_picked":["Power Through","Uppercut"],"picked":"Feed"},{"not_picked":["Twin Strike","True Grit"],"picked":"Flex"},{"not_picked":["Hemokinesis","Thunderclap"],"picked":"Anger"},{"not_picked":["Wild Strike","Sentinel"],"picked":"Whirlwind"},{"not_picked":["Reaper","Fiend Fire"],"picked":"Juggernaut"},{"not_picked":["Blood for Blood","Wild Strike"],"picked":"Cleave"},{"not_picked":["Rupture","Spot Weakness"],"picked":"Dropkick"},{"not_picked":["Entrench","Ghostly Armor"],"picked":"Iron Wave"},{"not_picked":["Dropkick","Sword Boomerang"],"picked":"Pommel Strike"},{"not_picked":["Burning Pact","Twin Strike"],"picked":"Iron Wave"},{"not_picked":["Disarm","Shrug It Off"],"picked":"Shockwave"},{"not_picked":["Bloodletting","Headbutt"],"picked":"Iron Wave"},{"not_picked":["Cleave","Iron Wave"],"picked":"Shrug It Off"},{"not_picked":["Fiend Fire","Brutality"],"picked":"Offering"},{"not_picked":["Disarm","Clash"],"picked":"Warcry"},{"not_picked":["Havoc","Iron Wave"],"picked":"Cleave"},{"not_picked":["Thunderclap","Anger"],"picked":"Flex"},{"not_picked":["Flex","Pummel"],"picked":"Metallicize"}],"player_experience":155268,"potions_floor_usage":[33,33,50,50],"damage_taken":[{"damage":4.0,"enemies":"Small Slimes","floor":1.0,"turns":4.0},{"damage":0.0,"enemies":"2 Louse","floor":4.0,"turns":2.0},{"damage":12.0,"enemies":"3 Sentries","floor":7.0,"turns":11.0},{"damage":3.0,"enemies":"Cultist","floor":8.0,"turns":4.0},{"damage":0.0,"enemies":"Looter","floor":11.0,"turns":3.0},{"damage":6.0,"enemies":"Exordium Thugs","floor":14.0,"turns":5.0},{"damage":11.0,"enemies":"The Guardian","floor":16.0,"turns":9.0},{"damage":6.0,"enemies":"Chosen","floor":18.0,"turns":4.0},{"damage":15.0,"enemies":"2 Thieves","floor":20.0,"turns":4.0},{"damage":59.0,"enemies":"Gremlin Leader","floor":23.0,"turns":10.0},{"damage":14,"enemies":"Snake Plant","floor":28,"turns":5},{"damage":13,"enemies":"Centurion and Healer","floor":31,"turns":6},{"damage":43,"enemies":"Collector","floor":33,"turns":12},{"damage":11,"enemies":"3 Shapes","floor":35,"turns":6},{"damage":51,"enemies":"3 Darklings","floor":38,"turns":6},{"damage":25,"enemies":"Sphere and 2 Shapes","floor":42,"turns":4},{"damage":2,"enemies":"Maw","floor":44,"turns":8},{"damage":18,"enemies":"3 Darklings","floor":45,"turns":3},{"damage":15,"enemies":"4 Shapes","floor":46,"turns":5},{"damage":19,"enemies":"Maw","floor":48,"turns":7},{"damage":55,"enemies":"Awakened One","floor":50,"turns":14}],"event_choices":[{"event_name":"Golden Wing","player_choice":"Card Removal","floor":2.0,"damage_taken":0.0},{"event_name":"Wheel of Change","player_choice":"Relic","floor":3.0,"damage_taken":0.0},{"event_name":"Shining Light","player_choice":"Entered Light","floor":13.0,"damage_taken":0.0},{"event_name":"Back to Basics","player_choice":"Simplicity","floor":19.0,"damage_taken":0.0},{"event_name":"The Library","player_choice":"Read","floor":21.0,"damage_taken":0.0},{"event_name":"Vampires","player_choice":"Became a vampire","floor":22.0,"damage_taken":0.0},{"event_name":"Golden Shrine","player_choice":"Pray","floor":29,"damage_taken":0},{"event_name":"Winding Halls","player_choice":"Embrace Madness","floor":36,"damage_taken":0},{"event_name":"Tomb of Lord Red Mask","player_choice":"Ignored","floor":37,"damage_taken":0},{"event_name":"Match and Keep!","player_choice":"0 cards matched","floor":39,"damage_taken":0}],"boss_relics":[{"not_picked":["Tiny House","Eternal Feather"],"picked":"Cursed Key"}],"potions_floor_spawned":[1,4,8,20,23,38,48],"seed_played":"-1666185829827381856","ascension_level":2,"is_trial":false}