{"gold_per_floor":[363,57,73,87,99,128,128,147,171,16,16,27,27,27,27,128,128,148,148,148,166,183,183,210,210,210,210],"floor_reached":27,"playtime":1106,"items_purged":["Strike_B"],"score":410,"play_id":"10fa9e52-0b3f-4ddf-8dfa-be3eba544054","local_time":"20180923023427","is_ascension_mode":true,"campfire_choices":[{"floor":7,"key":"REST"},{"floor":15,"key":"REST"},{"data":"Armaments","floor":23,"key":"SMITH"},{"data":"Genetic Algorithm","floor":25,"key":"SMITH"}],"neow_cost":"TEN_PERCENT_HP_LOSS","seed_source_timestamp":720083511476617,"circlet_count":0,"master_deck":["Strike_B","Strike_B","Defend_B","Defend_B","Defend_B","Defend_B","Zap","Dualcast","Coolheaded","Gash","Quick Slash","Endless Agony","Flame Barrier","Armaments+1","Self Repair","Disarm","Impervious","Dark Shackles","Self Repair","Genetic Algorithm+1","Iron Wave","Undo"],"relics":["Cracked Core","PrismaticShard","Omamori","Bronze Scales","Symbiotic Virus","Sozu","Pen Nib","Bag of Marbles"],"potions_floor_usage":[6,16],"damage_taken":[{"damage":2,"enemies":"2 Louse","floor":1,"turns":2},{"damage":0,"enemies":"Small Slimes","floor":3,"turns":3},{"damage":4,"enemies":"Cultist","floor":4,"turns":3},{"damage":24,"enemies":"Lots of Slimes","floor":5,"turns":5},{"damage":31,"enemies":"Lagavulin","floor":6,"turns":6},{"damage":8,"enemies":"Looter","floor":8,"turns":3},{"damage":6,"enemies":"Red Slaver","floor":12,"turns":3},{"damage":0,"enemies":"Hexaghost","floor":16,"turns":9},{"damage":0,"enemies":"Chosen","floor":18,"turns":4},{"damage":22,"enemies":"Spheric Guardian","floor":21,"turns":4},{"damage":14,"enemies":"Centurion and Healer","floor":22,"turns":10},{"damage":18,"enemies":"Book of Stabbing","floor":24,"turns":6},{"damage":61,"enemies":"Slavers","floor":27,"turns":5}],"seed_played":"-7911970410291727323","potions_obtained":[{"floor":1,"key":"Strength Potion"},{"floor":8,"key":"EssenceOfSteel"},{"floor":12,"key":"FocusPotion"},{"floor":16,"key":"Regen Potion"}],"is_trial":false,"path_per_floor":["M","$","M","M","M","E","R","M","T","$","?","M","?","T","R","B",null,"M","?","?","M","M","R","E","R","T"],"character_chosen":"DEFECT","items_purchased":["PrismaticShard","Sweeping Beam","Coolheaded","Self Repair"],"campfire_rested":2,"item_purchase_floors":[2,2,2,10],"current_hp_per_floor":[66,66,66,62,38,7,27,19,19,19,12,13,13,13,33,40,61,68,68,68,63,63,63,59,59,59,0],"gold":210,"neow_bonus":"TWO_FIFTY_GOLD","is_prod":false,"is_daily":false,"chose_seed":false,"campfire_upgraded":2,"win_rate":0,"timestamp":1537666467,"path_taken":["M","$","M","M","M","E","R","M","T","$","?","M","?","?","R","BOSS","M","?","?","M","M","R","E","R","T","E"],"build_version":"2018-09-20","purchased_purges":1,"victory":false,"max_hp_per_floor":[68,68,68,68,68,68,68,68,68,68,68,68,68,68,68,68,68,68,68,68,68,68,68,68,68,68,68],"card_choices":[{"not_picked":["Reinforced Body","Blizzard","Aggregate"],"picked":"SKIP","floor":1},{"not_picked":["Wild Strike","Sword Boomerang"],"picked":"Gash","floor":3},{"not_picked":["Havoc","Poisoned Stab"],"picked":"Quick Slash","floor":4},{"not_picked":["Static Discharge","Thunderclap"],"picked":"Endless Agony","floor":5},{"not_picked":["Redo","Twin Strike"],"picked":"Flame Barrier","floor":6},{"not_picked":["Buffer","Sentinel"],"picked":"Armaments","floor":8},{"not_picked":["Deadly Poison","Hologram"],"picked":"Disarm","floor":12},{"not_picked":["Immolate","Transmutation"],"picked":"Impervious","floor":16},{"not_picked":["Darkness","Deflect"],"picked":"Dark Shackles","floor":18},{"not_picked":["Armaments+1","Poisoned Stab+1"],"picked":"Iron Wave","floor":21},{"not_picked":["Coolheaded","Flechettes","Deflect"],"picked":"SKIP","floor":22},{"not_picked":["Bane","Meteor Strike"],"picked":"Undo","floor":24}],"player_experience":412292,"relics_obtained":[{"floor":6,"key":"Omamori"},{"floor":9,"key":"Bronze Scales"},{"floor":14,"key":"Symbiotic Virus"},{"floor":24,"key":"Pen Nib"},{"floor":26,"key":"Bag of Marbles"}],"event_choices":[{"event_name":"Golden Wing","player_choice":"Card Removal","floor":11,"damage_taken":0},{"event_name":"Purifier","player_choice":"One Purge","floor":13,"damage_taken":0},{"event_name":"Duplicator","player_choice":"One dupe","floor":19,"damage_taken":0},{"event_name":"The Library","player_choice":"Read","floor":20,"damage_taken":0}],"is_beta":false,"boss_relics":[{"not_picked":["Black Star","Velvet Choker"],"picked":"Sozu"}],"items_purged_floors":[10],"is_endless":false,"potions_floor_spawned":[1,8,12,16,18,22,24],"killed_by":"Slavers","ascension_level":9}