{"gold_per_floor":[112,112,112,131,206,206,233,233,233,251,276,288,288],"floor_reached":13,"playtime":388,"items_purged":[],"score":136,"play_id":"90df8157-6181-4e55-911f-3790042b2dd1","local_time":"20190330131805","is_ascension_mode":true,"campfire_choices":[{"floor":6,"key":"RECALL"},{"data":"Double Energy","floor":8,"key":"SMITH"}],"neow_cost":"NONE","seed_source_timestamp":12530718507800,"circlet_count":0,"master_deck":["Strike_B","Strike_B","Strike_B","Strike_B","Defend_B","Defend_B","Defend_B","Zap","Dualcast","Auto Shields","FTL","Compile Driver","Double Energy+1","Rebound","Redo","Rebound"],"relics":["Cracked Core","NeowsBlessing","Bottled Flame","Singing Bowl","Ancient Tea Set"],"potions_floor_usage":[11],"damage_taken":[{"damage":0,"enemies":"Small Slimes","floor":1,"turns":1},{"damage":0,"enemies":"2 Louse","floor":4,"turns":1},{"damage":0,"enemies":"3 Sentries","floor":7,"turns":1},{"damage":0,"enemies":"Cultist","floor":10,"turns":3},{"damage":14,"enemies":"Gremlin Nob","floor":11,"turns":3},{"damage":2,"enemies":"2 Fungi Beasts","floor":12,"turns":2},{"damage":30,"enemies":"3 Sentries","floor":13,"turns":6}],"seed_played":"-1336447747528226708","potions_obtained":[{"floor":1,"key":"SmokeBomb"},{"floor":10,"key":"Energy Potion"},{"floor":11,"key":"LiquidBronze"}],"is_trial":false,"path_per_floor":["M","?","?","M","?","R","E","R","T","M","E","M","E"],"character_chosen":"DEFECT","items_purchased":[],"campfire_rested":0,"item_purchase_floors":[],"current_hp_per_floor":[75,75,75,75,64,64,64,64,64,64,50,48,18],"gold":288,"neow_bonus":"THREE_ENEMY_KILL","is_prod":false,"is_daily":false,"chose_seed":false,"campfire_upgraded":1,"win_rate":0,"timestamp":1553962685,"path_taken":["M","?","?","?","?","R","E","R","T","M","E","M","E"],"build_version":"2019-01-23","purchased_purges":0,"victory":false,"max_hp_per_floor":[75,75,75,75,75,75,75,75,75,75,75,75,75],"card_choices":[{"not_picked":["Tempest","Coolheaded"],"picked":"Auto Shields","floor":1},{"not_picked":["Recycle","Hologram"],"picked":"Compile Driver","floor":4},{"not_picked":["Heatsinks","Cold Snap"],"picked":"Double Energy","floor":7},{"not_picked":["Redo","Stack"],"picked":"Rebound","floor":10},{"not_picked":["Meteor Strike","Gash"],"picked":"Redo","floor":11},{"not_picked":["Reprogram","Storm"],"picked":"Rebound","floor":12}],"player_experience":323885,"relics_obtained":[{"floor":7,"key":"Bottled Flame"},{"floor":9,"key":"Singing Bowl"},{"floor":11,"key":"Ancient Tea Set"}],"event_choices":[{"damage_healed":0,"gold_gain":0,"player_choice":"Ignored","damage_taken":0,"max_hp_gain":0,"max_hp_loss":0,"event_name":"Golden Wing","floor":2,"gold_loss":0},{"damage_healed":0,"gold_gain":0,"cards_transformed":["Defend_B"],"player_choice":"Transformed","damage_taken":0,"max_hp_gain":0,"max_hp_loss":0,"event_name":"Transmorgrifier","floor":3,"gold_loss":0,"cards_obtained":["FTL"]},{"damage_healed":0,"gold_gain":75,"player_choice":"Gather Gold","damage_taken":11,"max_hp_gain":0,"max_hp_loss":0,"event_name":"World of Goop","floor":5,"gold_loss":0}],"is_beta":false,"boss_relics":[],"items_purged_floors":[],"is_endless":false,"potions_floor_spawned":[1,10,11],"killed_by":"3 Sentries","ascension_level":3}