{"gold_per_floor":[118,118,131,205,228,228,228,252,300,300,30,30,30,69,69,198,198,216,229,32,0,0,0,24,55,94,106,149,161,173,210,222,374,386,412,449,794,180,180,180,192,203,203,203,229,245,297,597,597,597],"floor_reached":51,"playtime":2624,"items_purged":["Strike_R","Strike_R"],"score":1097,"play_id":"788fd4da-21ce-4135-bbf0-bacb4d39049a","local_time":"20181015221111","is_ascension_mode":true,"campfire_choices":[{"data":"Armaments","floor":6.0,"key":"SMITH"},{"data":"Bash","floor":10.0,"key":"SMITH"},{"data":"Magnetism","floor":12.0,"key":"SMITH"},{"data":"Ghostly Armor","floor":15.0,"key":"SMITH"},{"data":"Juggernaut","floor":23,"key":"SMITH"},{"data":"Iron Wave","floor":27,"key":"SMITH"},{"data":"Impervious","floor":30,"key":"SMITH"},{"data":"Twin Strike","floor":32,"key":"SMITH"},{"data":"Madness","floor":40,"key":"SMITH"},{"data":"Madness","floor":49,"key":"SMITH"}],"neow_cost":"PERCENT_DAMAGE","seed_source_timestamp":0,"circlet_count":0,"master_deck":["Strike_R","Strike_R","Strike_R","Defend_R","Defend_R","Defend_R","Defend_R","Bash+1","AscendersBane","Armaments+1","Twin Strike+1","Impervious+1","Magnetism+1","Iron Wave+1","Ghostly Armor+1","Juggernaut+1","Flame Barrier+1","Madness+1","Spot Weakness","Thinking Ahead","Deep Breath","Shrug It Off+1","Pommel Strike+1","Madness","Madness+1","Warcry+1"],"special_seed":0,"relics":["Burning Blood","Pocketwatch","The Courier","Pen Nib","Ancient Tea Set","FossilizedHelix","Busted Crown","Matryoshka","Paper Frog","Anchor","MawBank","Oddly Smooth Stone","Boot","Juzu Bracelet","Runic Pyramid","Incense Burner","Kunai","Blood Vial","Vajra","Old Coin"],"potions_floor_usage":[46,50,50],"damage_taken":[{"damage":1.0,"enemies":"2 Louse","floor":1.0,"turns":3.0},{"damage":0.0,"enemies":"Small Slimes","floor":3.0,"turns":3.0},{"damage":6.0,"enemies":"Cultist","floor":5.0,"turns":3.0},{"damage":11.0,"enemies":"Exordium Thugs","floor":8.0,"turns":5.0},{"damage":5.0,"enemies":"Gremlin Nob","floor":14.0,"turns":5.0},{"damage":9.0,"enemies":"The Guardian","floor":16.0,"turns":11.0},{"damage":11,"enemies":"Spheric Guardian","floor":18,"turns":4},{"damage":6,"enemies":"3 Byrds","floor":19,"turns":3},{"damage":0,"enemies":"Centurion and Healer","floor":24,"turns":8},{"damage":8,"enemies":"Book of Stabbing","floor":25,"turns":6},{"damage":0,"enemies":"Snecko","floor":28,"turns":5},{"damage":0,"enemies":"Snake Plant","floor":31,"turns":5},{"damage":17,"enemies":"Collector","floor":33,"turns":9},{"damage":0,"enemies":"3 Shapes","floor":35,"turns":5},{"damage":9,"enemies":"3 Darklings","floor":36,"turns":6},{"damage":0,"enemies":"Maw","floor":41,"turns":8},{"damage":3,"enemies":"Transient","floor":42,"turns":5},{"damage":9,"enemies":"Nemesis","floor":45,"turns":7},{"damage":28,"enemies":"Reptomancer","floor":46,"turns":5},{"damage":0,"enemies":"Mind Bloom Boss Battle","floor":48,"turns":6},{"damage":22,"enemies":"Awakened One","floor":50,"turns":12}],"seed_played":"7604337987223954518","potions_obtained":[{"floor":1.0,"key":"Swift Potion"},{"floor":3.0,"key":"Ancient Potion"},{"floor":14.0,"key":"Swift Potion"},{"floor":31,"key":"AttackPotion"},{"floor":33,"key":"Dexterity Potion"},{"floor":48,"key":"Fire Potion"}],"is_trial":false,"path_per_floor":["M","?","M","T","M","R","?","M","T","R","$","R","?","E","R","B",null,"M","M","$","?","T","R","M","E","T","R","M","?","R","M","R","B",null,"M","M","?","$","?","R","M","M","T","?","E","M","T","?","R","B"],"character_chosen":"IRONCLAD","items_purchased":["Magnetism","Iron Wave","Matryoshka","Incense Burner","Madness","Spot Weakness","Thinking Ahead"],"campfire_rested":0,"item_purchase_floors":[11,11,20,38,38,38,38],"current_hp_per_floor":[56,56,62,62,62,62,62,57,57,57,57,57,39,40,40,37,65,60,60,60,60,60,60,66,64,64,64,70,70,70,74,74,63,71,74,71,71,71,71,71,74,74,74,65,62,42,42,50,50,36],"gold":597,"neow_bonus":"ONE_RARE_RELIC","is_prod":false,"is_daily":false,"chose_seed":false,"campfire_upgraded":10,"win_rate":0,"timestamp":1539637871,"path_taken":["M","?","M","?","M","R","?","?","T","R","$","R","?","E","R","BOSS","M","?","?","?","?","R","M","E","T","R","M","?","R","M","R","BOSS","M","M","?","$","?","R","M","M","T","?","E","M","?","?","R","BOSS"],"build_version":"2018-10-11","purchased_purges":2,"victory":true,"max_hp_per_floor":[80,74,74,74,74,74,74,74,74,74,74,74,74,74,74,74,74,74,74,74,74,74,74,74,74,74,74,74,74,74,74,74,74,74,74,74,74,74,74,74,74,74,74,74,74,74,74,74,74,74],"card_choices":[{"not_picked":["Heavy Blade","Clothesline"],"picked":"Armaments","floor":1.0},{"not_picked":["Wild Strike","Limit Break"],"picked":"Twin Strike","floor":3.0},{"not_picked":["Carnage","Clash","Body Slam"],"picked":"SKIP","floor":5.0},{"not_picked":["Havoc","Wild Strike"],"picked":"Impervious","floor":8.0},{"not_picked":["Sever Soul","Headbutt"],"picked":"Ghostly Armor","floor":14.0},{"not_picked":["Limit Break","Berserk"],"picked":"Juggernaut","floor":16.0},{"not_picked":[],"picked":"Flame Barrier+1","floor":18},{"not_picked":["Thunderclap"],"picked":"SKIP","floor":19},{"not_picked":["Corruption"],"picked":"SKIP","floor":24},{"not_picked":["Rampage"],"picked":"SKIP","floor":25},{"not_picked":["Corruption+1"],"picked":"SKIP","floor":28},{"not_picked":["Body Slam"],"picked":"SKIP","floor":31},{"not_picked":["Armaments"],"picked":"SKIP","floor":35},{"not_picked":["Searing Blow"],"picked":"SKIP","floor":36},{"not_picked":[],"picked":"Deep Breath","floor":39},{"not_picked":[],"picked":"Shrug It Off+1","floor":41},{"not_picked":[],"picked":"Pommel Strike+1","floor":42},{"not_picked":["Cleave"],"picked":"SKIP","floor":45},{"not_picked":["Havoc"],"picked":"SKIP","floor":46},{"not_picked":[],"picked":"Warcry+1","floor":48}],"player_experience":466876,"relics_obtained":[{"floor":4.0,"key":"The Courier"},{"floor":9.0,"key":"Pen Nib"},{"floor":14.0,"key":"FossilizedHelix"},{"floor":22,"key":"Paper Frog"},{"floor":22,"key":"Anchor"},{"floor":25,"key":"MawBank"},{"floor":26,"key":"Oddly Smooth Stone"},{"floor":26,"key":"Boot"},{"floor":43,"key":"Kunai"},{"floor":45,"key":"Blood Vial"},{"floor":47,"key":"Vajra"},{"floor":48,"key":"Old Coin"}],"event_choices":[{"event_name":"Golden Idol","player_choice":"Lose Max HP","floor":2.0,"damage_taken":0.0},{"event_name":"Dead Adventurer","player_choice":"Searched \u00271\u0027 times","floor":7.0,"damage_taken":0.0},{"event_name":"Scrap Ooze","player_choice":"success","floor":13.0,"damage_taken":18.0},{"event_name":"Masked Bandits","player_choice":"Paid Fearfully","floor":21,"damage_taken":0},{"event_name":"WeMeetAgain","player_choice":"Potion","floor":29,"damage_taken":0},{"event_name":"The Moai Head","player_choice":"Gave Idol","floor":37,"damage_taken":0},{"event_name":"SensoryStone","player_choice":"Memory 1","floor":39,"damage_taken":0},{"event_name":"Winding Halls","player_choice":"Embrace Madness","floor":44,"damage_taken":0},{"event_name":"MindBloom","player_choice":"Fight","floor":48,"damage_taken":0}],"is_beta":false,"boss_relics":[{"not_picked":["Sozu","Eternal Feather"],"picked":"Busted Crown"},{"not_picked":["Black Blood","Pandora\u0027s Box"],"picked":"Runic Pyramid"}],"items_purged_floors":[11,38],"is_endless":false,"potions_floor_spawned":[1,3,14,16,31,33,36,42,45,48],"ascension_level":11}