{"gold_per_floor":[113,113,188,209,14,14,47,47,73,92,92,110,124,164,164,290,290,314,314,314,72,36,36,2,20,94,118,44,60,60,73,73,199,199,219,235,21,21,21,21,41,107,107,107,130,130,149,26,26,26],"floor_reached":51,"playtime":2505,"items_purged":["Clumsy"],"score":867,"play_id":"b0de0299-2405-4af5-9a8b-4dc4f5ba5ac6","local_time":"20180914195244","is_ascension_mode":true,"campfire_choices":[{"data":"Loop","floor":6.0,"key":"SMITH"},{"floor":8.0,"key":"REST"},{"data":"Hello World","floor":11.0,"key":"SMITH"},{"floor":15.0,"key":"REST"},{"data":"Defragment","floor":23.0,"key":"SMITH"},{"floor":30,"key":"REST"},{"data":"Defragment","floor":32,"key":"SMITH"},{"data":"Defragment","floor":40,"key":"SMITH"},{"data":"Hello World+1","floor":46,"key":"PURGE"},{"floor":49,"key":"REST"}],"neow_cost":"CURSE","seed_source_timestamp":98294608560,"circlet_count":0,"master_deck":["Strike_B","Strike_B","Strike_B","Defend_B","Defend_B","Defend_B","Defend_B","Zap","Dualcast","Capacitor","Loop+1","Chill","Coolheaded","Ball Lightning","FTL","Coolheaded","Go for the Eyes","Reboot","Fusion","Loop+1","Defragment+1","Conserve Battery","Defragment+1","FTL","Undo","Defragment+1","Conserve Battery","Core Surge","Electrodynamics","Apotheosis+1","Capacitor","Chaos+1","Cold Snap","BootSequence+1"],"special_seed":0,"relics":["FrozenCore","Girya","Golden Idol","Sundial","Dream Catcher","Blood Vial","Velvet Choker","Membership Card","Dodecahedron","Oddly Smooth Stone","Vajra","Peace Pipe","Darkstone Periapt","Potion Belt"],"potions_floor_usage":[33,33,45,50,50,50,50],"damage_taken":[{"damage":1.0,"enemies":"Cultist","floor":1.0,"turns":3.0},{"damage":4.0,"enemies":"Small Slimes","floor":4.0,"turns":4.0},{"damage":38.0,"enemies":"Lagavulin","floor":7.0,"turns":6.0},{"damage":4.0,"enemies":"2 Louse","floor":10.0,"turns":4.0},{"damage":9.0,"enemies":"2 Fungi Beasts","floor":12.0,"turns":4.0},{"damage":13.0,"enemies":"Large Slime","floor":13.0,"turns":4.0},{"damage":1.0,"enemies":"3 Sentries","floor":14.0,"turns":6.0},{"damage":20.0,"enemies":"The Guardian","floor":16.0,"turns":12.0},{"damage":13.0,"enemies":"3 Byrds","floor":18.0,"turns":6.0},{"damage":16.0,"enemies":"2 Thieves","floor":25.0,"turns":5.0},{"damage":13,"enemies":"3 Cultists","floor":27,"turns":7},{"damage":12,"enemies":"Centurion and Healer","floor":29,"turns":7},{"damage":9,"enemies":"Shelled Parasite and Fungi","floor":31,"turns":8},{"damage":22,"enemies":"Collector","floor":33,"turns":17},{"damage":2,"enemies":"Orb Walker","floor":35,"turns":6},{"damage":2,"enemies":"3 Darklings","floor":36,"turns":5},{"damage":0,"enemies":"Maw","floor":41,"turns":8},{"damage":24,"enemies":"Mysterious Sphere","floor":42,"turns":5},{"damage":3,"enemies":"Reptomancer","floor":45,"turns":5},{"damage":7,"enemies":"Spire Growth","floor":47,"turns":7},{"damage":10,"enemies":"Awakened One","floor":50,"turns":13}],"seed_played":"-3485017188712355975","potions_obtained":[{"floor":1.0,"key":"Regen Potion"},{"floor":7.0,"key":"AttackPotion"},{"floor":12.0,"key":"EssenceOfSteel"},{"floor":25.0,"key":"Block Potion"},{"floor":27,"key":"Block Potion"},{"floor":31,"key":"Fire Potion"},{"floor":33,"key":"Strength Potion"},{"floor":41,"key":"SteroidPotion"},{"floor":42,"key":"SkillPotion"},{"floor":47,"key":"Strength Potion"}],"is_trial":false,"path_per_floor":["M","?","?","M","$","R","E","R","T","M","R","M","M","E","R","B",null,"M","?","?","$","$","R","$","M","T","M","$","M","R","M","R","B",null,"M","M","$","?","$","R","M","?","T","?","M","R","M","$","R","B"],"character_chosen":"DEFECT","items_purchased":["Loop","Chill","Membership Card","Defragment","Conserve Battery","Defragment","FTL","Oddly Smooth Stone","Apotheosis","Capacitor","Vajra","Potion Belt","Fire Potion","Swift Potion"],"campfire_rested":4,"item_purchase_floors":[5,5,21,21,21,22,24,28,37,37,37,48,48,48],"current_hp_per_floor":[67,49,38,34,34,34,8,30,30,26,26,17,4,3,25,7,58,47,47,47,47,47,47,47,33,33,22,22,12,34,27,27,7,58,58,58,58,58,58,58,60,38,38,31,30,30,25,25,47,39],"gold":26,"neow_bonus":"ONE_RARE_RELIC","is_prod":false,"is_daily":false,"chose_seed":false,"campfire_upgraded":5,"win_rate":0,"timestamp":1536951164,"path_taken":["M","?","?","M","$","R","E","R","T","M","R","M","?","E","R","BOSS","M","?","?","?","$","R","$","M","T","M","$","?","R","?","R","BOSS","M","?","$","?","$","R","M","?","T","?","?","R","?","$","R","BOSS"],"build_version":"2018-09-06","purchased_purges":1,"victory":true,"max_hp_per_floor":[75,75,75,75,75,75,75,75,75,75,75,75,75,75,75,75,75,75,75,75,75,75,75,75,75,75,75,75,75,75,75,75,75,75,75,75,75,75,75,75,75,75,75,75,75,75,75,75,75,75],"card_choices":[{"not_picked":["Lockon","Doom and Gloom"],"picked":"Capacitor","floor":1.0},{"not_picked":["Double Energy","Auto Shields"],"picked":"Hello World","floor":4.0},{"not_picked":["Gash","Streamline","Skim"],"picked":"SKIP","floor":7.0},{"not_picked":["Steam","Blizzard"],"picked":"Coolheaded","floor":10.0},{"not_picked":["Scrape","Turbo"],"picked":"Ball Lightning","floor":12.0},{"not_picked":["Force Field","Streamline"],"picked":"FTL","floor":13.0},{"not_picked":["Beam Cell","Storm"],"picked":"Coolheaded","floor":14.0},{"not_picked":["Lockon","Genetic Algorithm"],"picked":"Go for the Eyes","floor":15.0},{"not_picked":["Multi-Cast","Meteor Strike"],"picked":"Reboot","floor":16.0},{"not_picked":["Hologram","Rebound"],"picked":"Fusion","floor":18.0},{"not_picked":["Steam","Leap","Compile Driver+1"],"picked":"SKIP","floor":25.0},{"not_picked":["Gash+1","Leap"],"picked":"Undo","floor":27},{"not_picked":["Steam Power","Steam"],"picked":"Defragment","floor":29},{"not_picked":["Redo+1","Gash"],"picked":"Conserve Battery","floor":30},{"not_picked":["Turbo","Ball Lightning+1"],"picked":"Core Surge","floor":31},{"not_picked":["Meteor Strike","Hyperbeam"],"picked":"Electrodynamics","floor":33},{"not_picked":["Streamline","Sweeping Beam+1","Tempest"],"picked":"SKIP","floor":35},{"not_picked":["Barrage+1","Scrape+1","Cold Snap+1"],"picked":"SKIP","floor":36},{"not_picked":["Compile Driver+1","Turbo+1","Melter+1"],"picked":"SKIP","floor":41},{"not_picked":["Melter","Conserve Battery+1"],"picked":"Chaos+1","floor":42},{"not_picked":["Reprogram","Chill+1"],"picked":"Cold Snap","floor":45},{"not_picked":["Gash","Genetic Algorithm","Reboot"],"picked":"SKIP","floor":47},{"not_picked":["Rebound+1","Steam+1"],"picked":"BootSequence+1","floor":49}],"player_experience":380254,"relics_obtained":[{"floor":7.0,"key":"Sundial"},{"floor":9.0,"key":"Dream Catcher"},{"floor":14.0,"key":"Blood Vial"},{"floor":26,"key":"Dodecahedron"},{"floor":42,"key":"Peace Pipe"},{"floor":43,"key":"Darkstone Periapt"}],"event_choices":[{"event_name":"Golden Idol","player_choice":"Take Damage","floor":2.0,"damage_taken":0.0},{"event_name":"World of Goop","player_choice":"Gather Gold","floor":3.0,"damage_taken":0.0},{"event_name":"Purifier","player_choice":"One Purge","floor":19.0,"damage_taken":0.0},{"event_name":"Duplicator","player_choice":"One dupe","floor":20.0,"damage_taken":0.0},{"event_name":"Upgrade Shrine","player_choice":"Upgraded","floor":38,"damage_taken":0},{"event_name":"Mysterious Sphere","player_choice":"Fight","floor":42,"damage_taken":0},{"event_name":"Wheel of Change","player_choice":"Damage","floor":44,"damage_taken":0}],"is_beta":false,"boss_relics":[{"not_picked":["Calling Bell","Lizard Tail"],"picked":"Velvet Choker"},{"not_picked":["Astrolabe","Tiny House"],"picked":"FrozenCore"}],"items_purged_floors":[5],"is_endless":false,"potions_floor_spawned":[1,7,12,25,27,31,33,41,42,47],"ascension_level":7}