{"gold_per_floor":[113,113,188,204,129,129,144,169,169,169],"floor_reached":10,"playtime":214,"items_purged":[],"score":119,"play_id":"34e5336d-30e3-4f09-9683-0224a70d8f55","local_time":"20190323170653","is_ascension_mode":true,"campfire_choices":[{"data":"Caltrops","floor":6,"key":"SMITH"}],"neow_cost":"NONE","seed_source_timestamp":249269382448000,"circlet_count":0,"master_deck":["AscendersBane","Defend_G","Defend_G","Defend_G","Defend_G","Defend_G","Strike_G","Strike_G","Strike_G","Strike_G","Survivor","Neutralize","Caltrops+1","Dagger Throw","Acrobatics+1"],"relics":["Ring of the Snake","NeowsBlessing","Toxic Egg 2","Boot","Molten Egg 2"],"potions_floor_usage":[8,8],"damage_taken":[{"damage":0,"enemies":"Small Slimes","floor":1,"turns":1},{"damage":0,"enemies":"Jaw Worm","floor":4,"turns":1},{"damage":0,"enemies":"2 Louse","floor":7,"turns":1},{"damage":11,"enemies":"Gremlin Nob","floor":8,"turns":5},{"damage":32,"enemies":"3 Sentries","floor":10,"turns":4}],"seed_played":"3820581264512451164","potions_obtained":[{"floor":1,"key":"Block Potion"},{"floor":4,"key":"Block Potion"}],"is_trial":false,"path_per_floor":["M","?","?","M","?","R","M","E","T","E"],"character_chosen":"THE_SILENT","items_purchased":[],"campfire_rested":0,"item_purchase_floors":[],"current_hp_per_floor":[59,54,43,43,43,43,43,32,32,0],"gold":169,"neow_bonus":"THREE_ENEMY_KILL","is_prod":false,"is_daily":false,"chose_seed":false,"campfire_upgraded":1,"win_rate":0,"timestamp":1553360813,"path_taken":["M","?","?","M","?","R","?","E","T","E"],"build_version":"2019-01-23","purchased_purges":0,"victory":false,"max_hp_per_floor":[66,66,66,66,66,66,66,66,66,66],"card_choices":[{"not_picked":["Underhanded Strike","Flechettes"],"picked":"Caltrops","floor":1},{"not_picked":["Prepared+1","Deflect+1"],"picked":"Dagger Throw","floor":4},{"not_picked":["Dagger Throw","Slice","Bane"],"picked":"SKIP","floor":7},{"not_picked":["Caltrops","Setup+1"],"picked":"Acrobatics+1","floor":8}],"player_experience":627572,"relics_obtained":[{"floor":8,"key":"Boot"},{"floor":9,"key":"Molten Egg 2"}],"event_choices":[{"damage_healed":0,"gold_gain":0,"player_choice":"Success","damage_taken":5,"relics_obtained":["Toxic Egg 2"],"max_hp_gain":0,"max_hp_loss":0,"event_name":"Scrap Ooze","floor":2,"gold_loss":0},{"damage_healed":0,"gold_gain":75,"player_choice":"Gather Gold","damage_taken":11,"max_hp_gain":0,"max_hp_loss":0,"event_name":"World of Goop","floor":3,"gold_loss":0},{"cards_removed":["Strike_G"],"damage_healed":0,"gold_gain":0,"player_choice":"Card Removal","damage_taken":0,"max_hp_gain":0,"max_hp_loss":0,"event_name":"The Cleric","floor":5,"gold_loss":75}],"is_beta":false,"boss_relics":[],"items_purged_floors":[],"is_endless":false,"potions_floor_spawned":[1,4,7],"killed_by":"3 Sentries","ascension_level":16}