{"gold_per_floor":[213,228,228,244,264,290,305,305,330,330,349,349,152,165,165,270,270,280,280,293,343,343,376,376,376,446,446,446,464,237,256,256,356,356,370,1369,1418,1438,1538,1538,1551,1581,1636,429,429,429,389,403,403,403],"floor_reached":51,"playtime":4848,"items_purged":["Strike_G","Strike_G+1","Normality"],"score":820,"play_id":"c660e99a-93fe-4f87-a9c9-74eae500fc42","local_time":"20190326221610","is_ascension_mode":false,"campfire_choices":[{"data":"Bouncing Flask","floor":8,"key":"SMITH"},{"data":"Bullet Time","floor":10,"key":"SMITH"},{"floor":12,"key":"REST"},{"data":"Noxious Fumes","floor":15,"key":"SMITH"},{"data":"Deadly Poison","floor":25,"key":"SMITH"},{"data":"Deadly Poison","floor":27,"key":"SMITH"},{"data":"Well Laid Plans","floor":32,"key":"SMITH"},{"floor":40,"key":"REST"},{"floor":49,"key":"REST"}],"neow_cost":"NONE","seed_source_timestamp":24250571891669,"circlet_count":0,"master_deck":["Defend_G+1","Defend_G+1","Defend_G+1","Defend_G+1","Survivor","Neutralize","Backflip","Noxious Fumes+1","Bouncing Flask+1","Deadly Poison+1","Bullet Time+1","Deadly Poison+1","Well Laid Plans+1","Dodge and Roll","Crippling Poison","Quick Slash","Malaise","Malaise","Crippling Poison","Dash+1","Flechettes","Backflip","Prepared","After Image","Noxious Fumes+1","Normality","Prepared+1","Acrobatics+1","Footwork+1","Catalyst+1","Noxious Fumes","Distraction+1","Chrysalis+1","Deep Breath+1","Tactician+1"],"relics":["Ring of the Snake","Juzu Bracelet","Bag of Preparation","Sozu","Anchor","Dodecahedron","Fusion Hammer","Tingsha","Bag of Marbles","MawBank","Toxic Egg 2","Shuriken","Lee\u0027s Waffle"],"potions_floor_usage":[6,16],"damage_taken":[{"damage":0,"enemies":"Small Slimes","floor":1,"turns":3},{"damage":0,"enemies":"Jaw Worm","floor":2,"turns":6},{"damage":0,"enemies":"Cultist","floor":4,"turns":5},{"damage":2,"enemies":"Looter","floor":5,"turns":4},{"damage":14,"enemies":"3 Sentries","floor":6,"turns":7},{"damage":3,"enemies":"Red Slaver","floor":7,"turns":3},{"damage":12,"enemies":"Large Slime","floor":11,"turns":4},{"damage":8,"enemies":"3 Louse","floor":14,"turns":4},{"damage":5,"enemies":"The Guardian","floor":16,"turns":8},{"damage":3,"enemies":"Shell Parasite","floor":18,"turns":4},{"damage":0,"enemies":"Spheric Guardian","floor":20,"turns":2},{"damage":13,"enemies":"Gremlin Leader","floor":23,"turns":6},{"damage":0,"enemies":"Chosen and Byrds","floor":29,"turns":4},{"damage":0,"enemies":"Snecko","floor":31,"turns":5},{"damage":17,"enemies":"Collector","floor":33,"turns":7},{"damage":0,"enemies":"3 Darklings","floor":35,"turns":4},{"damage":41,"enemies":"2 Orb Walkers","floor":37,"turns":5},{"damage":0,"enemies":"Orb Walker","floor":38,"turns":3},{"damage":12,"enemies":"Jaw Worm Horde","floor":41,"turns":6},{"damage":0,"enemies":"Giant Head","floor":42,"turns":8},{"damage":0,"enemies":"Sphere and 2 Shapes","floor":48,"turns":3},{"damage":0,"enemies":"Donu and Deca","floor":50,"turns":7}],"seed_played":"1949296583822681817","potions_obtained":[{"floor":1,"key":"Block Potion"},{"floor":2,"key":"SteroidPotion"},{"floor":4,"key":"Weak Potion"},{"floor":6,"key":"PowerPotion"}],"is_trial":false,"path_per_floor":["M","M","?","M","M","E","M","R","T","R","M","R","$","M","R","B",null,"M","?","M","?","?","E","?","R","T","R","?","M","$","M","R","B",null,"M","?","?","M","?","R","M","E","T","$","?","?","?","M","R","B",null],"character_chosen":"THE_SILENT","items_purchased":["Well Laid Plans","Dodge and Roll","Flechettes","Backflip","Catalyst","Toxic Egg 2","Noxious Fumes","Shuriken","Lee\u0027s Waffle","Distraction+1","Chrysalis+1"],"campfire_rested":3,"item_purchase_floors":[13,13,30,30,44,44,44,44,44,44,44],"current_hp_per_floor":[70,70,63,63,61,47,44,44,44,44,32,53,53,45,45,40,70,67,67,67,67,67,54,54,54,54,54,54,54,54,54,54,37,70,70,70,29,29,29,50,38,38,38,77,77,77,77,77,77,77],"gold":403,"neow_bonus":"HUNDRED_GOLD","is_prod":false,"is_daily":false,"chose_seed":false,"campfire_upgraded":6,"win_rate":0.0,"timestamp":1553634970,"path_taken":["M","M","?","M","M","E","M","R","T","R","M","R","$","M","R","BOSS","M","?","M","?","?","E","?","R","T","R","?","M","$","M","R","BOSS","M","?","?","M","?","R","M","E","T","$","?","?","?","M","R","BOSS"],"build_version":"2019-01-23","purchased_purges":3,"victory":true,"max_hp_per_floor":[70,70,70,70,70,70,70,70,70,70,70,70,70,70,70,70,70,70,70,70,70,70,70,70,70,70,70,70,70,70,70,70,70,70,70,70,70,70,70,70,70,70,70,77,77,77,77,77,77,77],"card_choices":[{"not_picked":["Eviscerate","Skewer"],"picked":"Backflip","floor":1},{"not_picked":["Sucker Punch","Dagger Throw"],"picked":"Noxious Fumes","floor":2},{"not_picked":["Dodge and Roll","Outmaneuver"],"picked":"Bouncing Flask","floor":4},{"not_picked":["Dagger Throw","Expertise"],"picked":"Deadly Poison","floor":5},{"not_picked":["Prepared","Quick Slash"],"picked":"Bullet Time","floor":6},{"not_picked":["Reflex","Predator"],"picked":"Flying Knee","floor":7},{"not_picked":["Bane","Heel Hook"],"picked":"Deadly Poison","floor":11},{"not_picked":["Blade Dance","Slice","Glass Knife"],"picked":"SKIP","floor":14},{"not_picked":["Skewer+1","Underhanded Strike+1"],"picked":"Crippling Poison","floor":18},{"not_picked":["Slice+1","Choke"],"picked":"Quick Slash","floor":20},{"not_picked":["Well Laid Plans+1","Flechettes"],"picked":"Crippling Poison","floor":23},{"not_picked":["Escape Plan","Underhanded Strike"],"picked":"Dash+1","floor":29},{"not_picked":["Well Laid Plans","Malaise"],"picked":"Prepared","floor":31},{"not_picked":["A Thousand Cuts","Bullet Time"],"picked":"After Image","floor":33},{"not_picked":["Outmaneuver","Dodge and Roll+1"],"picked":"Noxious Fumes+1","floor":35},{"not_picked":["Underhanded Strike","Poisoned Stab"],"picked":"Prepared+1","floor":37},{"not_picked":["Deadly Poison+1","Footwork+1"],"picked":"Acrobatics+1","floor":38},{"not_picked":["Skewer+1","Unload"],"picked":"Footwork+1","floor":41},{"not_picked":["Slice","Quick Slash","Dagger Spray+1"],"picked":"SKIP","floor":42},{"not_picked":["Bandage Up+1","Enlightenment+1"],"picked":"Deep Breath+1","floor":45},{"not_picked":["Poisoned Stab+1","Dagger Spray"],"picked":"Tactician+1","floor":48}],"player_experience":72359,"relics_obtained":[{"floor":6,"key":"Juzu Bracelet"},{"floor":9,"key":"Bag of Preparation"},{"floor":23,"key":"Anchor"},{"floor":26,"key":"Dodecahedron"},{"floor":37,"key":"Tingsha"},{"floor":42,"key":"Bag of Marbles"},{"floor":43,"key":"MawBank"}],"event_choices":[{"cards_removed":["Defend_G"],"damage_healed":0,"gold_gain":0,"player_choice":"Card Removal","damage_taken":7,"max_hp_gain":0,"max_hp_loss":0,"event_name":"Golden Wing","floor":3,"gold_loss":0},{"damage_healed":0,"gold_gain":0,"player_choice":"Simplicity","damage_taken":0,"max_hp_gain":0,"max_hp_loss":0,"event_name":"Back to Basics","floor":19,"gold_loss":0,"cards_upgraded":["Defend_G","Defend_G","Defend_G","Defend_G","Strike_G","Strike_G","Strike_G","Strike_G"]},{"damage_healed":0,"gold_gain":100,"player_choice":"Bet on Murderer","damage_taken":0,"max_hp_gain":0,"max_hp_loss":0,"event_name":"The Joust","floor":21,"gold_loss":50},{"damage_healed":0,"gold_gain":0,"cards_transformed":["Strike_G","Strike_G"],"player_choice":"Became Test Subject","damage_taken":0,"max_hp_gain":0,"max_hp_loss":0,"event_name":"Drug Dealer","floor":22,"gold_loss":0,"cards_obtained":["Malaise","Malaise"]},{"cards_removed":["Strike_G"],"damage_healed":0,"gold_gain":0,"player_choice":"Purged","damage_taken":0,"max_hp_gain":0,"max_hp_loss":0,"event_name":"Purifier","floor":24,"gold_loss":0},{"damage_healed":0,"gold_gain":0,"player_choice":"Ignored","damage_taken":0,"max_hp_gain":0,"max_hp_loss":0,"event_name":"Ghosts","floor":28,"gold_loss":0},{"damage_healed":0,"gold_gain":999,"player_choice":"Gold","damage_taken":0,"max_hp_gain":0,"max_hp_loss":0,"event_name":"MindBloom","floor":36,"gold_loss":0,"cards_obtained":["Normality","Normality"]},{"damage_healed":0,"gold_gain":0,"player_choice":"Fight","damage_taken":0,"max_hp_gain":0,"max_hp_loss":0,"event_name":"Mysterious Sphere","floor":37,"gold_loss":0},{"damage_healed":0,"gold_gain":100,"player_choice":"Pray","damage_taken":0,"max_hp_gain":0,"max_hp_loss":0,"event_name":"Golden Shrine","floor":39,"gold_loss":0},{"damage_healed":0,"gold_gain":0,"player_choice":"Memory 1","damage_taken":0,"max_hp_gain":0,"max_hp_loss":0,"event_name":"SensoryStone","floor":45,"gold_loss":0},{"cards_removed":["Flying Knee"],"damage_healed":0,"gold_gain":0,"player_choice":"Removed Attack","damage_taken":0,"max_hp_gain":0,"max_hp_loss":0,"event_name":"Falling","floor":46,"gold_loss":0},{"damage_healed":0,"gold_gain":0,"player_choice":"Upgrade","damage_taken":0,"max_hp_gain":0,"max_hp_loss":0,"event_name":"Designer","floor":47,"gold_loss":40,"cards_upgraded":["Catalyst"]}],"is_beta":false,"boss_relics":[{"not_picked":["Ectoplasm","Coffee Dripper"],"picked":"Sozu"},{"not_picked":["Calling Bell","HoveringKite"],"picked":"Fusion Hammer"}],"items_purged_floors":[13,30,44],"is_endless":false,"potions_floor_spawned":[1,2,4,6,14,20,29,31,35,38,42],"ascension_level":0}