{"gold_per_floor":[110,124,139,189,207,207,207,220,298,298],"floor_reached":10,"playtime":488,"items_purged":[],"score":120,"play_id":"83823bb7-77ca-4c82-a988-55dc8b1df803","local_time":"20190325224901","is_ascension_mode":true,"campfire_choices":[{"data":"Bash","floor":6,"key":"SMITH"}],"neow_cost":"NONE","seed_source_timestamp":96089629910246,"circlet_count":0,"master_deck":["AscendersBane","Strike_R","Strike_R","Strike_R","Strike_R","Strike_R","Defend_R","Defend_R","Defend_R","Defend_R","Bash+1","Barricade","Shrug It Off","Pummel","Inflame","Spot Weakness","Battle Trance"],"relics":["Burning Blood","Shuriken"],"potions_floor_usage":[8,10,10],"damage_taken":[{"damage":16,"enemies":"Jaw Worm","floor":1,"turns":5},{"damage":9,"enemies":"Cultist","floor":2,"turns":5},{"damage":4,"enemies":"2 Louse","floor":3,"turns":3},{"damage":20,"enemies":"Exordium Wildlife","floor":5,"turns":6},{"damage":21,"enemies":"Exordium Thugs","floor":8,"turns":4},{"damage":37,"enemies":"3 Sentries","floor":10,"turns":4}],"seed_played":"-6952292907712671777","potions_obtained":[{"floor":3,"key":"LiquidBronze"},{"floor":5,"key":"Block Potion"},{"floor":8,"key":"SkillPotion"}],"is_trial":false,"path_per_floor":["M","M","M","?","M","R","?","M","T","E"],"character_chosen":"IRONCLAD","items_purchased":[],"campfire_rested":0,"item_purchase_floors":[],"current_hp_per_floor":[58,55,57,57,43,43,43,28,28,0],"gold":298,"neow_bonus":"ONE_RANDOM_RARE_CARD","is_prod":false,"is_daily":false,"chose_seed":false,"campfire_upgraded":1,"win_rate":0,"timestamp":1553546941,"path_taken":["M","M","M","?","?","R","?","M","T","E"],"build_version":"2019-01-23","purchased_purges":0,"victory":false,"max_hp_per_floor":[75,75,75,75,75,75,75,75,75,75],"card_choices":[{"not_picked":["Wild Strike","Havoc"],"picked":"Shrug It Off","floor":1},{"not_picked":["Heavy Blade","Reckless Charge"],"picked":"Pummel","floor":2},{"not_picked":["Cleave","Dual Wield"],"picked":"Inflame","floor":3},{"not_picked":["Perfected Strike","Headbutt"],"picked":"Spot Weakness","floor":5},{"not_picked":["Armaments","Bludgeon"],"picked":"Battle Trance","floor":8}],"player_experience":1606800,"relics_obtained":[{"floor":9,"key":"Shuriken"}],"event_choices":[{"damage_healed":0,"gold_gain":50,"player_choice":"Pray","damage_taken":0,"max_hp_gain":0,"max_hp_loss":0,"event_name":"Golden Shrine","floor":4,"gold_loss":0},{"damage_healed":0,"gold_gain":0,"player_choice":"Ignored","damage_taken":0,"max_hp_gain":0,"max_hp_loss":0,"event_name":"Golden Idol","floor":7,"gold_loss":0}],"is_beta":false,"boss_relics":[],"items_purged_floors":[],"is_endless":false,"potions_floor_spawned":[3,5,8],"killed_by":"3 Sentries","ascension_level":20}