{"path_per_floor":["M","M","?","M","?","R","M","E","T","R","M","R","M","M","R","B",null,"M","?","M","M","M","R","M","$","T","R","M","M","M","E","R"],"character_chosen":"IRONCLAD","items_purchased":["Paper Frog","Deep Breath"],"gold_per_floor":[110,127,127,141,141,141,152,184,231,231,251,251,261,279,279,383,383,396,396,408,428,448,448,461,43,43,43,55,65,78,110,110],"floor_reached":33,"campfire_rested":1,"playtime":3164,"current_hp_per_floor":[80,80,85,84,81,81,80,67,67,67,73,73,79,81,81,48,85,83,67,66,62,67,67,40,40,40,40,45,42,37,38,69],"items_purged":["Fiend Fire"],"gold":110,"score":300,"play_id":"5957c29c-b476-4e51-9397-31c5eb1f5fc9","is_prod":false,"is_daily":false,"is_ascension_mode":false,"campfire_upgraded":6,"path_taken":["M","M","?","M","?","R","M","E","T","R","?","R","M","?","R","BOSS","M","?","?","M","M","R","M","$","T","R","M","?","M","E","R","BOSS"],"build_version":"2018-02-08-PROD1","purchased_purges":1,"victory":false,"master_deck":["Strike_R","Strike_R","Defend_R+1","Defend_R","Defend_R","Defend_R","Bash","Clash+1","Shockwave+1","Body Slam","Clash","Juggernaut+1","Rage","Double Tap","Rampage+1","Fiend Fire+1","Flex","Pommel Strike","Armaments+1","Shrug It Off","Deep Breath+1","Disarm"],"max_hp_per_floor":[80,80,85,85,85,85,85,85,85,85,85,85,85,85,85,85,85,85,90,90,90,90,90,90,90,90,90,90,90,90,104,104],"relics":["Burning Blood","Self Forming Clay","Centennial Puzzle","Anchor","Astrolabe","Paper Frog","Red Skull","Mango"],"card_choices":[{"not_picked":["Thunderclap","Warcry"],"picked":"Clash"},{"not_picked":["Sword Boomerang","Rampage"],"picked":"Shockwave"},{"not_picked":["Sword Boomerang","Warcry"],"picked":"Body Slam"},{"not_picked":["Perfected Strike","Feel No Pain"],"picked":"Clash"},{"not_picked":["Hemokinesis","Anger"],"picked":"Juggernaut"},{"not_picked":["Havoc","Thunderclap"],"picked":"Rage"},{"not_picked":["Dark Embrace","Juggernaut"],"picked":"Double Tap"},{"not_picked":["Sword Boomerang","Havoc"],"picked":"Flex"},{"not_picked":["True Grit","Clothesline"],"picked":"Pommel Strike"},{"not_picked":["Seeing Red","Heavy Blade"],"picked":"Armaments"},{"not_picked":["Uppercut","Wild Strike"],"picked":"Shrug It Off"},{"not_picked":["Heavy Blade","Sword Boomerang"],"picked":"Disarm"}],"player_experience":83632,"potions_floor_usage":[21,31,33],"damage_taken":[{"damage":1,"enemies":"2 Louse","floor":1,"turns":2},{"damage":0,"enemies":"Cultist","floor":2,"turns":2},{"damage":7,"enemies":"Blue Slaver","floor":4,"turns":2},{"damage":7,"enemies":"3 Louse","floor":7,"turns":2},{"damage":19,"enemies":"Lagavulin","floor":8,"turns":7},{"damage":0,"enemies":"Exordium Wildlife","floor":11,"turns":3},{"damage":0,"enemies":"2 Fungi Beasts","floor":13,"turns":2},{"damage":4,"enemies":"Red Slaver","floor":14,"turns":4},{"damage":39,"enemies":"Hexaghost","floor":16,"turns":11},{"damage":8,"enemies":"Chosen","floor":18,"turns":3},{"damage":7,"enemies":"Shell Parasite","floor":20,"turns":3},{"damage":10,"enemies":"Sentry and Sphere","floor":21,"turns":3},{"damage":1,"enemies":"Snecko","floor":22,"turns":3},{"damage":33,"enemies":"Slaver and Parasite","floor":24,"turns":5},{"damage":1,"enemies":"Snake Plant","floor":28,"turns":2},{"damage":9,"enemies":"3 Cultists","floor":29,"turns":6},{"damage":11,"enemies":"Snecko","floor":30,"turns":5},{"damage":19,"enemies":"Slavers","floor":31,"turns":6},{"damage":77,"enemies":"Automaton","floor":33,"turns":8}],"event_choices":[{"event_name":"Big Fish","player_choice":"Donut","floor":3,"damage_taken":0},{"event_name":"Scrap Ooze","player_choice":"success","floor":5,"damage_taken":3},{"event_name":"Forgotten Altar","player_choice":"Shed Blood","floor":19,"damage_taken":0}],"boss_relics":[{"not_picked":["Eternal Feather","Question Card"],"picked":"Astrolabe"}],"potions_floor_spawned":[2,14,16,18,24,28,30],"seed_played":"-2630525910848910723","killed_by":"Automaton","ascension_level":0,"is_trial":false}