{"gold_per_floor":[114,127,145,145,162,193,193,228,251,286,302,319,319,334,334,434,434,452,467,467,487,499,532,549,565,565,577,606,623,179,179,179,274,274,286,286,304,304,6,41,41,54,54,85,15,25,25,25,25,25,25,25,25,50,50],"floor_reached":56,"playtime":4710,"items_purged":["Decay"],"score":1273,"play_id":"9826776f-d0fb-461f-a03b-90c88c50a0e0","local_time":"20190227194446","is_ascension_mode":false,"campfire_choices":[{"data":"Zap","floor":7,"key":"SMITH"},{"data":"Genetic Algorithm","floor":13,"key":"SMITH"},{"data":"Capacitor","floor":15,"key":"SMITH"},{"floor":32,"key":"REST"},{"floor":41,"key":"RECALL"},{"data":"Biased Cognition","floor":47,"key":"SMITH"},{"data":"Creative AI","floor":49,"key":"SMITH"},{"data":"Seek","floor":52,"key":"SMITH"}],"neow_cost":"CURSE","seed_source_timestamp":10878128100744,"circlet_count":0,"master_deck":["Strike_B","Strike_B","Defend_B","Defend_B","Defend_B","Defend_B","Zap+1","Dualcast","Ball Lightning","Glacier","Genetic Algorithm+1","Biased Cognition+1","Reboot","Go for the Eyes","Capacitor+1","Cold Snap","Creative AI+1","Defragment","BootSequence","Reboot","Coolheaded","Skim+1","Ball Lightning+1","Defragment","Defragment","Seek+1","White Noise+1","Discovery","Dark Shackles","Coolheaded"],"relics":["Cracked Core","Dead Branch","Strawberry","Oddly Smooth Stone","Lantern","Happy Flower","Empty Cage","Unceasing Top","Matryoshka","Orichalcum","The Courier","ClockworkSouvenir","Cables","Busted Crown","PreservedInsect","FossilizedHelix","Smiling Mask","Bag of Marbles","Pantograph","Anchor","Pear"],"potions_floor_usage":[11,24,29,46,50,55,55],"damage_taken":[{"damage":0,"enemies":"Cultist","floor":1,"turns":4},{"damage":5,"enemies":"Small Slimes","floor":2,"turns":3},{"damage":5,"enemies":"2 Louse","floor":3,"turns":2},{"damage":17,"enemies":"Lots of Slimes","floor":5,"turns":5},{"damage":15,"enemies":"Lagavulin","floor":6,"turns":8},{"damage":3,"enemies":"3 Sentries","floor":8,"turns":8},{"damage":4,"enemies":"Gremlin Nob","floor":10,"turns":4},{"damage":0,"enemies":"Looter","floor":11,"turns":2},{"damage":0,"enemies":"2 Fungi Beasts","floor":12,"turns":2},{"damage":9,"enemies":"Gremlin Gang","floor":14,"turns":4},{"damage":6,"enemies":"Hexaghost","floor":16,"turns":10},{"damage":2,"enemies":"3 Byrds","floor":18,"turns":5},{"damage":0,"enemies":"Chosen","floor":19,"turns":5},{"damage":8,"enemies":"Centurion and Healer","floor":21,"turns":7},{"damage":0,"enemies":"Snecko","floor":22,"turns":4},{"damage":3,"enemies":"Book of Stabbing","floor":23,"turns":6},{"damage":6,"enemies":"Snake Plant","floor":24,"turns":5},{"damage":0,"enemies":"Chosen and Byrds","floor":25,"turns":8},{"damage":1,"enemies":"Centurion and Healer","floor":27,"turns":10},{"damage":24,"enemies":"Slavers","floor":28,"turns":8},{"damage":6,"enemies":"Shelled Parasite and Fungi","floor":29,"turns":5},{"damage":23,"enemies":"Collector","floor":33,"turns":12},{"damage":0,"enemies":"3 Darklings","floor":35,"turns":7},{"damage":5,"enemies":"3 Shapes","floor":37,"turns":3},{"damage":0,"enemies":"Giant Head","floor":40,"turns":8},{"damage":0,"enemies":"Spire Growth","floor":42,"turns":5},{"damage":0,"enemies":"Reptomancer","floor":44,"turns":4},{"damage":0,"enemies":"Jaw Worm Horde","floor":46,"turns":4},{"damage":7,"enemies":"Awakened One","floor":50,"turns":12},{"damage":10,"enemies":"Shield and Spear","floor":54,"turns":4},{"damage":47,"enemies":"The Heart","floor":55,"turns":7}],"seed_played":"-3584028378560678366","potions_obtained":[{"floor":3,"key":"SpeedPotion"},{"floor":5,"key":"Swift Potion"},{"floor":12,"key":"SteroidPotion"},{"floor":14,"key":"SpeedPotion"},{"floor":21,"key":"PowerPotion"},{"floor":23,"key":"GamblersBrew"},{"floor":25,"key":"LiquidBronze"},{"floor":27,"key":"Explosive Potion"},{"floor":35,"key":"AttackPotion"},{"floor":42,"key":"Block Potion"},{"floor":54,"key":"Ancient Potion"}],"is_trial":false,"path_per_floor":["M","M","M","?","M","E","R","E","T","E","M","M","R","M","R","B",null,"M","M","?","M","M","E","M","M","T","M","E","M","$","?","R","B",null,"M","?","M","?","$","E","R","M","T","E","$","M","R","$","R","B",null,"R","$","E","B",null],"character_chosen":"DEFECT","items_purchased":["Defragment","ClockworkSouvenir","Cables","Defragment","FossilizedHelix","Dark Shackles"],"campfire_rested":1,"item_purchase_floors":[30,30,30,30,39,45],"current_hp_per_floor":[75,70,65,65,48,40,40,37,37,33,33,33,33,24,24,18,82,80,80,80,72,72,69,63,63,63,62,38,32,32,32,56,33,82,82,77,72,72,72,72,72,72,72,72,72,72,72,72,72,75,82,82,82,82,45],"gold":50,"neow_bonus":"ONE_RARE_RELIC","is_prod":false,"is_daily":false,"chose_seed":false,"campfire_upgraded":6,"win_rate":0,"timestamp":1551293086,"path_taken":["M","M","?","?","M","E","R","E","T","E","M","M","R","M","R","BOSS","M","M","?","?","M","E","M","M","T","M","E","M","$","?","R","BOSS","M","?","M","?","$","E","R","?","T","E","?","M","R","$","R","BOSS","R","$","E","BOSS"],"build_version":"2019-01-23","purchased_purges":1,"victory":true,"max_hp_per_floor":[75,75,75,75,75,82,82,82,82,82,82,82,82,82,82,82,82,82,82,82,82,82,82,82,82,82,82,82,82,82,82,82,82,82,82,82,82,82,82,82,82,82,82,82,82,82,82,82,82,82,82,82,82,92,92],"card_choices":[{"not_picked":["Conserve Battery","Hologram"],"picked":"Ball Lightning","floor":1},{"not_picked":["Coolheaded","Ball Lightning"],"picked":"Glacier","floor":2},{"not_picked":["Streamline","Leap"],"picked":"Genetic Algorithm","floor":3},{"not_picked":["Consume","Stack","Streamline"],"picked":"SKIP","floor":5},{"not_picked":["Doom and Gloom","Capacitor"],"picked":"Biased Cognition","floor":6},{"not_picked":["Sunder","Cold Snap"],"picked":"Reboot","floor":8},{"not_picked":["Storm","Leap"],"picked":"Go for the Eyes","floor":10},{"not_picked":["Recycle","Beam Cell"],"picked":"Capacitor","floor":11},{"not_picked":["Melter","Redo","Compile Driver"],"picked":"SKIP","floor":12},{"not_picked":["Fusion","Force Field"],"picked":"Cold Snap","floor":14},{"not_picked":["Buffer","Reboot"],"picked":"Creative AI","floor":16},{"not_picked":["Genetic Algorithm+1","Stack"],"picked":"Defragment","floor":18},{"not_picked":["Scrape+1","Storm+1","Sweeping Beam"],"picked":"SKIP","floor":19},{"not_picked":["Sunder","Gash"],"picked":"BootSequence","floor":21},{"not_picked":["Hologram","Gash+1"],"picked":"Reboot","floor":22},{"not_picked":["Loop","White Noise"],"picked":"Coolheaded","floor":23},{"not_picked":["Cold Snap+1","Steam"],"picked":"Skim+1","floor":24},{"not_picked":["Go for the Eyes+1","Streamline","Leap"],"picked":"SKIP","floor":25},{"not_picked":["Cold Snap","Steam","Multi-Cast"],"picked":"SKIP","floor":27},{"not_picked":["Beam Cell","Turbo"],"picked":"Ball Lightning+1","floor":28},{"not_picked":["Beam Cell","Rip and Tear","Darkness"],"picked":"SKIP","floor":29},{"not_picked":["Reboot","Hyperbeam"],"picked":"Seek","floor":33},{"not_picked":[],"picked":"White Noise+1","floor":35},{"not_picked":[],"picked":"Discovery","floor":36},{"not_picked":["Doom and Gloom+1"],"picked":"SKIP","floor":37},{"not_picked":["Gash+1"],"picked":"SKIP","floor":40},{"not_picked":["Gash"],"picked":"SKIP","floor":42},{"not_picked":["Gash"],"picked":"SKIP","floor":44},{"not_picked":["Sunder"],"picked":"SKIP","floor":46},{"not_picked":[],"picked":"Coolheaded","floor":54}],"player_experience":694541,"relics_obtained":[{"floor":6,"key":"Strawberry"},{"floor":8,"key":"Oddly Smooth Stone"},{"floor":9,"key":"Lantern"},{"floor":10,"key":"Happy Flower"},{"floor":20,"key":"Unceasing Top"},{"floor":23,"key":"Matryoshka"},{"floor":26,"key":"Orichalcum"},{"floor":28,"key":"The Courier"},{"floor":40,"key":"Smiling Mask"},{"floor":43,"key":"Bag of Marbles"},{"floor":43,"key":"Pantograph"},{"floor":44,"key":"Anchor"},{"floor":54,"key":"Pear"}],"event_choices":[{"cards_removed":["Strike_B"],"damage_healed":0,"gold_gain":0,"player_choice":"Forget","damage_taken":0,"max_hp_gain":0,"max_hp_loss":0,"event_name":"Living Wall","floor":4,"gold_loss":0},{"damage_healed":0,"gold_gain":0,"player_choice":"Relic","damage_taken":0,"max_hp_gain":0,"max_hp_loss":0,"event_name":"Wheel of Change","floor":20,"gold_loss":0},{"damage_healed":0,"gold_gain":0,"player_choice":"Smashed Altar","damage_taken":0,"max_hp_gain":0,"max_hp_loss":0,"event_name":"Forgotten Altar","floor":31,"gold_loss":0,"cards_obtained":["Decay"]},{"damage_healed":0,"gold_gain":0,"player_choice":"Memory 2","damage_taken":5,"max_hp_gain":0,"max_hp_loss":0,"event_name":"SensoryStone","floor":36,"gold_loss":0},{"damage_healed":0,"gold_gain":0,"player_choice":"Gave Potion","damage_taken":0,"relics_obtained":["PreservedInsect"],"max_hp_gain":0,"max_hp_loss":0,"event_name":"WeMeetAgain","floor":38,"gold_loss":0}],"is_beta":false,"boss_relics":[{"not_picked":["Philosopher\u0027s Stone","Orrery"],"picked":"Empty Cage"},{"not_picked":["Fusion Hammer","Inserter"],"picked":"Busted Crown"}],"items_purged_floors":[39],"is_endless":false,"potions_floor_spawned":[3,5,12,14,21,23,25,27,28,35,42,54],"ascension_level":0}