{"path_per_floor":["M","M","?","M","M","M","M","R","T","R","?","$","M","M","R","B",null,"M","$","M","M","?","T","M","R","T","R","?","E","M","M","R"],"character_chosen":"IRONCLAD","items_purchased":["Flame Barrier","Bandage Up","Singing Bowl"],"gold_per_floor":[111,128,128,144,164,177,187,187,187,187,437,203,222,233,233,336,336,349,96,109,126,26,49,67,67,67,67,67,98,114,125,125],"floor_reached":33,"campfire_rested":0,"playtime":2980,"current_hp_per_floor":[78,80,38,42,45,30,31,31,31,31,31,31,39,41,41,40,80,80,80,61,56,56,56,64,64,64,64,48,50,23,33,33],"items_purged":["Regret","Strike_R"],"gold":125,"score":263,"play_id":"c5b18b64-10fc-4158-a5eb-3e06b7c6c592","is_prod":false,"is_daily":false,"is_ascension_mode":false,"campfire_upgraded":6,"path_taken":["M","M","?","?","M","M","M","R","T","R","?","$","M","M","R","BOSS","M","$","M","M","?","?","M","R","T","R","?","E","M","M","R","BOSS"],"build_version":"2018-02-12-PROD1","purchased_purges":2,"victory":false,"master_deck":["Strike_R","Strike_R","Strike_R","Strike_R","Defend_R","Defend_R","Defend_R","Defend_R","Bash","Pommel Strike","Shrug It Off","Warcry+1","True Grit+1","Battle Trance+1","Flame Barrier","Bandage Up","Offering+1","Fiend Fire+1","Armaments+1","Metallicize+1","J.A.X.","Necronomicurse","Shrug It Off+1","Shrug It Off+1"],"max_hp_per_floor":[80,80,80,80,80,80,80,80,80,80,80,80,80,80,80,80,80,80,80,82,82,82,82,84,84,84,84,84,84,84,86,86],"relics":["Burning Blood","Orichalcum","Pantograph","Ginger","Question Card","Singing Bowl","Oddly Smooth Stone","Ornamental Fan","Necronomicon","Bag of Marbles"],"card_choices":[{"not_picked":["Blood for Blood","Havoc"],"picked":"Pommel Strike"},{"not_picked":["Clash","Perfected Strike"],"picked":"Shrug It Off"},{"not_picked":["Heavy Blade","Feel No Pain"],"picked":"Warcry"},{"not_picked":["Clash","Heavy Blade"],"picked":"True Grit"},{"not_picked":["Wild Strike","Pummel"],"picked":"Battle Trance"},{"not_picked":["Intimidate","Iron Wave"],"picked":"Offering"},{"not_picked":["Berserk","Brutality"],"picked":"Fiend Fire"},{"not_picked":["Bloodletting","Twin Strike","Iron Wave"],"picked":"Armaments"},{"not_picked":["Body Slam","Thunderclap","Infernal Blade"],"picked":"Metallicize"},{"not_picked":["Havoc","Armaments","Feed"],"picked":"Shrug It Off"},{"not_picked":["Shockwave","Wild Strike","Inflame"],"picked":"Shrug It Off"}],"player_experience":135011,"potions_floor_usage":[6,16,29,29],"damage_taken":[{"damage":8,"enemies":"Blue Slaver","floor":1,"turns":3},{"damage":3,"enemies":"Cultist","floor":2,"turns":4},{"damage":2,"enemies":"Small Slimes","floor":4,"turns":3},{"damage":3,"enemies":"Exordium Wildlife","floor":5,"turns":3},{"damage":21,"enemies":"Exordium Thugs","floor":6,"turns":5},{"damage":5,"enemies":"2 Fungi Beasts","floor":7,"turns":5},{"damage":2,"enemies":"Looter","floor":13,"turns":4},{"damage":8,"enemies":"Exordium Wildlife","floor":14,"turns":6},{"damage":36,"enemies":"The Guardian","floor":16,"turns":20},{"damage":8,"enemies":"3 Byrds","floor":18,"turns":5},{"damage":31,"enemies":"Chosen","floor":20,"turns":7},{"damage":15,"enemies":"Centurion and Healer","floor":21,"turns":15},{"damage":4,"enemies":"Snake Plant","floor":24,"turns":1},{"damage":4,"enemies":"Gremlin Leader","floor":29,"turns":1},{"damage":39,"enemies":"3 Cultists","floor":30,"turns":7},{"damage":4,"enemies":"Centurion and Healer","floor":31,"turns":14},{"damage":74,"enemies":"Automaton","floor":33,"turns":12}],"event_choices":[{"event_name":"Scrap Ooze","player_choice":"success","floor":3,"damage_taken":42},{"event_name":"Golden Shrine","player_choice":"Desecrate","floor":11,"damage_taken":0},{"event_name":"Drug Dealer","player_choice":"Got JAXXED","floor":22,"damage_taken":0},{"event_name":"Cursed Tome","player_choice":"Obtained Book","floor":28,"damage_taken":0}],"boss_relics":[{"not_picked":["Snecko Eye","Runic Cube"],"picked":"Question Card"}],"potions_floor_spawned":[4,7,14,16,18,24,30],"seed_played":"-734354290254011669","killed_by":"Automaton","ascension_level":0,"is_trial":false}