{"gold_per_floor":[143,143,143,166,21,21,59,59,59,59,102,115,115,115,115,211,211,226,239,189,15,15,15,33,49,49,82,126,126,126,162,162,162],"floor_reached":33,"playtime":1400,"items_purged":["Regret"],"score":450,"play_id":"d0538fe2-f713-4743-be54-934e8b67873c","local_time":"20190317124012","is_ascension_mode":true,"campfire_choices":[{"data":"True Grit","floor":6,"key":"SMITH"},{"floor":8,"key":"REST"},{"data":"Bash","floor":10,"key":"SMITH"},{"data":"Corruption","floor":13,"key":"SMITH"},{"floor":15,"key":"REST"},{"data":"Flame Barrier","floor":23,"key":"SMITH"},{"floor":29,"key":"REST"},{"data":"Limit Break","floor":32,"key":"SMITH"}],"neow_cost":"NONE","seed_source_timestamp":306628801197905,"circlet_count":0,"master_deck":["AscendersBane","Strike_R","Strike_R","Strike_R","Strike_R","Strike_R","Defend_R","Defend_R+1","Defend_R","Defend_R+1","Bash+1","Shrug It Off+1","True Grit+1","Corruption+1","Pommel Strike+1","Clothesline","Limit Break+1","Headbutt","Flame Barrier+1","HandOfGreed","Thunderclap","Iron Wave","Intimidate+1","Immolate"],"relics":["Burning Blood","Tiny Chest","War Paint","Golden Idol","Happy Flower","Du-Vu Doll","Pear","Sozu","Anchor","Self Forming Clay","Bottled Flame"],"potions_floor_usage":[28],"damage_taken":[{"damage":3,"enemies":"2 Louse","floor":1,"turns":4},{"damage":9,"enemies":"Small Slimes","floor":4,"turns":4},{"damage":41,"enemies":"Lagavulin","floor":7,"turns":9},{"damage":32,"enemies":"3 Sentries","floor":11,"turns":14},{"damage":0,"enemies":"Jaw Worm","floor":12,"turns":3},{"damage":47,"enemies":"Hexaghost","floor":16,"turns":14},{"damage":19,"enemies":"Spheric Guardian","floor":18,"turns":4},{"damage":5,"enemies":"3 Byrds","floor":19,"turns":7},{"damage":35,"enemies":"Centurion and Healer","floor":24,"turns":5},{"damage":10,"enemies":"Shelled Parasite and Fungi","floor":25,"turns":5},{"damage":11,"enemies":"3 Cultists","floor":27,"turns":5},{"damage":7,"enemies":"Cultist and Chosen","floor":28,"turns":4},{"damage":27,"enemies":"Slavers","floor":31,"turns":8},{"damage":96,"enemies":"Automaton","floor":33,"turns":6}],"seed_played":"-347363197616883285","potions_obtained":[{"floor":12,"key":"Energy Potion"},{"floor":16,"key":"SteroidPotion"}],"is_trial":false,"path_per_floor":["M","?","?","M","$","R","E","R","T","R","E","M","R","?","R","B",null,"M","M","?","$","T","R","M","M","T","M","M","R","?","E","R","B"],"character_chosen":"IRONCLAD","items_purchased":["Corruption","HandOfGreed"],"campfire_rested":3,"item_purchase_floors":[5,21],"current_hp_per_floor":[75,75,74,71,71,71,36,58,58,58,42,48,48,31,56,15,67,54,55,55,55,55,55,26,22,22,17,16,41,84,63,63,0],"gold":162,"neow_bonus":"RANDOM_COMMON_RELIC","is_prod":false,"is_daily":false,"chose_seed":false,"campfire_upgraded":5,"win_rate":0,"timestamp":1552840812,"path_taken":["M","?","?","M","$","R","E","R","T","R","E","M","R","?","R","BOSS","M","M","?","$","?","R","M","M","T","M","M","R","?","E","R","BOSS"],"build_version":"2019-01-23","purchased_purges":1,"victory":false,"max_hp_per_floor":[80,80,74,74,74,74,74,74,74,74,84,84,84,84,84,84,84,84,84,84,84,84,84,84,84,84,84,84,84,84,84,84,84],"card_choices":[{"not_picked":["Twin Strike","Body Slam"],"picked":"Shrug It Off","floor":1},{"not_picked":["Havoc","Iron Wave"],"picked":"True Grit","floor":4},{"not_picked":["True Grit","Iron Wave"],"picked":"Pommel Strike","floor":7},{"not_picked":["Corruption","Dual Wield","Searing Blow"],"picked":"SKIP","floor":11},{"not_picked":["Wild Strike","Cleave"],"picked":"Clothesline","floor":12},{"not_picked":["Feed","Exhume"],"picked":"Limit Break","floor":16},{"not_picked":["Armaments","Disarm"],"picked":"Headbutt","floor":18},{"not_picked":["Battle Trance","Power Through"],"picked":"Flame Barrier","floor":19},{"not_picked":["Warcry","Seeing Red"],"picked":"Thunderclap","floor":24},{"not_picked":["Warcry","Clothesline","Twin Strike"],"picked":"SKIP","floor":25},{"not_picked":["Havoc","Sentinel"],"picked":"Iron Wave","floor":27},{"not_picked":["Rupture","Iron Wave"],"picked":"Intimidate+1","floor":28},{"not_picked":["Sentinel","Dual Wield"],"picked":"Immolate","floor":31}],"player_experience":309354,"relics_obtained":[{"floor":7,"key":"Happy Flower"},{"floor":9,"key":"Du-Vu Doll"},{"floor":11,"key":"Pear"},{"floor":22,"key":"Anchor"},{"floor":26,"key":"Self Forming Clay"},{"floor":31,"key":"Bottled Flame"}],"event_choices":[{"damage_healed":0,"gold_gain":0,"player_choice":"Box","damage_taken":0,"relics_obtained":["War Paint"],"max_hp_gain":0,"max_hp_loss":0,"event_name":"Big Fish","floor":2,"gold_loss":0,"cards_obtained":["Regret"]},{"damage_healed":0,"gold_gain":0,"player_choice":"Lose Max HP","damage_taken":0,"relics_obtained":["Golden Idol"],"max_hp_gain":0,"max_hp_loss":6,"event_name":"Golden Idol","floor":3,"gold_loss":0},{"damage_healed":0,"gold_gain":0,"player_choice":"Entered Light","damage_taken":17,"max_hp_gain":0,"max_hp_loss":0,"event_name":"Shining Light","floor":14,"gold_loss":0,"cards_upgraded":["Shrug It Off","Pommel Strike"]},{"damage_healed":0,"gold_gain":0,"player_choice":"Bet on Owner","damage_taken":0,"max_hp_gain":0,"max_hp_loss":0,"event_name":"The Joust","floor":20,"gold_loss":50},{"damage_healed":43,"gold_gain":0,"player_choice":"Full Heal","damage_taken":0,"max_hp_gain":0,"max_hp_loss":0,"event_name":"Wheel of Change","floor":30,"gold_loss":0}],"is_beta":false,"boss_relics":[{"not_picked":["Orrery","Philosopher\u0027s Stone"],"picked":"Sozu"}],"items_purged_floors":[5],"is_endless":false,"potions_floor_spawned":[12,16,19,27],"killed_by":"Automaton","ascension_level":13}