{"gold_per_floor":[110,110,124,124,72,99,116,147,147,164,164,180,20,46,46,147,147,164,179,208,208,220,250,250,283,335,351,450,464,464,499,499,499],"floor_reached":33,"playtime":2237,"items_purged":[],"score":403,"play_id":"07ca2b12-062f-42a0-a908-0cacf1d8ad1d","local_time":"20190330104731","is_ascension_mode":true,"campfire_choices":[{"floor":11,"key":"REST"},{"floor":15,"key":"RECALL"},{"floor":24,"key":"REST"},{"floor":30,"key":"REST"},{"floor":32,"key":"REST"}],"neow_cost":"NONE","seed_source_timestamp":1611893595700,"circlet_count":0,"master_deck":["Strike_B","Strike_B","Strike_B+1","Defend_B","Defend_B","Defend_B","Defend_B","Zap","Dualcast+1","Seek","Go for the Eyes","Ball Lightning","FTL","Leap","Rebound","Storm","Electrodynamics","Thunder Strike","Static Discharge","Conserve Battery","Sweeping Beam","Beam Cell+1","Streamline+1","Conserve Battery","Leap","Melter+1"],"special_seed":0,"relics":["Cracked Core","Du-Vu Doll","Pocketwatch","Lantern","Kunai","Velvet Choker","Red Mask","Molten Egg 2","Gambling Chip","Vajra","Mango"],"potions_floor_usage":[6,14,23,25,27,31,31,31],"damage_taken":[{"damage":4.0,"enemies":"Jaw Worm","floor":1.0,"turns":3.0},{"damage":0.0,"enemies":"2 Louse","floor":3.0,"turns":3.0},{"damage":19,"enemies":"3 Sentries","floor":6,"turns":8},{"damage":0,"enemies":"Cultist","floor":7,"turns":2},{"damage":11,"enemies":"Lagavulin","floor":8,"turns":5},{"damage":1,"enemies":"3 Louse","floor":10,"turns":2},{"damage":0,"enemies":"2 Fungi Beasts","floor":12,"turns":3},{"damage":0,"enemies":"Gremlin Nob","floor":14,"turns":2},{"damage":32,"enemies":"Hexaghost","floor":16,"turns":10},{"damage":9,"enemies":"Chosen","floor":18,"turns":4},{"damage":7,"enemies":"Shell Parasite","floor":19,"turns":4},{"damage":0,"enemies":"Masked Bandits","floor":20,"turns":2},{"damage":3,"enemies":"Centurion and Healer","floor":22,"turns":4},{"damage":23,"enemies":"Gremlin Leader","floor":23,"turns":6},{"damage":36,"enemies":"Book of Stabbing","floor":25,"turns":5},{"damage":16,"enemies":"Snake Plant","floor":27,"turns":3},{"damage":0,"enemies":"Sentry and Sphere","floor":29,"turns":2},{"damage":15,"enemies":"Slavers","floor":31,"turns":3},{"damage":72,"enemies":"Champ","floor":33,"turns":9}],"seed_played":"7310968645040118404","potions_obtained":[{"floor":1.0,"key":"SkillPotion"},{"floor":10,"key":"AttackPotion"},{"floor":14,"key":"Weak Potion"},{"floor":16,"key":"Explosive Potion"},{"floor":19,"key":"AttackPotion"},{"floor":23,"key":"SpeedPotion"},{"floor":25,"key":"LiquidBronze"},{"floor":29,"key":"Dexterity Potion"}],"is_trial":false,"path_per_floor":["M","?","M","?","?","E","M","E","T","M","R","M","$","E","R","B",null,"M","M","?","?","M","E","R","E","T","M","?","M","R","E","R","B"],"character_chosen":"DEFECT","items_purchased":["Electrodynamics"],"campfire_rested":4,"item_purchase_floors":[13],"current_hp_per_floor":[71,56,56,56,56,37,37,26,26,25,47,47,47,47,47,15,75,66,59,59,59,56,33,55,19,19,3,3,3,25,24,50,0],"gold":499,"neow_bonus":"ONE_RANDOM_RARE_CARD","is_prod":false,"is_daily":false,"chose_seed":false,"campfire_upgraded":0,"win_rate":0,"timestamp":1553953651,"path_taken":["M","?","M","?","?","E","M","E","T","M","R","M","$","E","R","BOSS","M","?","?","?","M","E","R","E","T","?","?","M","R","E","R","BOSS"],"build_version":"2019-01-23","purchased_purges":0,"victory":false,"max_hp_per_floor":[75,75,75,75,75,75,75,75,75,75,75,75,75,75,75,75,75,75,75,75,75,75,75,75,75,75,75,75,75,75,89,89,89],"card_choices":[{"not_picked":["Doom and Gloom","Steam Power"],"picked":"Go for the Eyes","floor":1.0},{"not_picked":["Streamline","Stack"],"picked":"Ball Lightning","floor":3.0},{"not_picked":["Undo","Redo"],"picked":"FTL","floor":6},{"not_picked":["Steam","Recycle"],"picked":"Leap","floor":7},{"not_picked":["Redo","Stack"],"picked":"Rebound","floor":8},{"not_picked":["Coolheaded","Hologram","Cold Snap"],"picked":"SKIP","floor":10},{"not_picked":["Redo","Double Energy"],"picked":"Storm","floor":12},{"not_picked":["Hyperbeam","Go for the Eyes","Coolheaded"],"picked":"SKIP","floor":14},{"not_picked":["Seek","Buffer"],"picked":"Thunder Strike","floor":16},{"not_picked":["Melter","Coolheaded"],"picked":"Static Discharge","floor":18},{"not_picked":["Fusion","Barrage","Coolheaded"],"picked":"SKIP","floor":19},{"not_picked":["Turbo","Hologram"],"picked":"Conserve Battery","floor":20},{"not_picked":["Hologram","Consume"],"picked":"Sweeping Beam","floor":22},{"not_picked":["Fusion","Redo"],"picked":"Beam Cell","floor":23},{"not_picked":["Fission","Redo"],"picked":"Streamline+1","floor":25},{"not_picked":["Steam","Compile Driver+1"],"picked":"Conserve Battery","floor":27},{"not_picked":["Hologram","Barrage+1"],"picked":"Leap","floor":29},{"not_picked":["Beam Cell+1","Coolheaded+1"],"picked":"Melter+1","floor":31}],"player_experience":314302,"relics_obtained":[{"floor":6,"key":"Pocketwatch"},{"floor":8,"key":"Lantern"},{"floor":14,"key":"Kunai"},{"floor":20,"key":"Red Mask"},{"floor":23,"key":"Molten Egg 2"},{"floor":25,"key":"Gambling Chip"},{"floor":26,"key":"Vajra"},{"floor":31,"key":"Mango"}],"event_choices":[{"damage_healed":0.0,"max_hp_gain":0.0,"max_hp_loss":0.0,"gold_gain":0.0,"event_name":"Shining Light","player_choice":"Entered Light","floor":2.0,"gold_loss":0.0,"damage_taken":15.0,"cards_upgraded":["Dualcast","Strike_B"]},{"cards_removed":["Strike_B"],"damage_healed":0,"gold_gain":0,"player_choice":"Forget","damage_taken":0,"max_hp_gain":0,"max_hp_loss":0,"event_name":"Living Wall","floor":4,"gold_loss":0},{"damage_healed":0,"gold_gain":0,"player_choice":"Paid Gold","damage_taken":0,"relics_obtained":["Du-Vu Doll"],"max_hp_gain":0,"max_hp_loss":0,"event_name":"WeMeetAgain","floor":5,"gold_loss":52},{"damage_healed":0,"gold_gain":0,"player_choice":"Fought Bandits","damage_taken":0,"max_hp_gain":0,"max_hp_loss":0,"event_name":"Masked Bandits","floor":20,"gold_loss":0},{"damage_healed":0,"gold_gain":0,"player_choice":"Bought 0 Potions","damage_taken":0,"max_hp_gain":0,"max_hp_loss":0,"event_name":"The Woman in Blue","floor":21,"gold_loss":0},{"damage_healed":0,"gold_gain":99,"player_choice":"Stole From Cult","damage_taken":0,"max_hp_gain":0,"max_hp_loss":0,"event_name":"Nest","floor":28,"gold_loss":0}],"is_beta":false,"boss_relics":[{"not_picked":["Runic Pyramid","FrozenCore"],"picked":"Velvet Choker"}],"items_purged_floors":[],"is_endless":false,"potions_floor_spawned":[1,10,14,16,19,20,23,25,29],"killed_by":"Champ","ascension_level":3}