{"gold_per_floor":[114,130,130,130,150,177,177,197,272,290,290,323,348,366,366,494,494,519,540,540,555,555,555,569,590,590,634,658,694,719,754,754,754],"floor_reached":33,"playtime":3183,"items_purged":[],"score":433,"play_id":"e0695b97-4bc6-4235-bc71-5363a880f94e","local_time":"20181225211609","is_ascension_mode":true,"campfire_choices":[{"floor":11,"key":"REST"},{"floor":15,"key":"RECALL"},{"data":"Bludgeon","floor":23,"key":"SMITH"},{"floor":32,"key":"REST"}],"neow_cost":"NONE","seed_source_timestamp":368543427376200,"circlet_count":0,"master_deck":["Strike_R","Strike_R","Strike_R","Strike_R","Strike_R","Defend_R","Defend_R","Defend_R","Defend_R","Bash","Cleave+1","Anger","Carnage","Pommel Strike","Injury","Twin Strike","Twin Strike","Anger","Anger","Cleave","Wild Strike","Double Tap","Ghostly Armor","Cleave","Bludgeon+1","Armaments+1","Rage+1","Flex+1","Infernal Blade+1","Inflame+1","Wild Strike+1","Madness","Fire Breathing","Heavy Blade","Cleave","Wild Strike","Clothesline","Infernal Blade","Ghostly Armor","Armaments+1","Pommel Strike","Iron Wave","Infernal Blade","Evolve+1"],"relics":["Burning Blood","Potion Belt","Prayer Wheel","Golden Idol","Happy Flower","Sozu","PreservedInsect","Frozen Egg 2","Bronze Scales","Blood Vial","Regal Pillow"],"potions_floor_usage":[6,28,28,28],"damage_taken":[{"damage":1,"enemies":"Cultist","floor":1,"turns":3},{"damage":1,"enemies":"2 Louse","floor":2,"turns":2},{"damage":0,"enemies":"Small Slimes","floor":5,"turns":1},{"damage":21,"enemies":"Gremlin Nob","floor":6,"turns":4},{"damage":12,"enemies":"Looter","floor":8,"turns":3},{"damage":10,"enemies":"Gremlin Gang","floor":10,"turns":4},{"damage":13,"enemies":"3 Sentries","floor":12,"turns":4},{"damage":9,"enemies":"2 Fungi Beasts","floor":13,"turns":2},{"damage":10,"enemies":"Lots of Slimes","floor":14,"turns":3},{"damage":13,"enemies":"Slime Boss","floor":16,"turns":6},{"damage":0,"enemies":"Spheric Guardian","floor":18,"turns":1},{"damage":2,"enemies":"Chosen","floor":19,"turns":4},{"damage":6,"enemies":"Snecko","floor":21,"turns":4},{"damage":24,"enemies":"Snake Plant","floor":24,"turns":3},{"damage":13,"enemies":"Centurion and Healer","floor":25,"turns":3},{"damage":31,"enemies":"Book of Stabbing","floor":27,"turns":4},{"damage":7,"enemies":"3 Cultists","floor":28,"turns":4},{"damage":0,"enemies":"Gremlin Leader","floor":29,"turns":4},{"damage":19,"enemies":"Snake Plant","floor":30,"turns":2},{"damage":19,"enemies":"Book of Stabbing","floor":31,"turns":4},{"damage":75,"enemies":"Automaton","floor":33,"turns":6}],"seed_played":"-1380435972124645868","potions_obtained":[{"floor":2,"key":"EssenceOfSteel"},{"floor":5,"key":"Dexterity Potion"},{"floor":12,"key":"Dexterity Potion"},{"floor":13,"key":"BloodPotion"},{"floor":14,"key":"Poison Potion"}],"is_trial":false,"path_per_floor":["M","M","?","?","M","E","?","M","T","M","R","E","M","M","R","B",null,"M","M","?","M","?","R","M","M","T","E","M","E","M","E","R","B"],"character_chosen":"IRONCLAD","items_purchased":[],"campfire_rested":2,"item_purchase_floors":[],"current_hp_per_floor":[80,80,80,80,80,65,65,59,59,55,79,72,69,65,65,58,80,80,80,80,80,80,80,62,55,55,30,29,35,24,13,52,0],"gold":754,"neow_bonus":"RANDOM_COMMON_RELIC","is_prod":false,"is_daily":false,"chose_seed":false,"campfire_upgraded":1,"win_rate":0,"timestamp":1545779769,"path_taken":["M","M","?","?","M","E","?","M","T","M","R","E","M","M","R","BOSS","M","M","?","?","?","R","?","M","T","E","M","E","M","E","R","BOSS"],"build_version":"2018-12-20","purchased_purges":0,"victory":false,"max_hp_per_floor":[80,80,80,80,80,80,80,80,80,80,80,80,80,80,80,80,80,80,80,80,80,80,80,80,80,80,80,80,80,80,80,80,80],"card_choices":[{"not_picked":["Heavy Blade","Perfected Strike"],"picked":"Cleave","floor":1},{"not_picked":["Barricade","Clothesline"],"picked":"Anger","floor":2},{"not_picked":["Clash","Corruption"],"picked":"Carnage","floor":5},{"not_picked":["Body Slam","Warcry"],"picked":"Pommel Strike","floor":6},{"not_picked":["Cleave","Body Slam"],"picked":"Twin Strike","floor":8},{"not_picked":["Dark Embrace","Headbutt"],"picked":"Twin Strike","floor":8},{"not_picked":["Thunderclap","Evolve"],"picked":"Anger","floor":10},{"not_picked":["Heavy Blade","Rage"],"picked":"Anger","floor":10},{"not_picked":["Power Through","Warcry"],"picked":"Cleave","floor":12},{"not_picked":["Warcry","Heavy Blade"],"picked":"Wild Strike","floor":13},{"not_picked":["Havoc","Wild Strike"],"picked":"Double Tap","floor":13},{"not_picked":["Flex","Corruption"],"picked":"Ghostly Armor","floor":14},{"not_picked":["Perfected Strike","Sword Boomerang"],"picked":"Cleave","floor":14},{"not_picked":["Double Tap","Juggernaut"],"picked":"Bludgeon","floor":16},{"not_picked":["Cleave","Metallicize"],"picked":"Armaments+1","floor":18},{"not_picked":["Bloodletting","Body Slam"],"picked":"Rage+1","floor":18},{"not_picked":["Shrug It Off","Hemokinesis"],"picked":"Flex+1","floor":19},{"not_picked":["Wild Strike","Corruption"],"picked":"Infernal Blade+1","floor":19},{"not_picked":["Body Slam","Armaments+1"],"picked":"Inflame+1","floor":21},{"not_picked":["Metallicize","Headbutt+1"],"picked":"Wild Strike+1","floor":21},{"not_picked":["Pummel","True Grit"],"picked":"Heavy Blade","floor":24},{"not_picked":["Havoc+1","Anger"],"picked":"Cleave","floor":24},{"not_picked":["Pummel+1","Berserk"],"picked":"Wild Strike","floor":25},{"not_picked":["Infernal Blade","Ghostly Armor"],"picked":"Clothesline","floor":25},{"not_picked":["Headbutt","Anger"],"picked":"Infernal Blade","floor":27},{"not_picked":["Perfected Strike","Heavy Blade"],"picked":"Ghostly Armor","floor":28},{"not_picked":["Iron Wave","Carnage"],"picked":"Armaments+1","floor":28},{"not_picked":["True Grit","Searing Blow"],"picked":"Pommel Strike","floor":29},{"not_picked":["Feel No Pain+1","Havoc"],"picked":"Iron Wave","floor":30},{"not_picked":["Clash","Iron Wave"],"picked":"Infernal Blade","floor":30},{"not_picked":["Heavy Blade","Body Slam+1"],"picked":"Evolve+1","floor":31}],"player_experience":267729,"relics_obtained":[{"floor":6,"key":"Prayer Wheel"},{"floor":12,"key":"Happy Flower"},{"floor":26,"key":"Frozen Egg 2"},{"floor":27,"key":"Bronze Scales"},{"floor":29,"key":"Blood Vial"},{"floor":31,"key":"Regal Pillow"}],"event_choices":[{"damage_healed":0,"gold_gain":0,"player_choice":"Ignored","damage_taken":0,"max_hp_gain":0,"max_hp_loss":0,"event_name":"Golden Wing","floor":3,"gold_loss":0},{"damage_healed":0,"gold_gain":0,"player_choice":"Grow","damage_taken":0,"max_hp_gain":0,"max_hp_loss":0,"event_name":"Living Wall","floor":4,"gold_loss":0,"cards_upgraded":["Cleave"]},{"damage_healed":0,"gold_gain":0,"player_choice":"Take Wound","damage_taken":0,"relics_obtained":["Golden Idol"],"max_hp_gain":0,"max_hp_loss":0,"event_name":"Golden Idol","floor":7,"gold_loss":0,"cards_obtained":["Injury"]},{"damage_healed":0,"gold_gain":0,"player_choice":"Gave Potion","damage_taken":0,"relics_obtained":["PreservedInsect"],"max_hp_gain":0,"max_hp_loss":0,"event_name":"WeMeetAgain","floor":20,"gold_loss":0},{"damage_healed":0,"gold_gain":0,"player_choice":"2 cards matched","damage_taken":0,"max_hp_gain":0,"max_hp_loss":0,"event_name":"Match and Keep!","floor":22,"gold_loss":0,"cards_obtained":["Madness","Fire Breathing"]}],"is_beta":false,"boss_relics":[{"not_picked":["Coffee Dripper","Cursed Key"],"picked":"Sozu"}],"items_purged_floors":[],"is_endless":false,"potions_floor_spawned":[2,5,12,13,14,21,24,27,29],"killed_by":"Automaton","ascension_level":2}