{"gold_per_floor":[310,485,485,1,16,28,56,56,102,102,102,102,127,202,202,202],"floor_reached":16,"playtime":633,"items_purged":["Doubt"],"score":118,"play_id":"ace48298-61f4-4e2b-9777-90ac475df78a","local_time":"20180831234427","is_ascension_mode":true,"campfire_choices":[{"data":"Fusion","floor":10,"key":"SMITH"},{"floor":15,"key":"REST"}],"neow_cost":"NO_GOLD","seed_source_timestamp":876067158274055,"circlet_count":0,"master_deck":["Strike_B+1","Strike_B","Strike_B+1","Strike_B","Defend_B+1","Defend_B","Defend_B","Defend_B","Zap+1","Dualcast","Coolheaded","Flash of Steel+1","White Noise","Genetic Algorithm","Fusion+1","Self Repair"],"relics":["Cracked Core","Old Coin","Oddly Smooth Stone","Juzu Bracelet","Whetstone","Omamori","Golden Idol"],"potions_floor_usage":[],"damage_taken":[{"damage":3,"enemies":"Jaw Worm","floor":1,"turns":4},{"damage":6,"enemies":"Small Slimes","floor":5,"turns":2},{"damage":0,"enemies":"2 Louse","floor":6,"turns":1},{"damage":39,"enemies":"Gremlin Nob","floor":7,"turns":4},{"damage":14,"enemies":"Exordium Thugs","floor":13,"turns":4},{"damage":36,"enemies":"Hexaghost","floor":16,"turns":9}],"seed_played":"3779406037205651665","potions_obtained":[{"floor":5,"key":"Energy Potion"},{"floor":7,"key":"SpeedPotion"}],"is_trial":false,"path_per_floor":["M","?","?","$","M","M","E","?","T","R","?","?","M","?","R"],"character_chosen":"DEFECT","items_purchased":["Oddly Smooth Stone","Flash of Steel","Juzu Bracelet"],"campfire_rested":1,"item_purchase_floors":[4,4,4],"current_hp_per_floor":[72,72,72,72,66,66,27,52,52,52,37,37,23,12,32,0],"gold":202,"neow_bonus":"ONE_RARE_RELIC","is_prod":false,"is_daily":false,"chose_seed":false,"campfire_upgraded":1,"win_rate":0,"timestamp":1535755467,"path_taken":["M","?","?","$","M","M","E","?","T","R","?","?","M","?","R","BOSS"],"build_version":"2018-08-30","purchased_purges":1,"victory":false,"max_hp_per_floor":[75,75,75,75,75,75,75,75,75,75,75,69,69,69,69,69],"card_choices":[{"not_picked":["Leap","Compile Driver"],"picked":"Coolheaded","floor":1},{"not_picked":["Aggregate","Sweeping Beam"],"picked":"White Noise","floor":5},{"not_picked":["Recycle","Sunder"],"picked":"Genetic Algorithm","floor":6},{"not_picked":["Skim","Tempest"],"picked":"Fusion","floor":7},{"not_picked":["Compile Driver","Reinforced Body"],"picked":"Self Repair","floor":13}],"player_experience":289422,"relics_obtained":[{"floor":7,"key":"Whetstone"},{"floor":9,"key":"Omamori"}],"event_choices":[{"event_name":"Liars Game","player_choice":"agreed","floor":2,"damage_taken":0},{"event_name":"Accursed Blacksmith","player_choice":"Forge","floor":3,"damage_taken":0},{"event_name":"Big Fish","player_choice":"Banana","floor":8,"damage_taken":0},{"event_name":"Shining Light","player_choice":"Entered Light","floor":11,"damage_taken":0},{"event_name":"Golden Idol","player_choice":"Lose Max HP","floor":12,"damage_taken":0},{"event_name":"World of Goop","player_choice":"Gather Gold","floor":14,"damage_taken":0}],"is_beta":false,"boss_relics":[],"items_purged_floors":[4],"is_endless":false,"potions_floor_spawned":[5,7],"killed_by":"Hexaghost","ascension_level":4}