{"gold_per_floor":[115,24,38,213,213,213,243,243,243,275,275,295,310,323,323,394,394,413,424,424,269,269,269,285,285,285,297,297],"floor_reached":28,"playtime":2043,"items_purged":["Strike_B"],"score":417,"play_id":"7c635c88-e5ff-42a5-be3b-e67f67a23ab3","local_time":"20190111204402","is_ascension_mode":true,"campfire_choices":[{"data":"Dualcast","floor":6,"key":"SMITH"},{"data":"Hello World","floor":8,"key":"SMITH"},{"data":"Chaos","floor":15,"key":"SMITH"},{"floor":23,"key":"REST"},{"floor":25,"key":"REST"}],"neow_cost":"NONE","seed_source_timestamp":160844833665400,"circlet_count":0,"master_deck":["AscendersBane","Strike_B","Strike_B","Defend_B","Defend_B","Defend_B","Defend_B","Zap","Dualcast+1","Hello World+1","Coolheaded","Conserve Battery","Chaos+1","Fusion","Sweeping Beam","Steam","Electrodynamics","Blizzard","Double Energy","Capacitor","Rip and Tear"],"relics":["Cracked Core","NeowsBlessing","Vajra","Question Card","Unceasing Top","The Courier","Busted Crown"],"potions_floor_usage":[16,24,27],"damage_taken":[{"damage":0,"enemies":"Small Slimes","floor":1,"turns":1},{"damage":0,"enemies":"2 Louse","floor":3,"turns":1},{"damage":0,"enemies":"Lagavulin","floor":7,"turns":1},{"damage":27,"enemies":"3 Sentries","floor":10,"turns":9},{"damage":0,"enemies":"Cultist","floor":12,"turns":4},{"damage":17,"enemies":"Lots of Slimes","floor":13,"turns":5},{"damage":4,"enemies":"Exordium Wildlife","floor":14,"turns":2},{"damage":4,"enemies":"The Guardian","floor":16,"turns":11},{"damage":7,"enemies":"Spheric Guardian","floor":18,"turns":4},{"damage":12,"enemies":"2 Thieves","floor":19,"turns":4},{"damage":21,"enemies":"Shelled Parasite and Fungi","floor":24,"turns":6},{"damage":38,"enemies":"Snake Plant","floor":27,"turns":4},{"damage":16,"enemies":"Chosen and Byrds","floor":28,"turns":4}],"seed_played":"-6658902213596166694","potions_obtained":[{"floor":7,"key":"AttackPotion"},{"floor":13,"key":"FocusPotion"},{"floor":16,"key":"GamblersBrew"},{"floor":24,"key":"SteroidPotion"}],"is_trial":false,"path_per_floor":["M","$","M","?","?","R","E","R","T","E","?","M","M","M","R","B",null,"M","M","?","$","?","R","M","R","T","M","M"],"character_chosen":"DEFECT","items_purchased":["Hello World","Coolheaded","Double Energy","Capacitor"],"campfire_rested":2,"item_purchase_floors":[2,2,21,21],"current_hp_per_floor":[68,68,68,68,65,65,65,65,65,38,38,38,21,17,17,13,60,53,41,27,27,27,51,30,54,54,16,0],"gold":297,"neow_bonus":"THREE_ENEMY_KILL","is_prod":false,"is_daily":false,"chose_seed":false,"campfire_upgraded":3,"win_rate":0,"timestamp":1547239442,"path_taken":["M","$","M","?","?","R","E","R","T","E","?","M","?","M","R","BOSS","M","?","?","$","?","R","M","R","T","M","?"],"build_version":"2019-01-10","purchased_purges":1,"victory":false,"max_hp_per_floor":[75,75,75,75,75,75,75,75,75,75,75,75,75,75,75,75,75,75,75,80,80,80,80,80,80,80,80,80],"card_choices":[{"not_picked":["Stack","Rip and Tear","Hologram"],"picked":"SKIP","floor":1},{"not_picked":["Stack","Rip and Tear","Hologram"],"picked":"SKIP","floor":1},{"not_picked":["Beam Cell","Coolheaded","Rebound"],"picked":"SKIP","floor":3},{"not_picked":["Steam Power","Hologram"],"picked":"Conserve Battery","floor":7},{"not_picked":["Glacier","Skim","Leap"],"picked":"Chaos","floor":10},{"not_picked":["Darkness","Buffer","Glacier"],"picked":"Fusion","floor":12},{"not_picked":["Darkness","Turbo","Barrage"],"picked":"Sweeping Beam","floor":13},{"not_picked":["Hologram","Coolheaded","Lockon"],"picked":"Steam","floor":14},{"not_picked":["Meteor Strike","Machine Learning","Biased Cognition"],"picked":"Electrodynamics","floor":16},{"not_picked":["Leap"],"picked":"Blizzard","floor":18},{"not_picked":["Heatsinks","Streamline"],"picked":"SKIP","floor":19},{"not_picked":["Tempest","Streamline+1"],"picked":"SKIP","floor":24},{"not_picked":["Hello World","Lockon"],"picked":"SKIP","floor":27}],"player_experience":547172,"relics_obtained":[{"floor":7,"key":"Question Card"},{"floor":9,"key":"Unceasing Top"},{"floor":10,"key":"The Courier"}],"event_choices":[{"damage_healed":0,"gold_gain":175,"player_choice":"AGREE","damage_taken":0,"max_hp_gain":0,"max_hp_loss":0,"event_name":"Liars Game","floor":4,"gold_loss":0,"cards_obtained":["Doubt"]},{"damage_healed":0,"gold_gain":0,"player_choice":"Success","damage_taken":3,"relics_obtained":["Vajra"],"max_hp_gain":0,"max_hp_loss":0,"event_name":"Scrap Ooze","floor":5,"gold_loss":0},{"cards_removed":["Doubt"],"damage_healed":0,"gold_gain":0,"player_choice":"Card Removal","damage_taken":0,"max_hp_gain":0,"max_hp_loss":0,"event_name":"Wheel of Change","floor":11,"gold_loss":0},{"damage_healed":0,"gold_gain":0,"player_choice":"Shed Blood","damage_taken":19,"max_hp_gain":5,"max_hp_loss":0,"event_name":"Forgotten Altar","floor":20,"gold_loss":0},{"damage_healed":0,"gold_gain":0,"cards_transformed":["Strike_B"],"player_choice":"Transformed","damage_taken":0,"max_hp_gain":0,"max_hp_loss":0,"event_name":"Transmorgrifier","floor":22,"gold_loss":0,"cards_obtained":["Rip and Tear"]}],"is_beta":false,"boss_relics":[{"not_picked":["Velvet Choker","FrozenCore"],"picked":"Busted Crown"}],"items_purged_floors":[21],"is_endless":false,"potions_floor_spawned":[7,13,14,16,24],"killed_by":"Chosen and Byrds","ascension_level":13}