{"gold_per_floor":[115,135,155,165,180,180,180,180,205,205,205,224,224,149,149,247,247,266,283,109,34,34],"floor_reached":22,"playtime":868,"items_purged":["Strike_B","Strike_B"],"score":176,"play_id":"3cd33ccf-8d7b-4965-84da-4485bff5e9e6","local_time":"20180627143245","is_ascension_mode":false,"campfire_choices":[{"data":"Redo","floor":6.0,"key":"SMITH"},{"floor":11.0,"key":"REST"},{"data":"Zap","floor":13.0,"key":"SMITH"},{"data":"Leap","floor":15.0,"key":"SMITH"}],"neow_cost":"","seed_source_timestamp":0,"circlet_count":0,"master_deck":["Strike_B","Defend_B","Defend_B+1","Defend_B+1","Defend_B+1","Zap+1","Dualcast","Beam Cell+1","Redo+1","Leap+1","Creative AI","Auto Shields"],"special_seed":0,"relics":["Cracked Core","War Paint","Potion Belt","White Beast Statue"],"potions_floor_usage":[22,22],"damage_taken":[{"damage":8.0,"enemies":"Small Slimes","floor":1.0,"turns":3.0},{"damage":1.0,"enemies":"Jaw Worm","floor":2.0,"turns":2.0},{"damage":1.0,"enemies":"Cultist","floor":3.0,"turns":3.0},{"damage":7.0,"enemies":"Blue Slaver","floor":4.0,"turns":3.0},{"damage":8.0,"enemies":"Red Slaver","floor":5.0,"turns":3.0},{"damage":5.0,"enemies":"3 Louse","floor":12.0,"turns":4.0},{"damage":7.0,"enemies":"The Guardian","floor":16.0,"turns":14.0},{"damage":5,"enemies":"Chosen","floor":18,"turns":5},{"damage":17,"enemies":"Shell Parasite","floor":19,"turns":9},{"damage":65,"enemies":"3 Cultists","floor":22,"turns":6}],"seed_played":"6108546672349051201","potions_obtained":[{"floor":2.0,"key":"FocusPotion"},{"floor":12.0,"key":"EssenceOfSteel"},{"floor":18,"key":"FearPotion"},{"floor":19,"key":"SpeedPotion"}],"is_trial":false,"path_per_floor":["M","M","M","M","M","R","?","?","T","T","R","M","R","$","R","B",null,"M","M","$","?"],"character_chosen":"DEFECT","items_purchased":["Auto Shields"],"campfire_rested":1,"item_purchase_floors":[20],"current_hp_per_floor":[67,66,65,58,50,50,35,28,28,28,50,45,45,45,45,38,75,70,53,53,53,0],"gold":34,"neow_bonus":"","is_prod":false,"is_daily":false,"chose_seed":false,"campfire_upgraded":3,"win_rate":0,"timestamp":1530120765,"path_taken":["M","M","M","M","M","R","?","?","T","?","R","M","R","?","R","BOSS","M","M","$","?","M"],"build_version":"2018-06-21v2","purchased_purges":2,"victory":false,"max_hp_per_floor":[75,75,75,75,75,75,75,75,75,75,75,75,75,75,75,75,75,75,75,75,75,75],"card_choices":[{"not_picked":["Redo","Cold Snap"],"picked":"Beam Cell","floor":0.0},{"not_picked":["Leap","Compile Driver"],"picked":"Redo","floor":1.0},{"not_picked":["Ball Lightning","Cold Snap","Barrage"],"picked":"SKIP","floor":2.0},{"not_picked":["Turbo","Compile Driver"],"picked":"Leap","floor":3.0},{"not_picked":["Hologram","Rebound","Turbo"],"picked":"SKIP","floor":4.0},{"not_picked":["Go for the Eyes","Barrage","Leap"],"picked":"SKIP","floor":5.0},{"not_picked":["Stack","Buffer","Streamline"],"picked":"SKIP","floor":12.0},{"not_picked":["Biased Cognition","Reboot"],"picked":"Creative AI","floor":16.0},{"not_picked":["Ball Lightning+1","Leap","Darkness"],"picked":"SKIP","floor":18},{"not_picked":["Go for the Eyes","Streamline","Cold Snap"],"picked":"SKIP","floor":19}],"player_experience":165959,"relics_obtained":[{"floor":9.0,"key":"War Paint"},{"floor":10.0,"key":"Potion Belt"}],"event_choices":[{"event_name":"Shining Light","player_choice":"Entered Light","floor":7.0,"damage_taken":0.0},{"event_name":"Wheel of Change","player_choice":"Damage","floor":8.0,"damage_taken":0.0},{"event_name":"Beggar","player_choice":"Gave Gold","floor":21,"damage_taken":0}],"boss_relics":[{"not_picked":["Lizard Tail","Black Star"],"picked":"White Beast Statue"}],"items_purged_floors":[],"is_endless":false,"potions_floor_spawned":[2,12,18,19],"killed_by":"3 Cultists","ascension_level":0}