{"gold_per_floor":[359,359,371,381,393,393,404,404,430,430,441,139,154,174,174,174],"floor_reached":16,"playtime":844,"items_purged":["Strike_B"],"score":154,"play_id":"d1b85a1b-4f4d-4e30-a990-4d9befd483f6","local_time":"20181202161015","is_ascension_mode":true,"campfire_choices":[{"data":"Fusion","floor":6,"key":"SMITH"},{"data":"Dualcast","floor":8,"key":"SMITH"},{"floor":10,"key":"REST"},{"floor":15,"key":"REST"}],"neow_cost":"TEN_PERCENT_HP_LOSS","seed_source_timestamp":1694854392635,"circlet_count":0,"master_deck":["AscendersBane","Strike_B","Strike_B","Defend_B","Defend_B","Defend_B","Defend_B","Zap","Dualcast+1","Cold Snap","BootSequence","Fusion+1","Gash","Scrape","Chaos","Conserve Battery","Hello World","Go for the Eyes"],"relics":["Cracked Core","Oddly Smooth Stone"],"potions_floor_usage":[7,16],"damage_taken":[{"damage":7,"enemies":"Jaw Worm","floor":1,"turns":3},{"damage":1,"enemies":"Small Slimes","floor":3,"turns":4},{"damage":1,"enemies":"Cultist","floor":4,"turns":4},{"damage":11,"enemies":"Blue Slaver","floor":5,"turns":4},{"damage":19,"enemies":"Gremlin Gang","floor":7,"turns":5},{"damage":21,"enemies":"Lots of Slimes","floor":11,"turns":4},{"damage":3,"enemies":"Looter","floor":13,"turns":3},{"damage":4,"enemies":"Exordium Wildlife","floor":14,"turns":5},{"damage":34,"enemies":"Slime Boss","floor":16,"turns":10}],"seed_played":"1089820089718166900","potions_obtained":[{"floor":1,"key":"Dexterity Potion"},{"floor":3,"key":"Dexterity Potion"},{"floor":7,"key":"Ancient Potion"}],"is_trial":false,"path_per_floor":["M","?","M","M","M","R","M","R","T","R","M","$","M","M","R","B"],"character_chosen":"DEFECT","items_purchased":["Conserve Battery","Hello World","Oddly Smooth Stone"],"campfire_rested":2,"item_purchase_floors":[12,12,12],"current_hp_per_floor":[61,54,53,52,41,41,22,22,22,42,21,21,18,14,34,0],"gold":174,"neow_bonus":"TWO_FIFTY_GOLD","is_prod":false,"is_daily":false,"chose_seed":false,"campfire_upgraded":2,"win_rate":0,"timestamp":1543767015,"path_taken":["M","?","M","M","M","R","M","R","T","R","M","$","M","M","R","BOSS"],"build_version":"2018-11-15","purchased_purges":1,"victory":false,"max_hp_per_floor":[68,68,68,68,68,68,68,68,68,68,68,68,68,68,68,68],"card_choices":[{"not_picked":["Rip and Tear","Lockon"],"picked":"Cold Snap","floor":1},{"not_picked":["Force Field","Hologram"],"picked":"BootSequence","floor":3},{"not_picked":["Compile Driver","Recycle"],"picked":"Fusion","floor":4},{"not_picked":["Steam Power","Turbo"],"picked":"Gash","floor":5},{"not_picked":["Cold Snap","Sweeping Beam"],"picked":"Scrape","floor":7},{"not_picked":["Turbo","Barrage"],"picked":"Chaos","floor":11},{"not_picked":["Leap","Steam Power","Force Field"],"picked":"SKIP","floor":13},{"not_picked":["Buffer","Ball Lightning"],"picked":"Go for the Eyes","floor":14}],"player_experience":520790,"relics_obtained":[],"event_choices":[{"cards_removed":["Strike_B"],"damage_healed":0,"gold_gain":0,"player_choice":"Card Removal","damage_taken":7,"max_hp_gain":0,"max_hp_loss":0,"event_name":"Golden Wing","floor":2,"gold_loss":0}],"is_beta":false,"boss_relics":[],"items_purged_floors":[12],"is_endless":false,"potions_floor_spawned":[1,3,4,7,13],"killed_by":"Slime Boss","ascension_level":12}