{"gold_per_floor":[115,125,47,65,65,65,90,90,90,115,126,143,163,175,175,175],"floor_reached":16,"playtime":1168,"items_purged":[],"score":228,"play_id":"fad4cc50-53ba-4351-82bd-a87367c7f284","local_time":"20190325222731","is_ascension_mode":true,"campfire_choices":[{"data":"Bludgeon","floor":6,"key":"SMITH"},{"data":"Perfected Strike","floor":8,"key":"SMITH"},{"floor":15,"key":"REST"}],"neow_cost":"NONE","seed_source_timestamp":94118536424561,"circlet_count":0,"master_deck":["AscendersBane","Strike_R","Strike_R","Strike_R","Strike_R","Defend_R","Defend_R","Defend_R","Defend_R","Bash","Bludgeon+1","Perfected Strike+1","Shockwave","Flame Barrier","Shrug It Off","Battle Trance","Headbutt","Dropkick","Uppercut","Power Through"],"relics":["Burning Blood","Magic Flower","Turnip","Paper Frog"],"potions_floor_usage":[10,11,12],"damage_taken":[{"damage":5,"enemies":"2 Louse","floor":1,"turns":3},{"damage":0,"enemies":"Cultist","floor":2,"turns":2},{"damage":2,"enemies":"Jaw Worm","floor":4,"turns":3},{"damage":25,"enemies":"3 Sentries","floor":7,"turns":9},{"damage":15,"enemies":"Lagavulin","floor":10,"turns":4},{"damage":30,"enemies":"Gremlin Gang","floor":11,"turns":8},{"damage":12,"enemies":"Exordium Thugs","floor":12,"turns":4},{"damage":2,"enemies":"Large Slime","floor":13,"turns":4},{"damage":15,"enemies":"3 Louse","floor":14,"turns":4},{"damage":56,"enemies":"Slime Boss","floor":16,"turns":12}],"seed_played":"-8075631512886025717","potions_obtained":[{"floor":4,"key":"EssenceOfSteel"},{"floor":7,"key":"Swift Potion"},{"floor":11,"key":"FearPotion"},{"floor":14,"key":"SmokeBomb"}],"is_trial":false,"path_per_floor":["M","M","$","M","?","R","E","R","T","E","M","M","M","M","R","B"],"character_chosen":"IRONCLAD","items_purchased":["Flame Barrier"],"campfire_rested":1,"item_purchase_floors":[3],"current_hp_per_floor":[69,75,75,75,75,75,56,56,56,50,29,26,33,27,49,0],"gold":175,"neow_bonus":"TRANSFORM_CARD","is_prod":false,"is_daily":false,"chose_seed":false,"campfire_upgraded":2,"win_rate":0,"timestamp":1553545651,"path_taken":["M","M","$","M","?","R","E","R","T","E","M","?","?","M","R","BOSS"],"build_version":"2019-01-23","purchased_purges":0,"victory":false,"max_hp_per_floor":[75,75,75,75,75,75,75,75,75,75,75,75,75,75,75,75],"card_choices":[{"not_picked":["Pommel Strike","Cleave"],"picked":"Perfected Strike","floor":1},{"not_picked":["Clothesline","Cleave"],"picked":"Shockwave","floor":2},{"not_picked":["Clothesline","Rampage"],"picked":"Shrug It Off","floor":4},{"not_picked":["Thunderclap","Dark Embrace","Blood for Blood"],"picked":"SKIP","floor":7},{"not_picked":["Thunderclap","Anger"],"picked":"Headbutt","floor":10},{"not_picked":["Whirlwind","Seeing Red"],"picked":"Dropkick","floor":11},{"not_picked":["Anger","Flex"],"picked":"Uppercut","floor":12},{"not_picked":["Flex","Body Slam","Sword Boomerang"],"picked":"SKIP","floor":13},{"not_picked":["Flex","Body Slam","Sword Boomerang"],"picked":"SKIP","floor":13},{"not_picked":["Carnage","Cleave"],"picked":"Power Through","floor":14}],"player_experience":1604872,"relics_obtained":[{"floor":7,"key":"Magic Flower"},{"floor":9,"key":"Turnip"},{"floor":10,"key":"Paper Frog"}],"event_choices":[{"damage_healed":0,"gold_gain":0,"player_choice":"1 cards matched","damage_taken":0,"max_hp_gain":0,"max_hp_loss":0,"event_name":"Match and Keep!","floor":5,"gold_loss":0,"cards_obtained":["Battle Trance"]}],"is_beta":false,"boss_relics":[],"items_purged_floors":[],"is_endless":false,"potions_floor_spawned":[4,7,11,14],"killed_by":"Slime Boss","ascension_level":20}