{"gold_per_floor":[110,110,185,195,212,212,231,231,257,257,110,110,135,9,9,112,162,180,6,6,20,20,47,97,97,97,97],"floor_reached":27,"playtime":1416,"items_purged":["Strike_B","Strike_B"],"score":275,"play_id":"d931700f-0235-4b19-900d-2b469ab55c0f","local_time":"20180726005127","is_ascension_mode":true,"campfire_choices":[{"data":"Redo","floor":6,"key":"SMITH"},{"data":"Scrape","floor":8,"key":"SMITH"},{"data":"FTL","floor":12,"key":"SMITH"},{"data":"Recycle","floor":15,"key":"SMITH"},{"floor":25,"key":"REST"}],"neow_cost":"NONE","seed_source_timestamp":17119498868489,"circlet_count":0,"master_deck":["Strike_B","Defend_B","Defend_B","Zap+1","Dualcast","FTL+1","Scrape+1","Redo+1","Conserve Battery","Melter","Recycle+1","Redo","Seek","Auto Shields","White Noise","Finesse","Defragment","Redo"],"relics":["Cracked Core","Pen Nib","Bronze Scales","Tiny House","SsserpentHead","Happy Flower","Question Card"],"potions_floor_usage":[16,23],"damage_taken":[{"damage":4,"enemies":"Jaw Worm","floor":1,"turns":4},{"damage":1,"enemies":"Cultist","floor":4,"turns":3},{"damage":0,"enemies":"Small Slimes","floor":5,"turns":2},{"damage":1,"enemies":"3 Louse","floor":7,"turns":2},{"damage":13,"enemies":"Gremlin Nob","floor":13,"turns":3},{"damage":40,"enemies":"The Guardian","floor":16,"turns":9},{"damage":7,"enemies":"Chosen","floor":18,"turns":3},{"damage":32,"enemies":"2 Thieves","floor":21,"turns":4},{"damage":35,"enemies":"Book of Stabbing","floor":23,"turns":5},{"damage":43,"enemies":"Snecko","floor":27,"turns":4}],"seed_played":"-4661109970051931201","potions_obtained":[{"floor":1,"key":"Ancient Potion"},{"floor":5,"key":"Dexterity Potion"},{"floor":17,"key":"Regen Potion"},{"floor":21,"key":"FearPotion"},{"floor":23,"key":"FocusPotion"}],"is_trial":false,"path_per_floor":["M","?","?","M","M","R","M","R","T","?","$","R","E","$","R","B",null,"M","$","?","M","?","E","?","R","T"],"character_chosen":"DEFECT","items_purchased":["Melter","Redo","Finesse","Defragment"],"campfire_rested":1,"item_purchase_floors":[11,14,19,19],"current_hp_per_floor":[71,71,60,59,59,59,58,58,58,63,63,63,50,50,50,10,85,78,78,62,30,30,9,9,36,36,0],"gold":97,"neow_bonus":"REMOVE_CARD","is_prod":false,"is_daily":false,"chose_seed":false,"campfire_upgraded":4,"win_rate":0,"timestamp":1532562687,"path_taken":["M","?","?","M","M","R","M","R","T","?","$","R","E","?","R","BOSS","M","$","?","M","?","E","?","R","T","M"],"build_version":"2018-07-19v2","purchased_purges":2,"victory":false,"max_hp_per_floor":[75,75,75,75,75,75,75,75,75,80,80,80,80,80,80,80,85,85,85,90,90,90,90,90,90,90,90],"card_choices":[{"not_picked":["Coolheaded","Compile Driver"],"picked":"FTL","floor":1},{"not_picked":["Rip and Tear","Streamline"],"picked":"Scrape","floor":4},{"not_picked":["Go for the Eyes","Hologram"],"picked":"Redo","floor":5},{"not_picked":["Compile Driver","Tempest"],"picked":"Conserve Battery","floor":7},{"not_picked":["All For One","Steam Power"],"picked":"Recycle","floor":13},{"not_picked":["Fission","Rainbow"],"picked":"Seek","floor":16},{"not_picked":["Go for the Eyes","Turbo"],"picked":"Auto Shields","floor":17},{"not_picked":["Static Discharge","Redo"],"picked":"White Noise","floor":18},{"not_picked":["Sweeping Beam+1","Barrage"],"picked":"Redo","floor":21},{"not_picked":["Gash","Sweeping Beam","All For One"],"picked":"SKIP","floor":23}],"player_experience":221649,"relics_obtained":[{"floor":9,"key":"Pen Nib"},{"floor":13,"key":"Bronze Scales"},{"floor":23,"key":"Happy Flower"},{"floor":26,"key":"Question Card"}],"event_choices":[{"event_name":"Bonfire Elementals","player_choice":"BASIC","floor":2,"damage_taken":0},{"event_name":"World of Goop","player_choice":"Gather Gold","floor":3,"damage_taken":0},{"event_name":"Big Fish","player_choice":"Donut","floor":10,"damage_taken":0},{"event_name":"Forgotten Altar","player_choice":"Shed Blood","floor":20,"damage_taken":0},{"event_name":"FaceTrader","player_choice":"Trade","floor":22,"damage_taken":0},{"event_name":"Back to Basics","player_choice":"Elegance","floor":24,"damage_taken":0}],"is_beta":false,"boss_relics":[{"not_picked":["Astrolabe","Runic Dome"],"picked":"Tiny House"}],"items_purged_floors":[11,14],"is_endless":false,"potions_floor_spawned":[1,5,21,23],"killed_by":"Snecko","ascension_level":2}