{"gold_per_floor":[362,210,210,210,220,220,240,265,265,43,78,88,88,108,108,210,210,228,228,29,29,29,29,45,58,58,58,58,91,0,14,14,114,114,125,125,1124,1124,522,522,522,522,546,546,580,17,117,151,151,151],"floor_reached":51,"playtime":1883,"items_purged":["Strike_R","Normality","Normality"],"score":1226,"play_id":"386b9239-0bcf-408f-8b09-86300da3da2a","local_time":"20180921230241","is_ascension_mode":true,"campfire_choices":[{"data":"Bash","floor":6,"key":"SMITH"},{"data":"Armaments","floor":13,"key":"SMITH"},{"data":"Offering","floor":15,"key":"SMITH"},{"data":"Barricade","floor":23,"key":"SMITH"},{"data":"Fire Breathing","floor":27,"key":"SMITH"},{"floor":32,"key":"REST"},{"data":"Infernal Blade","floor":40,"key":"SMITH"},{"floor":42,"key":"REST"},{"data":"Panacea","floor":44,"key":"SMITH"},{"data":"Metallicize","floor":49,"key":"SMITH"}],"neow_cost":"TEN_PERCENT_HP_LOSS","seed_source_timestamp":620190916706359,"circlet_count":0,"master_deck":["Strike_R+1","Strike_R+1","Defend_R+1","Defend_R+1","Defend_R+1","Defend_R+1","Bash+1","Flex+1","Shockwave+1","Iron Wave","Offering+1","Armaments+1","Shrug It Off","Infernal Blade+1","Dropkick","Barricade+1","Fire Breathing+1","Body Slam","Madness","RitualDagger","J.A.X.+1","Panacea+1","Impatience","Rampage+1","Metallicize+1","Flash of Steel+1"],"relics":["Burning Blood","Ice Cream","Ornamental Fan","Orichalcum","Juzu Bracelet","Busted Crown","Bird Faced Urn","Letter Opener","Empty Cage","Molten Egg 2","Bag of Preparation","Ancient Tea Set","Unceasing Top","Pear"],"potions_floor_usage":[8,11,16,16,25,29,29,45,48,50],"damage_taken":[{"damage":5,"enemies":"2 Louse","floor":1,"turns":4},{"damage":7,"enemies":"Small Slimes","floor":5,"turns":4},{"damage":1,"enemies":"Jaw Worm","floor":7,"turns":3},{"damage":16,"enemies":"Gremlin Nob","floor":8,"turns":5},{"damage":11,"enemies":"3 Sentries","floor":11,"turns":12},{"damage":2,"enemies":"Looter","floor":12,"turns":3},{"damage":7,"enemies":"3 Louse","floor":14,"turns":5},{"damage":23,"enemies":"Hexaghost","floor":16,"turns":12},{"damage":6,"enemies":"Spheric Guardian","floor":18,"turns":5},{"damage":9,"enemies":"Chosen","floor":24,"turns":3},{"damage":20,"enemies":"Snake Plant","floor":25,"turns":4},{"damage":35,"enemies":"Gremlin Leader","floor":29,"turns":5},{"damage":4,"enemies":"Snecko","floor":31,"turns":3},{"damage":31,"enemies":"Collector","floor":33,"turns":8},{"damage":30,"enemies":"3 Darklings","floor":35,"turns":4},{"damage":6,"enemies":"Giant Head","floor":45,"turns":6},{"damage":33,"enemies":"2 Orb Walkers","floor":48,"turns":4},{"damage":20,"enemies":"Awakened One","floor":50,"turns":9}],"seed_played":"7442041440577753897","potions_obtained":[{"floor":1,"key":"SkillPotion"},{"floor":5,"key":"EssenceOfSteel"},{"floor":8,"key":"Regen Potion"},{"floor":14,"key":"Energy Potion"},{"floor":16,"key":"Poison Potion"},{"floor":24,"key":"BloodPotion"},{"floor":25,"key":"EssenceOfSteel"},{"floor":45,"key":"Fruit Juice"}],"is_trial":false,"path_per_floor":["M","$","?","?","M","R","M","E","T","$","E","M","R","M","R","B",null,"M","?","$","?","?","R","M","M","T","R","?","E","$","M","R","B",null,"M","?","?","?","$","R","?","R","T","R","E","$","?","E","R","B"],"character_chosen":"IRONCLAD","items_purchased":["Shockwave","Orichalcum","Armaments","Shrug It Off","Fire Breathing","Body Slam","Madness","Panacea","Molten Egg 2","Rampage+1","BloodPotion","Swift Potion","AttackPotion","Unceasing Top","Metallicize","Flash of Steel+1"],"campfire_rested":2,"item_purchase_floors":[2,10,10,10,20,20,20,30,39,39,39,39,39,46,46,46],"current_hp_per_floor":[72,72,58,58,57,57,62,52,52,52,47,51,51,50,50,48,66,66,66,66,60,60,60,57,50,50,50,50,23,23,25,46,25,60,38,38,38,38,38,38,38,59,59,59,68,68,68,57,57,49],"gold":151,"neow_bonus":"TWO_FIFTY_GOLD","is_prod":false,"is_daily":false,"chose_seed":false,"campfire_upgraded":8,"win_rate":0,"timestamp":1537567361,"path_taken":["M","$","?","?","M","R","M","E","T","$","E","M","R","M","R","BOSS","M","?","?","?","?","R","M","M","T","R","?","E","?","M","R","BOSS","M","?","?","?","$","R","?","R","T","R","E","$","?","E","R","BOSS"],"build_version":"2018-09-20","purchased_purges":3,"victory":true,"max_hp_per_floor":[72,72,72,72,72,72,72,72,72,72,72,72,72,72,72,72,72,72,72,72,72,72,72,72,72,72,72,72,72,72,72,72,72,72,72,72,72,72,72,72,72,72,72,72,77,77,77,87,87,87],"card_choices":[{"not_picked":["Thunderclap","Uppercut"],"picked":"Flex","floor":1},{"not_picked":["Iron Wave","Headbutt"],"picked":"Shrug It Off","floor":5},{"not_picked":["Infernal Blade","Shrug It Off"],"picked":"Iron Wave","floor":7},{"not_picked":["Searing Blow","Shrug It Off"],"picked":"Offering","floor":8},{"not_picked":["Carnage","Impervious"],"picked":"Infernal Blade","floor":11},{"not_picked":["Armaments","Pommel Strike"],"picked":"Dropkick","floor":12},{"not_picked":["Wild Strike","Body Slam","Pummel"],"picked":"SKIP","floor":14},{"not_picked":["Reaper","Fiend Fire"],"picked":"Barricade","floor":16},{"not_picked":["Cleave"],"picked":"SKIP","floor":18},{"not_picked":["Corruption+1"],"picked":"SKIP","floor":24},{"not_picked":["Twin Strike+1"],"picked":"SKIP","floor":25},{"not_picked":["Sever Soul"],"picked":"SKIP","floor":29},{"not_picked":["Combust"],"picked":"SKIP","floor":31},{"not_picked":["Sword Boomerang"],"picked":"SKIP","floor":35},{"not_picked":[],"picked":"Impatience","floor":38},{"not_picked":["Rupture"],"picked":"SKIP","floor":45},{"not_picked":["Twin Strike+1"],"picked":"SKIP","floor":48}],"player_experience":407552,"relics_obtained":[{"floor":8,"key":"Ice Cream"},{"floor":9,"key":"Ornamental Fan"},{"floor":11,"key":"Juzu Bracelet"},{"floor":26,"key":"Bird Faced Urn"},{"floor":29,"key":"Letter Opener"},{"floor":43,"key":"Bag of Preparation"},{"floor":45,"key":"Ancient Tea Set"},{"floor":48,"key":"Pear"}],"event_choices":[{"event_name":"Shining Light","player_choice":"Entered Light","floor":3,"damage_taken":0},{"event_name":"Living Wall","player_choice":"Grow","floor":4,"damage_taken":0},{"event_name":"Back to Basics","player_choice":"Simplicity","floor":19,"damage_taken":0},{"event_name":"Nest","player_choice":"Joined the Cult","floor":21,"damage_taken":0},{"event_name":"Drug Dealer","player_choice":"Got JAX","floor":22,"damage_taken":0},{"event_name":"Upgrade Shrine","player_choice":"Upgraded","floor":28,"damage_taken":0},{"event_name":"Falling","player_choice":"Removed Skill","floor":36,"damage_taken":0},{"event_name":"MindBloom","player_choice":"Gold","floor":37,"damage_taken":0},{"event_name":"SensoryStone","player_choice":"Memory 1","floor":38,"damage_taken":0},{"event_name":"Tomb of Lord Red Mask","player_choice":"Ignored","floor":41,"damage_taken":0},{"event_name":"Golden Shrine","player_choice":"Pray","floor":47,"damage_taken":0}],"is_beta":false,"boss_relics":[{"not_picked":["Orrery","Philosopher\u0027s Stone"],"picked":"Busted Crown"},{"not_picked":["Black Star","Velvet Choker"],"picked":"Empty Cage"}],"items_purged_floors":[2,39,46],"is_endless":false,"potions_floor_spawned":[1,5,8,14,16,24,25,45],"ascension_level":9}