{"gold_per_floor":[116,131,148,148,164,164,179,196,275,275,289,304,330,347,347,442,442,454,472,472,0,14,14,14],"floor_reached":24,"playtime":1896,"items_purged":["Strike_G"],"score":304,"play_id":"85cf8141-65e5-444b-8a1b-2e935f874436","local_time":"20190224234233","is_ascension_mode":false,"campfire_choices":[{"data":"Glass Knife","floor":6,"key":"SMITH"},{"data":"Deadly Poison","floor":10,"key":"SMITH"},{"floor":15,"key":"REST"},{"floor":23,"key":"REST"}],"neow_cost":"CURSE","seed_source_timestamp":1026573499937800,"circlet_count":0,"master_deck":["Defend_G","Defend_G","Defend_G","Defend_G","Strike_G","Strike_G","Strike_G","Survivor","Neutralize","Shame","Glass Knife+1","Unload","All Out Attack","Dagger Throw","Flying Knee","Pain","Escape Plan","Deadly Poison+1","Flying Knee","Noxious Fumes","Noxious Fumes","Glass Knife","Backflip","Corpse Explosion","Doubt","Normality","Clumsy","Blade Dance","Wraith Form v2","Infinite Blades","Predator","Poisoned Stab","Mayhem","Blur"],"relics":["Ring of the Snake","WarpedTongs","Kunai","Ancient Tea Set","Calling Bell","Smiling Mask","Mummified Hand","Girya","Nilry\u0027s Codex"],"potions_floor_usage":[3,8,16,22,24,24],"damage_taken":[{"damage":3,"enemies":"Jaw Worm","floor":1,"turns":4},{"damage":0,"enemies":"Cultist","floor":2,"turns":3},{"damage":0,"enemies":"2 Louse","floor":3,"turns":1},{"damage":2,"enemies":"2 Fungi Beasts","floor":5,"turns":2},{"damage":3,"enemies":"Blue Slaver","floor":7,"turns":3},{"damage":17,"enemies":"Large Slime","floor":8,"turns":3},{"damage":3,"enemies":"3 Louse","floor":11,"turns":2},{"damage":1,"enemies":"2 Fungi Beasts","floor":12,"turns":2},{"damage":24,"enemies":"Lagavulin","floor":13,"turns":5},{"damage":3,"enemies":"Large Slime","floor":14,"turns":4},{"damage":21,"enemies":"Hexaghost","floor":16,"turns":7},{"damage":10,"enemies":"3 Byrds","floor":18,"turns":5},{"damage":26,"enemies":"Spheric Guardian","floor":19,"turns":4},{"damage":16,"enemies":"Centurion and Healer","floor":22,"turns":4},{"damage":39,"enemies":"Gremlin Leader","floor":24,"turns":2}],"seed_played":"-6150858581604239527","potions_obtained":[{"floor":1,"key":"FearPotion"},{"floor":3,"key":"Fruit Juice"},{"floor":7,"key":"AttackPotion"},{"floor":14,"key":"Fire Potion"},{"floor":18,"key":"Dexterity Potion"}],"is_trial":false,"path_per_floor":["M","M","M","?","M","R","M","M","T","R","M","M","E","M","R","B",null,"M","M","?","$","M","R","E"],"character_chosen":"THE_SILENT","items_purchased":["Infinite Blades","Predator","Poisoned Stab","Mayhem","GhostInAJar"],"campfire_rested":2,"item_purchase_floors":[21,21,21,21,21],"current_hp_per_floor":[67,67,72,72,70,70,67,50,50,50,47,46,22,19,41,20,75,65,39,23,23,7,29,0],"gold":14,"neow_bonus":"TRANSFORM_TWO_CARDS","is_prod":false,"is_daily":false,"chose_seed":false,"campfire_upgraded":2,"win_rate":0.0,"timestamp":1551069753,"path_taken":["M","M","M","?","?","R","M","M","T","R","M","M","E","M","R","BOSS","M","M","?","$","M","R","E"],"build_version":"2019-01-23","purchased_purges":1,"victory":false,"max_hp_per_floor":[70,70,75,75,75,75,75,75,75,75,75,75,75,75,75,75,75,75,75,75,75,75,75,75],"card_choices":[{"not_picked":["Blade Dance","Masterful Stab"],"picked":"All Out Attack","floor":1},{"not_picked":["Sucker Punch","Deflect"],"picked":"Dagger Throw","floor":2},{"not_picked":["Underhanded Strike","Footwork"],"picked":"Flying Knee","floor":3},{"not_picked":["Expertise","Acrobatics"],"picked":"Escape Plan","floor":5},{"not_picked":["Acrobatics","Blade Dance"],"picked":"Deadly Poison","floor":7},{"not_picked":["Heel Hook","Deflect"],"picked":"Flying Knee","floor":8},{"not_picked":["Backflip","Bullet Time"],"picked":"Noxious Fumes","floor":11},{"not_picked":["Dagger Throw","Blade Dance"],"picked":"Noxious Fumes","floor":12},{"not_picked":["Masterful Stab","Leg Sweep"],"picked":"Glass Knife","floor":13},{"not_picked":["PiercingWail","Outmaneuver"],"picked":"Backflip","floor":14},{"not_picked":["Venomology","Glass Knife"],"picked":"Corpse Explosion","floor":16},{"not_picked":["Underhanded Strike","Backflip"],"picked":"Blade Dance","floor":18},{"not_picked":["Escape Plan","Deflect"],"picked":"Wraith Form v2","floor":19},{"not_picked":["Expertise","Sucker Punch"],"picked":"Blur","floor":22}],"player_experience":9028,"relics_obtained":[{"floor":9,"key":"Kunai"},{"floor":13,"key":"Ancient Tea Set"},{"floor":17,"key":"Smiling Mask"},{"floor":17,"key":"Mummified Hand"},{"floor":17,"key":"Girya"},{"floor":20,"key":"Nilry\u0027s Codex"}],"event_choices":[{"damage_healed":0,"gold_gain":0,"player_choice":"Rummage","damage_taken":0,"relics_obtained":["WarpedTongs"],"max_hp_gain":0,"max_hp_loss":0,"event_name":"Accursed Blacksmith","floor":4,"gold_loss":0,"cards_obtained":["Pain"]},{"damage_healed":0,"gold_gain":0,"player_choice":"Obtained Book","damage_taken":16,"max_hp_gain":0,"max_hp_loss":0,"event_name":"Cursed Tome","floor":20,"gold_loss":0}],"is_beta":false,"boss_relics":[{"not_picked":["Philosopher\u0027s Stone","Black Star"],"picked":"Calling Bell"}],"items_purged_floors":[21],"is_endless":false,"potions_floor_spawned":[1,3,7,14,18],"killed_by":"Gremlin Leader","ascension_level":0}