{"gold_per_floor":[110,110,60,60,79,79,95,95,118,205,217,244,256,292,304,441,453,393,393,0,0,0,0,0,0,0,0,0,0,0,0,0,0],"floor_reached":33,"playtime":1476,"items_purged":["Strike_G"],"score":402,"play_id":"4a4eb091-f9d7-4a9c-93e1-35645cb0e858","local_time":"20180903223232","is_ascension_mode":true,"campfire_choices":[{"data":"Neutralize","floor":6,"key":"SMITH"},{"data":"A Thousand Cuts","floor":8,"key":"SMITH"},{"data":"Choke","floor":11,"key":"SMITH"},{"floor":13,"key":"REST"},{"data":"Dodge and Roll","floor":15,"key":"SMITH"},{"floor":23,"key":"REST"},{"floor":25,"key":"REST"},{"floor":32,"key":"REST"}],"neow_cost":"TEN_PERCENT_HP_LOSS","seed_source_timestamp":39049063599161,"circlet_count":0,"master_deck":["Defend_G","Defend_G","Defend_G","Defend_G","Defend_G","Strike_G","Strike_G","Strike_G","Strike_G","Survivor","Neutralize+1","A Thousand Cuts+1","Choke+1","Backstab","Dash","Dodge and Roll+1","Malaise","PiercingWail","Sucker Punch+1","Infinite Blades","Finesse","Well Laid Plans","Flying Knee","Prepared+1","Blur+1","Outmaneuver+1","Neutralize+1","Escape Plan+1"],"relics":["Ring of the Snake","Golden Idol","Bronze Scales","MawBank","Ectoplasm","Juzu Bracelet","Regal Pillow","Toxic Egg 2"],"potions_floor_usage":[16,16,16,19,28,28,33],"damage_taken":[{"damage":3,"enemies":"Jaw Worm","floor":1,"turns":5},{"damage":0,"enemies":"2 Louse","floor":5,"turns":2},{"damage":0,"enemies":"Cultist","floor":7,"turns":4},{"damage":7,"enemies":"2 Fungi Beasts","floor":12,"turns":2},{"damage":10,"enemies":"Exordium Thugs","floor":14,"turns":3},{"damage":0,"enemies":"Slime Boss","floor":16,"turns":7},{"damage":11,"enemies":"2 Thieves","floor":18,"turns":5},{"damage":12,"enemies":"Spheric Guardian","floor":19,"turns":5},{"damage":7,"enemies":"Snake Plant","floor":21,"turns":4},{"damage":7,"enemies":"Snecko","floor":22,"turns":5},{"damage":8,"enemies":"Chosen and Byrds","floor":24,"turns":6},{"damage":10,"enemies":"Book of Stabbing","floor":27,"turns":5},{"damage":5,"enemies":"Shelled Parasite and Fungi","floor":28,"turns":4},{"damage":0,"enemies":"Cultist and Chosen","floor":30,"turns":6},{"damage":75,"enemies":"Automaton","floor":33,"turns":12}],"seed_played":"3710906699588755498","potions_obtained":[{"floor":1,"key":"Explosive Potion"},{"floor":5,"key":"SkillPotion"},{"floor":12,"key":"SkillPotion"},{"floor":18,"key":"Fire Potion"},{"floor":19,"key":"Explosive Potion"},{"floor":24,"key":"AttackPotion"},{"floor":27,"key":"SkillPotion"}],"is_trial":false,"path_per_floor":["M","?","?","?","M","R","M","R","T","?","R","M","R","M","R","B",null,"M","M","$","M","M","R","M","R","T","E","M","?","M","$","R"],"character_chosen":"THE_SILENT","items_purchased":["Juzu Bracelet","Infinite Blades","Finesse"],"campfire_rested":4,"item_purchase_floors":[20,20,20],"current_hp_per_floor":[60,60,60,57,57,57,57,57,57,46,46,39,57,47,47,47,59,48,36,36,29,22,40,32,50,50,40,35,35,35,35,63,0],"gold":0,"neow_bonus":"THREE_RARE_CARDS","is_prod":false,"is_daily":false,"chose_seed":false,"campfire_upgraded":4,"win_rate":0,"timestamp":1536010352,"path_taken":["M","?","?","?","M","R","M","R","T","?","R","?","R","M","R","BOSS","M","M","$","M","M","R","M","R","T","E","M","?","M","?","R","BOSS"],"build_version":"2018-08-30","purchased_purges":1,"victory":false,"max_hp_per_floor":[63,63,63,63,63,63,63,63,63,63,63,63,63,63,63,63,63,63,63,63,63,63,63,63,63,63,63,63,63,63,63,63,63],"card_choices":[{"not_picked":["Doppelganger","Tools of the Trade"],"picked":"A Thousand Cuts","floor":0},{"not_picked":["Underhanded Strike","Slice"],"picked":"Choke","floor":1},{"not_picked":["Poisoned Stab","Prepared","Riddle With Holes"],"picked":"SKIP","floor":5},{"not_picked":["Caltrops","Cloak And Dagger"],"picked":"Backstab","floor":7},{"not_picked":["Outmaneuver","Concentrate"],"picked":"Dash","floor":12},{"not_picked":["Skewer","Sucker Punch"],"picked":"Dodge and Roll","floor":14},{"not_picked":["Glass Knife","Grand Finale"],"picked":"Malaise","floor":16},{"not_picked":["Riddle With Holes","Underhanded Strike"],"picked":"PiercingWail","floor":18},{"not_picked":["Skewer","Poisoned Stab"],"picked":"Sucker Punch+1","floor":19},{"not_picked":["Blur","Dash+1"],"picked":"Well Laid Plans","floor":21},{"not_picked":["All Out Attack","Skewer+1"],"picked":"Flying Knee","floor":22},{"not_picked":["Backflip","Predator"],"picked":"Prepared+1","floor":24},{"not_picked":["Dash","Acrobatics"],"picked":"Blur+1","floor":27},{"not_picked":["Eviscerate","Deadly Poison+1"],"picked":"Outmaneuver+1","floor":28},{"not_picked":["Dagger Spray+1","Poisoned Stab+1"],"picked":"Escape Plan+1","floor":30}],"player_experience":311125,"relics_obtained":[{"floor":9,"key":"MawBank"},{"floor":26,"key":"Regal Pillow"},{"floor":27,"key":"Toxic Egg 2"}],"event_choices":[{"event_name":"Golden Idol","player_choice":"Take Wound","floor":2,"damage_taken":0},{"event_name":"The Cleric","player_choice":"Card Removal","floor":3,"damage_taken":0},{"event_name":"Scrap Ooze","player_choice":"success","floor":4,"damage_taken":3},{"event_name":"World of Goop","player_choice":"Gather Gold","floor":10,"damage_taken":0},{"event_name":"Duplicator","player_choice":"One dupe","floor":29,"damage_taken":0}],"is_beta":false,"boss_relics":[{"not_picked":["Orrery","Empty Cage"],"picked":"Ectoplasm"}],"items_purged_floors":[20],"is_endless":false,"potions_floor_spawned":[1,5,12,18,19,24,27],"killed_by":"Automaton","ascension_level":6}