{"gold_per_floor":[114,130,149,167,183,183,211,211,234,267,192,204,204,215,215,316,316,335,63,63,78,78,78],"floor_reached":23,"playtime":1257,"items_purged":["Strike_R"],"score":233,"play_id":"c6b35fa2-e4af-48af-8b23-438cd9b58ccd","local_time":"20190329203813","is_ascension_mode":true,"campfire_choices":[{"data":"Shrug It Off","floor":6.0,"key":"SMITH"},{"data":"Flame Barrier","floor":8.0,"key":"SMITH"},{"data":"Armaments","floor":15.0,"key":"SMITH"}],"neow_cost":"NONE","seed_source_timestamp":0,"circlet_count":0,"master_deck":["Strike_R","Strike_R","Strike_R","Defend_R","Defend_R","Defend_R","Defend_R","Bash","Shrug It Off+1","Pommel Strike","Pommel Strike","Ghostly Armor","Flame Barrier+1","Armaments+1","Flame Barrier","Clothesline","Demon Form","Whirlwind","Shame"],"special_seed":0,"relics":["Burning Blood","Lantern","Mercury Hourglass","Red Skull","Orichalcum","Black Star","ClockworkSouvenir","Oddly Smooth Stone"],"potions_floor_usage":[23,23],"damage_taken":[{"damage":2.0,"enemies":"Jaw Worm","floor":1.0,"turns":3.0},{"damage":6.0,"enemies":"Cultist","floor":2.0,"turns":3.0},{"damage":6.0,"enemies":"2 Louse","floor":3.0,"turns":3.0},{"damage":4.0,"enemies":"Looter","floor":4.0,"turns":4.0},{"damage":9.0,"enemies":"Blue Slaver","floor":5.0,"turns":4.0},{"damage":19.0,"enemies":"3 Sentries","floor":7.0,"turns":11.0},{"damage":25.0,"enemies":"Lagavulin","floor":10.0,"turns":7.0},{"damage":13.0,"enemies":"Exordium Thugs","floor":12.0,"turns":5.0},{"damage":4.0,"enemies":"Red Slaver","floor":14.0,"turns":4.0},{"damage":46.0,"enemies":"Hexaghost","floor":16.0,"turns":16.0},{"damage":19.0,"enemies":"Spheric Guardian","floor":18.0,"turns":6.0},{"damage":21,"enemies":"2 Thieves","floor":21,"turns":4},{"damage":42,"enemies":"Book of Stabbing","floor":23,"turns":7}],"seed_played":"9069958852113902161","potions_obtained":[{"floor":1.0,"key":"Swift Potion"},{"floor":3.0,"key":"GamblersBrew"},{"floor":5.0,"key":"FairyPotion"},{"floor":21,"key":"AttackPotion"}],"is_trial":false,"path_per_floor":["M","M","M","M","M","R","E","R","T","E","$","M","?","M","R","B",null,"M","$","?","M","?","E"],"character_chosen":"IRONCLAD","items_purchased":["Whirlwind","ClockworkSouvenir"],"campfire_rested":0,"item_purchase_floors":[19,19],"current_hp_per_floor":[80,80,80,80,77,77,64,64,64,45,45,38,38,40,40,9,80,67,67,67,52,37,0],"gold":78,"neow_bonus":"RANDOM_COMMON_RELIC","is_prod":false,"is_daily":false,"chose_seed":false,"campfire_upgraded":3,"win_rate":0,"timestamp":1553917093,"path_taken":["M","M","M","M","M","R","E","R","T","E","$","M","?","?","R","BOSS","M","$","?","M","?","E"],"build_version":"2019-01-23","purchased_purges":1,"victory":false,"max_hp_per_floor":[80,80,80,80,80,80,80,80,80,80,80,80,80,80,80,80,80,80,80,80,80,85,85],"card_choices":[{"not_picked":["Corruption","Dual Wield","Rage"],"picked":"SKIP","floor":1.0},{"not_picked":["Reckless Charge","Rage"],"picked":"Shrug It Off","floor":2.0},{"not_picked":["True Grit","Shrug It Off"],"picked":"Pommel Strike","floor":3.0},{"not_picked":["Cleave","Body Slam"],"picked":"Pommel Strike","floor":4.0},{"not_picked":["Thunderclap","Iron Wave"],"picked":"Ghostly Armor","floor":5.0},{"not_picked":["Power Through","Combust"],"picked":"Flame Barrier","floor":7.0},{"not_picked":["Twin Strike","Seeing Red"],"picked":"Armaments","floor":10.0},{"not_picked":["Warcry","Power Through"],"picked":"Flame Barrier","floor":12.0},{"not_picked":["Dropkick","Anger"],"picked":"Clothesline","floor":14.0},{"not_picked":["Juggernaut","Berserk"],"picked":"Demon Form","floor":16.0},{"not_picked":["Clash","Bloodletting","Heavy Blade"],"picked":"SKIP","floor":18.0},{"not_picked":["Clothesline","Warcry","Headbutt"],"picked":"SKIP","floor":21}],"player_experience":336806,"relics_obtained":[{"floor":7.0,"key":"Mercury Hourglass"},{"floor":9.0,"key":"Red Skull"},{"floor":10.0,"key":"Orichalcum"}],"event_choices":[{"cards_removed":["Strike_R"],"damage_healed":0.0,"max_hp_gain":0.0,"max_hp_loss":0.0,"gold_gain":0.0,"event_name":"Bonfire Elementals","player_choice":"Offered Basic","floor":13.0,"gold_loss":0.0,"damage_taken":0.0},{"damage_healed":0.0,"max_hp_gain":0.0,"max_hp_loss":0.0,"gold_gain":0.0,"event_name":"Addict","player_choice":"Stole Relic","floor":20.0,"gold_loss":0.0,"damage_taken":0.0,"relics_obtained":["Oddly Smooth Stone"],"cards_obtained":["Shame"]},{"damage_healed":0,"gold_gain":0,"player_choice":"Shed Blood","damage_taken":20,"max_hp_gain":5,"max_hp_loss":0,"event_name":"Forgotten Altar","floor":22,"gold_loss":0}],"is_beta":false,"boss_relics":[{"not_picked":["Runic Pyramid","Sozu"],"picked":"Black Star"}],"items_purged_floors":[11],"is_endless":false,"potions_floor_spawned":[1,3,5,21],"killed_by":"Book of Stabbing","ascension_level":3}