{"path_per_floor":["M","?","?","M","?","R","M","E","T","R","M","R","M","?","R","B",null,"M","?","M","$","M","R","$","R","T","?","?","?","M","?","R"],"character_chosen":"IRONCLAD","items_purchased":["Whetstone"],"gold_per_floor":[18,18,18,37,37,37,57,83,83,83,100,100,115,172,172,276,276,295,220,203,51,69,69,69,69,93,93,93,93,104,104,104],"floor_reached":33,"campfire_rested":0,"playtime":1914,"current_hp_per_floor":[79,79,79,80,73,73,79,65,65,65,70,70,75,70,70,34,80,51,51,46,46,40,40,40,40,40,23,23,54,54,54,54],"items_purged":[],"gold":104,"score":280,"play_id":"87cd67d8-9ac9-4816-b4a8-6409eb0abbc2","is_prod":false,"is_daily":false,"is_ascension_mode":true,"campfire_upgraded":7,"path_taken":["M","?","?","M","?","R","M","E","T","R","M","R","M","?","R","BOSS","M","?","M","$","M","R","?","R","T","?","?","?","?","?","R","BOSS"],"build_version":"2018-02-15-PROD1","purchased_purges":0,"victory":false,"master_deck":["Strike_R","Strike_R","Defend_R","Defend_R+1","Defend_R+1","Defend_R","Bash+1","Searing Blow+5","Cleave","Shockwave+1","Brutality","Shrug It Off","Iron Wave+1","Feed","Flex+1","Infernal Blade+1"],"max_hp_per_floor":[80,80,80,80,80,80,80,80,80,80,80,80,80,80,80,80,80,83,83,86,86,89,89,89,89,89,94,94,94,97,97,97],"relics":["Burning Blood","Torii","War Paint","Gambling Chip","Blue Candle","Runic Cube","Bag of Preparation","Nloth\u0027s Gift"],"card_choices":[{"not_picked":["Dropkick","Wild Strike"],"picked":"Searing Blow"},{"not_picked":["Heavy Blade","Headbutt"],"picked":"Cleave"},{"not_picked":["Dropkick","Rage"],"picked":"Shockwave"},{"not_picked":["Whirlwind","Hemokinesis"],"picked":"Brutality"},{"not_picked":["Body Slam","Searing Blow"],"picked":"Shrug It Off"},{"not_picked":["Pommel Strike","Combust"],"picked":"Iron Wave"},{"not_picked":["Dark Embrace","Brutality"],"picked":"Feed"},{"not_picked":["Pommel Strike","Headbutt"],"picked":"Flex"},{"not_picked":["Battle Trance","Sword Boomerang"],"picked":"Infernal Blade"}],"player_experience":133818,"potions_floor_usage":[33],"damage_taken":[{"damage":7,"enemies":"Jaw Worm","floor":1,"turns":3},{"damage":2,"enemies":"Cultist","floor":4,"turns":4},{"damage":0,"enemies":"2 Louse","floor":7,"turns":2},{"damage":20,"enemies":"Gremlin Nob","floor":8,"turns":5},{"damage":1,"enemies":"Red Slaver","floor":11,"turns":5},{"damage":1,"enemies":"3 Louse","floor":13,"turns":3},{"damage":11,"enemies":"3 Sentries","floor":14,"turns":10},{"damage":42,"enemies":"Hexaghost","floor":16,"turns":11},{"damage":38,"enemies":"Spheric Guardian","floor":18,"turns":8},{"damage":14,"enemies":"2 Thieves","floor":20,"turns":4},{"damage":15,"enemies":"Slaver and Parasite","floor":22,"turns":11},{"damage":9,"enemies":"Centurion and Healer","floor":30,"turns":7},{"damage":55,"enemies":"Automaton","floor":33,"turns":10}],"event_choices":[{"event_name":"The Lab","player_choice":"Got Potions","floor":2,"damage_taken":0},{"event_name":"Purifier","player_choice":"One Purge","floor":3,"damage_taken":0},{"event_name":"Golden Wing","player_choice":"Card Removal","floor":5,"damage_taken":0},{"event_name":"Dead Adventurer","player_choice":"Searched \u00271\u0027 times","floor":14,"damage_taken":0},{"event_name":"Beggar","player_choice":"Gave Gold","floor":19,"damage_taken":0},{"event_name":"Forgotten Altar","player_choice":"Shed Blood","floor":27,"damage_taken":0},{"event_name":"Drug Dealer","player_choice":"Ignored","floor":28,"damage_taken":0},{"event_name":"The Library","player_choice":"Heal","floor":29,"damage_taken":0},{"event_name":"N\u0027loth","player_choice":"Traded a Whetstone","floor":31,"damage_taken":0}],"boss_relics":[{"not_picked":["Snecko Eye","Runic Pyramid"],"picked":"Runic Cube"}],"potions_floor_spawned":[1,4,7,14,14,16,18,20,30],"seed_played":"8387786359489554482","killed_by":"Automaton","ascension_level":1,"is_trial":false}