{"gold_per_floor":[111,126,126,143,143,143,186,186,186,186,226,226,226,241,241,332,332,345,365,365,55,55],"floor_reached":22,"playtime":1018,"items_purged":["Pain"],"score":336,"play_id":"f508252e-f59c-48e0-83ca-24a633abd80b","local_time":"20190330004819","is_ascension_mode":true,"campfire_choices":[{"data":"Defragment","floor":6,"key":"SMITH"},{"floor":8,"key":"REST"},{"data":"Defragment","floor":10,"key":"SMITH"},{"floor":15,"key":"REST"}],"neow_cost":"NONE","seed_source_timestamp":124270102064129,"circlet_count":0,"master_deck":["AscendersBane","Strike_B","Strike_B","Strike_B","Defend_B","Defend_B","Defend_B","Defend_B","Zap","Dualcast","All For One","Defragment+1","Auto Shields","Defragment+1","Loop","Echo Form","Chill","Steam","Parasite","Shame","Ball Lightning+1","Leap","Finesse"],"relics":["Cracked Core","Golden Idol","Question Card","Dream Catcher","Boot","Calling Bell","Omamori","Dodecahedron","Thread and Needle","Strawberry"],"potions_floor_usage":[16,19,22],"damage_taken":[{"damage":7,"enemies":"Small Slimes","floor":1,"turns":4},{"damage":7,"enemies":"Jaw Worm","floor":2,"turns":3},{"damage":0,"enemies":"2 Louse","floor":4,"turns":2},{"damage":34,"enemies":"Gremlin Nob","floor":7,"turns":5},{"damage":25,"enemies":"3 Sentries","floor":11,"turns":6},{"damage":8,"enemies":"Blue Slaver","floor":14,"turns":4},{"damage":2,"enemies":"Hexaghost","floor":16,"turns":9},{"damage":25,"enemies":"Chosen","floor":18,"turns":8},{"damage":16,"enemies":"Spheric Guardian","floor":19,"turns":5},{"damage":31,"enemies":"Centurion and Healer","floor":22,"turns":4}],"seed_played":"-7962248332636500160","potions_obtained":[{"floor":1,"key":"Fire Potion"},{"floor":11,"key":"Energy Potion"},{"floor":16,"key":"EssenceOfSteel"},{"floor":18,"key":"Regen Potion"}],"is_trial":false,"path_per_floor":["M","M","?","M","?","R","E","R","T","R","E","$","?","M","R","B",null,"M","M","?","$","M"],"character_chosen":"DEFECT","items_purchased":["Strawberry","Finesse"],"campfire_rested":2,"item_purchase_floors":[21,21],"current_hp_per_floor":[57,50,50,50,50,50,16,35,35,35,10,10,10,2,21,19,53,28,24,24,31,0],"gold":55,"neow_bonus":"ONE_RANDOM_RARE_CARD","is_prod":false,"is_daily":false,"chose_seed":false,"campfire_upgraded":2,"win_rate":0,"timestamp":1553903299,"path_taken":["M","M","?","M","?","R","E","R","T","R","E","$","?","M","R","BOSS","M","M","?","$","M"],"build_version":"2019-01-23","purchased_purges":1,"victory":false,"max_hp_per_floor":[71,71,71,71,64,64,64,64,64,64,64,64,64,64,64,64,64,64,64,64,71,71],"card_choices":[{"not_picked":["Storm","Go for the Eyes"],"picked":"Defragment","floor":1},{"not_picked":["Streamline","Leap"],"picked":"Auto Shields","floor":2},{"not_picked":["Storm","Sweeping Beam"],"picked":"Defragment","floor":4},{"not_picked":["Fusion","Auto Shields"],"picked":"Loop","floor":7},{"not_picked":["Conserve Battery","Melter","All For One"],"picked":"Echo Form","floor":11},{"not_picked":["Rip and Tear","Steam Power","Hologram"],"picked":"Steam","floor":14},{"not_picked":["White Noise","Redo+1","Leap"],"picked":"Ball Lightning+1","floor":18},{"not_picked":["Darkness","Storm","All For One"],"picked":"Leap","floor":19}],"player_experience":833828,"relics_obtained":[{"floor":7,"key":"Question Card"},{"floor":9,"key":"Dream Catcher"},{"floor":11,"key":"Boot"},{"floor":17,"key":"Omamori"},{"floor":17,"key":"Dodecahedron"},{"floor":17,"key":"Thread and Needle"}],"event_choices":[{"damage_healed":0,"gold_gain":0,"player_choice":"Ignored","damage_taken":0,"max_hp_gain":0,"max_hp_loss":0,"event_name":"Liars Game","floor":3,"gold_loss":0},{"damage_healed":0,"gold_gain":0,"player_choice":"Lose Max HP","damage_taken":0,"relics_obtained":["Golden Idol"],"max_hp_gain":0,"max_hp_loss":7,"event_name":"Golden Idol","floor":5,"gold_loss":0},{"damage_healed":0,"gold_gain":0,"cards_transformed":["Strike_B"],"player_choice":"Change","damage_taken":0,"max_hp_gain":0,"max_hp_loss":0,"event_name":"Living Wall","floor":13,"gold_loss":0,"cards_obtained":["Chill"]},{"damage_healed":0,"gold_gain":0,"player_choice":"Ignored","damage_taken":0,"max_hp_gain":0,"max_hp_loss":0,"event_name":"Beggar","floor":20,"gold_loss":0}],"is_beta":false,"boss_relics":[{"not_picked":["Empty Cage","Eternal Feather"],"picked":"Calling Bell"}],"items_purged_floors":[21],"is_endless":false,"potions_floor_spawned":[1,11,16,18],"killed_by":"Centurion and Healer","ascension_level":15}