{"gold_per_floor":[12,22,22,97,111,146,146,146,146,157,167,167,181,34,34,34],"floor_reached":16,"playtime":693,"items_purged":[],"score":183,"play_id":"7c281315-1494-425c-b00d-fef142831b84","local_time":"20181026134637","is_ascension_mode":true,"campfire_choices":[{"data":"Neutralize","floor":8,"key":"SMITH"},{"data":"Die Die Die","floor":15,"key":"SMITH"}],"neow_cost":"NO_GOLD","seed_source_timestamp":253461110556120,"circlet_count":0,"master_deck":["Defend_G","Defend_G","Defend_G","Defend_G","Defend_G","Strike_G","Strike_G","Strike_G","Strike_G","Strike_G","Survivor","Neutralize+1","AscendersBane","Die Die Die+1","Cloak And Dagger","Heel Hook","Backstab","PiercingWail","Parasite","Backflip","Quick Slash","Dodge and Roll"],"relics":["Ring of the Snake","Mango","Darkstone Periapt","Tough Bandages","Oddly Smooth Stone"],"potions_floor_usage":[16,16],"damage_taken":[{"damage":3,"enemies":"2 Louse","floor":1,"turns":2},{"damage":1,"enemies":"Cultist","floor":2,"turns":4},{"damage":2,"enemies":"Small Slimes","floor":5,"turns":4},{"damage":15,"enemies":"3 Sentries","floor":6,"turns":10},{"damage":3,"enemies":"Looter","floor":10,"turns":2},{"damage":3,"enemies":"Blue Slaver","floor":11,"turns":3},{"damage":2,"enemies":"Exordium Wildlife","floor":13,"turns":4},{"damage":53,"enemies":"The Guardian","floor":16,"turns":18}],"seed_played":"6258986585518977365","potions_obtained":[{"floor":2,"key":"SneckoOil"},{"floor":6,"key":"Fire Potion"}],"is_trial":false,"path_per_floor":["M","M","?","?","M","E","?","R","T","M","M","?","M","$","R"],"character_chosen":"THE_SILENT","items_purchased":["Oddly Smooth Stone"],"campfire_rested":0,"item_purchase_floors":[14],"current_hp_per_floor":[60,59,55,44,42,27,54,54,54,51,48,48,46,46,46,0],"gold":34,"neow_bonus":"THREE_RARE_CARDS","is_prod":false,"is_daily":false,"chose_seed":false,"campfire_upgraded":2,"win_rate":0,"timestamp":1540557997,"path_taken":["M","M","?","?","M","E","?","R","T","M","?","?","M","$","R","BOSS"],"build_version":"2018-10-25v2","purchased_purges":0,"victory":false,"max_hp_per_floor":[70,70,84,84,84,84,90,90,90,90,90,90,90,90,90,90],"card_choices":[{"not_picked":["Malaise","A Thousand Cuts"],"picked":"Die Die Die","floor":0},{"not_picked":["Acrobatics","Blade Dance"],"picked":"Cloak And Dagger","floor":1},{"not_picked":["Underhanded Strike","Bane"],"picked":"Heel Hook","floor":2},{"not_picked":["Dagger Spray","Deflect"],"picked":"Backstab","floor":5},{"not_picked":["Slice","Doppelganger"],"picked":"PiercingWail","floor":6},{"not_picked":["Infinite Blades","Eviscerate"],"picked":"Backflip","floor":10},{"not_picked":["Accuracy","Deadly Poison"],"picked":"Quick Slash","floor":11},{"not_picked":["Slice","Underhanded Strike"],"picked":"Dodge and Roll","floor":13}],"player_experience":475118,"relics_obtained":[{"floor":6,"key":"Darkstone Periapt"},{"floor":9,"key":"Tough Bandages"}],"event_choices":[{"damage_healed":0,"gold_gain":0,"player_choice":"Success","damage_taken":18,"relics_obtained":["Mango"],"max_hp_gain":0,"max_hp_loss":0,"event_name":"Scrap Ooze","floor":3,"gold_loss":0},{"damage_healed":0,"gold_gain":75,"player_choice":"Gather Gold","damage_taken":11,"max_hp_gain":0,"max_hp_loss":0,"event_name":"World of Goop","floor":4,"gold_loss":0},{"damage_healed":21,"gold_gain":0,"player_choice":"Healed and dodged fight","damage_taken":0,"max_hp_gain":0,"max_hp_loss":0,"event_name":"Mushrooms","floor":7,"gold_loss":0,"cards_obtained":["Parasite"]},{"damage_healed":0,"gold_gain":0,"player_choice":"Searched \u00271\u0027 times","damage_taken":0,"max_hp_gain":0,"max_hp_loss":0,"event_name":"Dead Adventurer","floor":12,"gold_loss":0}],"is_beta":false,"boss_relics":[],"items_purged_floors":[],"is_endless":false,"potions_floor_spawned":[2,6,10],"killed_by":"The Guardian","ascension_level":11}