{"gold_per_floor":[218,235,235,18,29,29,47,57,57,57,87,87,101,118,118,118],"floor_reached":16,"playtime":1099,"items_purged":["Strike_G"],"score":130,"play_id":"fcfff1e3-d538-448c-a826-a69e141a6509","local_time":"20180727180411","is_ascension_mode":true,"campfire_choices":[{"data":"Neutralize","floor":6,"key":"SMITH"},{"floor":10,"key":"REST"},{"floor":12,"key":"REST"},{"data":"Dodge and Roll","floor":15,"key":"SMITH"}],"neow_cost":"NONE","seed_source_timestamp":165813098117934,"circlet_count":0,"master_deck":["Defend_G","Defend_G","Defend_G","Defend_G","Defend_G","Strike_G","Strike_G","Strike_G","Strike_G","Survivor","Neutralize+1","Cloak And Dagger","Tactician","Accuracy","Outmaneuver","Dodge and Roll+1","Caltrops","Flying Knee","Backstab+1","Venomology","Distraction"],"relics":["Ring of the Snake","Blue Candle","Molten Egg 2"],"potions_floor_usage":[7,8,11,16,16,16,16,16],"damage_taken":[{"damage":0,"enemies":"2 Louse","floor":1,"turns":4},{"damage":1,"enemies":"Cultist","floor":2,"turns":4},{"damage":2,"enemies":"Jaw Worm","floor":5,"turns":4},{"damage":57,"enemies":"Exordium Thugs","floor":7,"turns":12},{"damage":0,"enemies":"2 Fungi Beasts","floor":8,"turns":4},{"damage":26,"enemies":"3 Sentries","floor":11,"turns":12},{"damage":2,"enemies":"3 Louse","floor":13,"turns":4},{"damage":0,"enemies":"Exordium Wildlife","floor":14,"turns":6},{"damage":35,"enemies":"Slime Boss","floor":16,"turns":7}],"seed_played":"3891367788790969629","potions_obtained":[{"floor":2,"key":"Fire Potion"},{"floor":3,"key":"PowerPotion"},{"floor":3,"key":"SkillPotion"},{"floor":3,"key":"PowerPotion"},{"floor":13,"key":"Strength Potion"},{"floor":14,"key":"Explosive Potion"}],"is_trial":false,"path_per_floor":["M","M","?","$","M","R","M","M","T","R","E","R","M","M","R"],"character_chosen":"THE_SILENT","items_purchased":["Accuracy","Outmaneuver","Dodge and Roll"],"campfire_rested":2,"item_purchase_floors":[4,4,4],"current_hp_per_floor":[70,69,69,69,67,67,10,10,10,31,5,26,24,24,24,0],"gold":118,"neow_bonus":"HUNDRED_GOLD","is_prod":false,"is_daily":false,"chose_seed":false,"campfire_upgraded":2,"win_rate":0,"timestamp":1532711051,"path_taken":["M","M","?","?","M","R","M","M","T","R","E","R","M","?","R","BOSS"],"build_version":"2018-07-26","purchased_purges":1,"victory":false,"max_hp_per_floor":[70,70,70,70,70,70,70,70,70,70,70,70,70,70,70,70],"card_choices":[{"not_picked":["Slice","Calculated Gamble"],"picked":"Cloak And Dagger","floor":1},{"not_picked":["Flechettes","Bane"],"picked":"Tactician","floor":2},{"not_picked":["Underhanded Strike","Slice","Die Die Die"],"picked":"SKIP","floor":5},{"not_picked":["Deadly Poison","Underhanded Strike"],"picked":"Caltrops","floor":7},{"not_picked":["Bane","Quick Slash"],"picked":"Flying Knee","floor":8},{"not_picked":["Caltrops","Dagger Spray"],"picked":"Backstab","floor":11},{"not_picked":["Reflex","Flying Knee+1"],"picked":"Venomology","floor":13},{"not_picked":["Endless Agony+1","Underhanded Strike+1"],"picked":"Distraction","floor":14}],"player_experience":238011,"relics_obtained":[{"floor":9,"key":"Blue Candle"},{"floor":11,"key":"Molten Egg 2"}],"event_choices":[{"event_name":"The Lab","player_choice":"Got Potions","floor":3,"damage_taken":0}],"is_beta":false,"boss_relics":[],"items_purged_floors":[4],"is_endless":false,"potions_floor_spawned":[2,13,14],"killed_by":"Slime Boss","ascension_level":5}