{"gold_per_floor":[10,20,30,42,42,42,71,91,91,91,103,103,116,116,116,116],"floor_reached":16,"playtime":481,"items_purged":[],"score":172,"play_id":"a4155b8a-4911-4b24-a95f-394bb0475366","local_time":"20190206184039","is_ascension_mode":true,"campfire_choices":[{"data":"Flex","floor":6,"key":"SMITH"},{"data":"Whirlwind","floor":10,"key":"SMITH"},{"data":"Bash","floor":15,"key":"SMITH"}],"neow_cost":"NO_GOLD","seed_source_timestamp":498811952997700,"circlet_count":0,"master_deck":["AscendersBane","Strike_R+1","Strike_R","Strike_R","Strike_R","Strike_R","Defend_R","Defend_R","Defend_R","Defend_R","Bash+1","Whirlwind+1","Flex+1","Shrug It Off","Immolate","Dropkick","Pommel Strike+1","Parasite","Iron Wave"],"relics":["Burning Blood","Ice Cream","Blood Vial","Red Skull","Singing Bowl"],"potions_floor_usage":[7,16],"damage_taken":[{"damage":1,"enemies":"Cultist","floor":1,"turns":4},{"damage":7,"enemies":"2 Louse","floor":2,"turns":4},{"damage":14,"enemies":"Jaw Worm","floor":3,"turns":5},{"damage":0,"enemies":"Large Slime","floor":4,"turns":5},{"damage":54,"enemies":"Gremlin Nob","floor":7,"turns":6},{"damage":0,"enemies":"3 Louse","floor":8,"turns":2},{"damage":0,"enemies":"Gremlin Gang","floor":11,"turns":1},{"damage":7,"enemies":"Looter","floor":13,"turns":3},{"damage":39,"enemies":"The Guardian","floor":16,"turns":7}],"seed_played":"-6387491381905300610","potions_obtained":[{"floor":4,"key":"Block Potion"},{"floor":8,"key":"Strength Potion"},{"floor":11,"key":"SpeedPotion"}],"is_trial":false,"path_per_floor":["M","M","M","M","?","R","E","M","T","R","M","?","M","?","R","B"],"character_chosen":"IRONCLAD","items_purchased":[],"campfire_rested":0,"item_purchase_floors":[],"current_hp_per_floor":[77,76,68,74,62,62,16,24,24,24,32,52,53,37,37,0],"gold":116,"neow_bonus":"ONE_RARE_RELIC","is_prod":false,"is_daily":false,"chose_seed":false,"campfire_upgraded":3,"win_rate":0,"timestamp":1549478439,"path_taken":["M","M","M","?","?","R","E","M","T","R","M","?","M","?","R","BOSS"],"build_version":"2019-01-23","purchased_purges":0,"victory":false,"max_hp_per_floor":[80,80,80,80,80,80,80,80,80,80,80,80,80,80,80,80],"card_choices":[{"not_picked":["Thunderclap","Headbutt","Searing Blow"],"picked":"SKIP","floor":1},{"not_picked":["Pummel","Blood for Blood"],"picked":"Whirlwind","floor":2},{"not_picked":["Battle Trance","Havoc"],"picked":"Flex","floor":3},{"not_picked":["Clothesline","Clash"],"picked":"Shrug It Off","floor":4},{"not_picked":["Burning Pact","Disarm"],"picked":"Immolate","floor":7},{"not_picked":["Perfected Strike","Anger"],"picked":"Dropkick","floor":8},{"not_picked":["Reckless Charge","Seeing Red"],"picked":"Pommel Strike","floor":11},{"not_picked":["Perfected Strike","Flex"],"picked":"Iron Wave","floor":13}],"player_experience":574263,"relics_obtained":[{"floor":7,"key":"Red Skull"},{"floor":9,"key":"Singing Bowl"}],"event_choices":[{"damage_healed":0,"gold_gain":0,"player_choice":"Success","damage_taken":12,"relics_obtained":["Blood Vial"],"max_hp_gain":0,"max_hp_loss":0,"event_name":"Scrap Ooze","floor":5,"gold_loss":0},{"damage_healed":20,"gold_gain":0,"player_choice":"Healed and dodged fight","damage_taken":0,"max_hp_gain":0,"max_hp_loss":0,"event_name":"Mushrooms","floor":12,"gold_loss":0,"cards_obtained":["Parasite"]},{"damage_healed":0,"gold_gain":0,"player_choice":"Entered Light","damage_taken":16,"max_hp_gain":0,"max_hp_loss":0,"event_name":"Shining Light","floor":14,"gold_loss":0,"cards_upgraded":["Pommel Strike","Strike_R"]}],"is_beta":false,"boss_relics":[],"items_purged_floors":[],"is_endless":false,"potions_floor_spawned":[4,8,11],"killed_by":"The Guardian","ascension_level":13}