{"gold_per_floor":[112,37,37,37,51,51,6,6,6,22,32,43,43,53,53,156,156,168,168,218,231,251,251,298,298,321,321,337,352,362,362],"floor_reached":31,"playtime":1774,"items_purged":["Strike_B"],"score":275,"play_id":"f8619ba4-353a-4c64-901c-0715e835f754","local_time":"20180830022632","is_ascension_mode":true,"campfire_choices":[{"data":"Dualcast","floor":6,"key":"SMITH"},{"data":"Zap","floor":8,"key":"SMITH"},{"data":"Chaos","floor":13,"key":"SMITH"},{"data":"White Noise","floor":15,"key":"SMITH"},{"floor":23,"key":"REST"},{"data":"Creative AI","floor":25,"key":"SMITH"},{"data":"Self Repair","floor":27,"key":"SMITH"}],"neow_cost":"","seed_source_timestamp":711843603019043,"circlet_count":0,"master_deck":["Strike_B","Strike_B","Strike_B","Defend_B","Defend_B","Defend_B","Defend_B","Zap+1","Dualcast+1","Coolheaded","Conserve Battery","Self Repair+1","FTL","Chaos+1","White Noise+1","Creative AI+1","Redo+1","Capacitor+1","Steam Power+1","Redo+1"],"relics":["Cracked Core","Thread and Needle","Art of War","Runic Pyramid","Regal Pillow","Vajra"],"potions_floor_usage":[22,22,28,28,31],"damage_taken":[{"damage":9,"enemies":"Jaw Worm","floor":1,"turns":3},{"damage":0,"enemies":"2 Louse","floor":5,"turns":2},{"damage":0,"enemies":"Cultist","floor":10,"turns":3},{"damage":0,"enemies":"Large Slime","floor":11,"turns":7},{"damage":0,"enemies":"3 Louse","floor":12,"turns":4},{"damage":10,"enemies":"Exordium Wildlife","floor":14,"turns":8},{"damage":42,"enemies":"Slime Boss","floor":16,"turns":13},{"damage":0,"enemies":"Chosen","floor":18,"turns":8},{"damage":29,"enemies":"2 Thieves","floor":21,"turns":4},{"damage":21,"enemies":"Snecko","floor":22,"turns":6},{"damage":17,"enemies":"Cultist and Chosen","floor":28,"turns":8},{"damage":25,"enemies":"Snake Plant","floor":29,"turns":5},{"damage":6,"enemies":"Chosen and Byrds","floor":30,"turns":7},{"damage":42,"enemies":"Book of Stabbing","floor":31,"turns":5}],"seed_played":"-1263633245468430584","potions_obtained":[{"floor":1,"key":"SpeedPotion"},{"floor":5,"key":"Poison Potion"},{"floor":10,"key":"FocusPotion"},{"floor":12,"key":"AttackPotion"},{"floor":22,"key":"Block Potion"},{"floor":28,"key":"Fruit Juice"}],"is_trial":false,"path_per_floor":["M","$","?","?","M","R","$","R","T","M","M","M","R","M","R","B",null,"M","?","?","M","M","R","T","R","T","R","M","M","M"],"character_chosen":"DEFECT","items_purchased":["Conserve Battery"],"campfire_rested":1,"item_purchase_floors":[7],"current_hp_per_floor":[66,66,66,59,59,59,59,59,59,59,66,73,73,70,70,42,75,75,61,61,39,18,42,42,42,42,42,47,32,36,0],"gold":362,"neow_bonus":"","is_prod":false,"is_daily":false,"chose_seed":false,"campfire_upgraded":6,"win_rate":0,"timestamp":1535592392,"path_taken":["M","$","?","?","?","R","?","R","T","M","M","M","R","M","R","BOSS","M","?","?","?","M","R","?","R","T","R","M","M","M","E"],"build_version":"2018-08-23v2","purchased_purges":1,"victory":false,"max_hp_per_floor":[75,75,75,75,75,75,75,75,75,75,75,75,75,75,75,75,75,75,80,80,80,80,80,80,80,80,80,85,85,85,85],"card_choices":[{"not_picked":["Steam Power","Compile Driver"],"picked":"Coolheaded","floor":1},{"not_picked":["Sweeping Beam","Steam Power","Lockon"],"picked":"SKIP","floor":5},{"not_picked":["Conserve Battery","Steam"],"picked":"Self Repair","floor":10},{"not_picked":["Rebound","Reprogram"],"picked":"FTL","floor":11},{"not_picked":["Hologram","Stack"],"picked":"Chaos","floor":12},{"not_picked":["Creative AI","Hello World"],"picked":"White Noise","floor":14},{"not_picked":["Hyperbeam","Echo Form"],"picked":"Creative AI","floor":16},{"not_picked":["Rebound","Barrage","Streamline"],"picked":"SKIP","floor":18},{"not_picked":["Reprogram","Aggregate"],"picked":"Redo+1","floor":21},{"not_picked":["Cold Snap","Steam Power"],"picked":"Capacitor+1","floor":22},{"not_picked":["Self Repair","Turbo"],"picked":"Steam Power+1","floor":28},{"not_picked":["Streamline+1","Gash","Barrage"],"picked":"SKIP","floor":29},{"not_picked":["Skim","Rebound"],"picked":"Redo+1","floor":30}],"player_experience":280982,"relics_obtained":[{"floor":9,"key":"Art of War"},{"floor":24,"key":"Regal Pillow"},{"floor":26,"key":"Vajra"}],"event_choices":[{"event_name":"Big Fish","player_choice":"Box","floor":3,"damage_taken":0},{"event_name":"Golden Wing","player_choice":"Card Removal","floor":4,"damage_taken":0},{"event_name":"Forgotten Altar","player_choice":"Shed Blood","floor":19,"damage_taken":0},{"event_name":"The Joust","player_choice":"Bet on Murderer","floor":20,"damage_taken":0}],"is_beta":false,"boss_relics":[{"not_picked":["Pandora\u0027s Box","Empty Cage"],"picked":"Runic Pyramid"}],"items_purged_floors":[2],"is_endless":false,"potions_floor_spawned":[1,5,10,12,21,22,28],"killed_by":"Book of Stabbing","ascension_level":4}