{"path_per_floor":["M","$","M","M","M","R","E","M","T","M","?","E","M","E","R","B",null,"M","$","M","M","M","R","E","R","T","M","?","M","M","E","R","B",null,"M","?","$","M","M","E","R","M","T","M","$","M","E","M","R","B"],"character_chosen":"IRONCLAD","items_purchased":["Shrug It Off","Metallicize","Whetstone","Bottled Lightning","Shuriken","Secret Weapon","Ice Cream","Impervious"],"gold_per_floor":[362,114,130,147,166,166,194,212,294,308,308,337,357,383,383,479,479,495,247,260,280,290,290,321,321,321,331,331,350,370,405,405,506,506,524,579,82,94,114,439,439,451,451,469,90,105,139,149,149,149],"floor_reached":51,"campfire_rested":1,"playtime":7524,"current_hp_per_floor":[72,72,70,74,72,72,82,86,86,90,90,78,87,79,79,49,101,100,100,108,113,120,120,123,123,123,128,128,120,127,137,137,91,150,129,135,135,138,114,120,120,133,133,118,118,124,130,139,177,181],"items_purged":["Strike_R"],"gold":149,"score":853,"play_id":"8dab14c7-b99a-4074-98e1-64cb546741a3","is_prod":false,"is_daily":false,"is_ascension_mode":false,"campfire_upgraded":6,"path_taken":["M","$","M","M","M","R","E","M","T","M","?","E","M","E","R","BOSS","M","$","M","M","M","R","E","R","T","M","?","M","M","E","R","BOSS","M","?","$","M","M","E","R","M","T","M","$","M","E","M","R","BOSS"],"build_version":"2018-02-12-PROD1","purchased_purges":1,"victory":true,"master_deck":["Strike_R+1","Strike_R+1","Strike_R","Strike_R","Defend_R","Defend_R+1","Defend_R+1","Defend_R","Bash+1","Body Slam+1","Shrug It Off+1","Metallicize+1","Feed","Armaments+1","Shrug It Off+1","Clothesline+1","Dual Wield+1","Impervious+1","Feed+1","Battle Trance+1","Warcry+1","Power Through+1","Shrug It Off+1","Disarm+1","Bash+1","Good Instincts+1","Iron Wave+1","Body Slam+1","Barricade+1","True Grit+1","Headbutt+1","Secret Weapon+1","Shrug It Off+1","Body Slam+1","Impervious+1","Juggernaut","Inflame+1","Flame Barrier+1"],"max_hp_per_floor":[72,72,72,75,78,78,82,86,86,90,90,90,93,97,97,101,101,105,105,108,116,120,120,124,124,124,128,128,135,142,146,146,150,150,150,158,158,166,166,166,166,174,174,174,174,174,174,177,177,181],"relics":["Burning Blood","Whetstone","Molten Egg 2","Toxic Egg 2","Meat on the Bone","Ancient Tea Set","Sozu","Bottled Lightning","Ornamental Fan","Happy Flower","Frozen Eye","Black Star","Champion Belt","Shuriken","Torii","Old Coin","War Paint","Ice Cream","Du-Vu Doll","Gambling Chip"],"card_choices":[{"not_picked":["Armaments","Searing Blow"],"picked":"Body Slam"},{"not_picked":["Armaments","Iron Wave"],"picked":"Feed"},{"not_picked":["Inflame","Body Slam"],"picked":"Armaments"},{"not_picked":["Pummel","Flex"],"picked":"Shrug It Off"},{"not_picked":["Combust","Sword Boomerang"],"picked":"Clothesline"},{"not_picked":["Havoc","Intimidate"],"picked":"Dual Wield"},{"not_picked":["Intimidate","Anger"],"picked":"Impervious"},{"not_picked":["Dark Embrace","Brutality"],"picked":"Feed"},{"not_picked":["Feel No Pain","Rupture"],"picked":"Battle Trance"},{"not_picked":["Perfected Strike","Demon Form"],"picked":"Warcry"},{"not_picked":["Pummel","Infernal Blade"],"picked":"Power Through"},{"not_picked":["Uppercut","Battle Trance"],"picked":"Shrug It Off"},{"not_picked":["Anger","Cleave"],"picked":"Iron Wave"},{"not_picked":["Feel No Pain","Headbutt"],"picked":"Body Slam"},{"not_picked":["Limit Break","Reaper"],"picked":"Barricade"},{"not_picked":["Evolve","Anger"],"picked":"True Grit"},{"not_picked":["Clothesline","Sword Boomerang"],"picked":"Headbutt"},{"not_picked":["Twin Strike","True Grit"],"picked":"Shrug It Off"},{"not_picked":["Flex","Perfected Strike"],"picked":"Body Slam"},{"not_picked":["Twin Strike","Headbutt"],"picked":"Juggernaut"},{"not_picked":["Brutality","Thunderclap"],"picked":"Inflame"},{"not_picked":["Havoc","Cleave"],"picked":"Flame Barrier"}],"player_experience":144750,"potions_floor_usage":[],"damage_taken":[{"damage":0.0,"enemies":"2 Louse","floor":1.0,"turns":2.0},{"damage":8.0,"enemies":"Blue Slaver","floor":3.0,"turns":5.0},{"damage":5.0,"enemies":"Cultist","floor":4.0,"turns":5.0},{"damage":11.0,"enemies":"Exordium Thugs","floor":5.0,"turns":5.0},{"damage":3.0,"enemies":"3 Sentries","floor":7.0,"turns":11.0},{"damage":5.0,"enemies":"Red Slaver","floor":8.0,"turns":5.0},{"damage":0.0,"enemies":"Exordium Wildlife","floor":10.0,"turns":3.0},{"damage":18.0,"enemies":"Gremlin Nob","floor":12.0,"turns":5.0},{"damage":0.0,"enemies":"Large Slime","floor":13.0,"turns":7.0},{"damage":18.0,"enemies":"Lagavulin","floor":14.0,"turns":12.0},{"damage":52.0,"enemies":"The Guardian","floor":16.0,"turns":14.0},{"damage":11.0,"enemies":"2 Thieves","floor":18.0,"turns":4.0},{"damage":0.0,"enemies":"Spheric Guardian","floor":20.0,"turns":3.0},{"damage":9.0,"enemies":"Centurion and Healer","floor":21.0,"turns":6.0},{"damage":2.0,"enemies":"Chosen and Byrds","floor":22.0,"turns":2.0},{"damage":7.0,"enemies":"Book of Stabbing","floor":24.0,"turns":7.0},{"damage":2.0,"enemies":"Snake Plant","floor":27.0,"turns":5.0},{"damage":21.0,"enemies":"Sentry and Sphere","floor":29.0,"turns":7.0},{"damage":6.0,"enemies":"Centurion and Healer","floor":30.0,"turns":8.0},{"damage":0.0,"enemies":"Gremlin Leader","floor":31.0,"turns":7.0},{"damage":68.0,"enemies":"Automaton","floor":33.0,"turns":12.0},{"damage":27.0,"enemies":"3 Darklings","floor":35.0,"turns":72.0},{"damage":8.0,"enemies":"Mysterious Sphere","floor":36.0,"turns":12.0},{"damage":11.0,"enemies":"3 Shapes","floor":38.0,"turns":9.0},{"damage":30,"enemies":"3 Darklings","floor":39,"turns":7},{"damage":0,"enemies":"Nemesis","floor":40,"turns":10},{"damage":1,"enemies":"4 Shapes","floor":42,"turns":10},{"damage":21,"enemies":"Maw","floor":44,"turns":7},{"damage":0,"enemies":"3 Darklings","floor":46,"turns":7},{"damage":0,"enemies":"Giant Head","floor":47,"turns":7},{"damage":0,"enemies":"4 Shapes","floor":48,"turns":6},{"damage":0,"enemies":"Time Eater","floor":50,"turns":11}],"event_choices":[{"event_name":"Upgrade Shrine","player_choice":"Upgraded","floor":11.0,"damage_taken":0.0},{"event_name":"Match and Keep!","player_choice":"3 cards matched","floor":28.0,"damage_taken":0.0},{"event_name":"Match and Keep!","player_choice":"3 cards matched","floor":28.0,"damage_taken":0.0},{"event_name":"Mysterious Sphere","player_choice":"Fight","floor":36.0,"damage_taken":0.0}],"boss_relics":[],"potions_floor_spawned":[3,5,12,13,14,16,21,22,24,31,33,35,40,42,44,46],"seed_played":"8352285898322042039","ascension_level":0,"is_trial":false}