{"path_per_floor":["M","?","M","?","M","R","$","E","T","?","E","R","M","T","R","B",null,"M","$","M","?","M","R","?","E","T","$","R","M","M","E","R","B",null,"M","M","T","M","$","R","M","$","T","?","E","M","M","E","R","B"],"character_chosen":"IRONCLAD","items_purchased":["Blind","Pear","Inflame","Mummified Hand","Metallicize","Weak Potion"],"gold_per_floor":[119,294,313,313,323,323,148,183,183,245,272,272,284,307,307,404,404,420,78,89,89,105,105,105,130,155,85,85,104,123,185,185,290,290,305,318,318,333,38,38,57,9,88,88,117,128,145,170,170,170],"floor_reached":51,"campfire_rested":4,"playtime":3505,"current_hp_per_floor":[77,77,78,71,61,61,61,40,40,22,15,54,60,60,60,35,80,66,76,65,65,52,52,52,30,30,30,75,60,46,25,71,64,106,74,62,62,22,22,68,46,46,46,116,61,70,90,82,82,57],"items_purged":["Bash","Strike_R"],"gold":170,"score":655,"play_id":"4cc01f1f-27b0-4be1-adf5-bfc9ceba5ffc","is_prod":false,"is_daily":false,"is_ascension_mode":false,"campfire_upgraded":4,"path_taken":["M","?","?","?","M","R","$","E","T","?","E","R","M","?","R","BOSS","M","$","M","?","M","R","?","E","T","?","R","?","M","E","R","BOSS","M","?","?","M","$","R","M","?","T","?","E","M","M","E","R","BOSS"],"build_version":"2018-02-12-PROD1","purchased_purges":2,"victory":true,"master_deck":["Strike_R","Strike_R+1","Strike_R","Strike_R","Defend_R","Defend_R+1","Defend_R+1","Defend_R+1","Cleave+1","Clothesline","Sword Boomerang","Rampage","Blind+1","Thunderclap","Shrug It Off+1","Inflame","Demon Form","Feed","Shockwave+1","Heavy Blade","Inflame","Whirlwind+1","Shrug It Off+1","Clash+1","Bloodletting+1","Rampage+1","Warcry+1","Metallicize","Warcry+1","Reaper","Metallicize+1"],"max_hp_per_floor":[80,80,80,80,80,80,80,80,80,80,80,80,80,80,80,80,80,80,90,90,90,90,90,90,100,100,100,100,103,106,106,106,106,106,106,106,106,106,106,106,106,106,106,116,119,119,119,119,119,119],"relics":["Black Blood","Regal Pillow","Champion Belt","Pantograph","Paper Frog","Whetstone","Black Star","Pear","Charon\u0027s Ashes","Pen Nib","Strawberry","Bronze Scales","Tiny Chest","Oddly Smooth Stone","Bird Faced Urn","Mummified Hand","Mercury Hourglass","Toxic Egg 2","Toolbox","Ancient Tea Set","War Paint"],"card_choices":[{"not_picked":["Perfected Strike","Armaments"],"picked":"Cleave"},{"not_picked":["Corruption","Sever Soul"],"picked":"Clothesline"},{"not_picked":["Uppercut","Pommel Strike"],"picked":"Sword Boomerang"},{"not_picked":["Dropkick","Havoc"],"picked":"Rampage"},{"not_picked":["Body Slam","Sever Soul"],"picked":"Thunderclap"},{"not_picked":["Clothesline","Flame Barrier"],"picked":"Shrug It Off"},{"not_picked":["Juggernaut","True Grit"],"picked":"Inflame"},{"not_picked":["Brutality","Limit Break"],"picked":"Demon Form"},{"not_picked":["Iron Wave","Body Slam"],"picked":"Shockwave"},{"not_picked":["Corruption","Flame Barrier"],"picked":"Heavy Blade"},{"not_picked":["Feel No Pain","Cleave"],"picked":"Whirlwind"},{"not_picked":["Heavy Blade","Blood for Blood"],"picked":"Shrug It Off"},{"not_picked":["Flex","Rampage"],"picked":"Clash"},{"not_picked":["Demon Form","Immolate"],"picked":"Double Tap"},{"not_picked":["Thunderclap","Clothesline"],"picked":"Bloodletting"},{"not_picked":["Wild Strike","Flex"],"picked":"Rampage"},{"not_picked":["Perfected Strike","Clothesline"],"picked":"Warcry"},{"not_picked":["Whirlwind","Twin Strike"],"picked":"Warcry"},{"not_picked":["Infernal Blade","Pommel Strike"],"picked":"Reaper"},{"not_picked":["Wild Strike","Heavy Blade"],"picked":"Metallicize"}],"player_experience":127451,"potions_floor_usage":[50],"damage_taken":[{"damage":9.0,"enemies":"Small Slimes","floor":1.0,"turns":4.0},{"damage":5.0,"enemies":"2 Louse","floor":3.0,"turns":2.0},{"damage":16.0,"enemies":"Blue Slaver","floor":5.0,"turns":4.0},{"damage":27.0,"enemies":"Gremlin Nob","floor":8.0,"turns":5.0},{"damage":24.0,"enemies":"Gremlin Nob","floor":10.0,"turns":5.0},{"damage":25.0,"enemies":"3 Sentries","floor":11.0,"turns":5.0},{"damage":0.0,"enemies":"Exordium Wildlife","floor":13.0,"turns":3.0},{"damage":51.0,"enemies":"Hexaghost","floor":16.0,"turns":10.0},{"damage":20.0,"enemies":"Chosen","floor":18.0,"turns":5.0},{"damage":17.0,"enemies":"Shell Parasite","floor":20.0,"turns":7.0},{"damage":19.0,"enemies":"Snecko","floor":22.0,"turns":7.0},{"damage":38.0,"enemies":"Slavers","floor":25.0,"turns":4.0},{"damage":24.0,"enemies":"3 Cultists","floor":29.0,"turns":4.0},{"damage":23.0,"enemies":"Cultist and Chosen","floor":30.0,"turns":4.0},{"damage":27.0,"enemies":"Book of Stabbing","floor":31.0,"turns":6.0},{"damage":38.0,"enemies":"Champ","floor":33.0,"turns":9.0},{"damage":42.0,"enemies":"3 Darklings","floor":35.0,"turns":4.0},{"damage":22.0,"enemies":"Orb Walker","floor":36.0,"turns":4.0},{"damage":68.0,"enemies":"Sphere and 2 Shapes","floor":38.0,"turns":5.0},{"damage":32.0,"enemies":"4 Shapes","floor":41.0,"turns":1.0},{"damage":72.0,"enemies":"Giant Head","floor":45.0,"turns":9.0},{"damage":5.0,"enemies":"3 Darklings","floor":46.0,"turns":3.0},{"damage":17.0,"enemies":"Maw","floor":47.0,"turns":5.0},{"damage":35.0,"enemies":"2 Orb Walkers","floor":48.0,"turns":4.0},{"damage":75,"enemies":"Time Eater","floor":50,"turns":9}],"event_choices":[{"event_name":"Liars Game","player_choice":"agreed","floor":2.0,"damage_taken":0.0},{"event_name":"Golden Wing","player_choice":"Card Removal","floor":4.0,"damage_taken":0.0},{"event_name":"Dead Adventurer","player_choice":"Searched \u00271\u0027 times","floor":10.0,"damage_taken":0.0},{"event_name":"Match and Keep!","player_choice":"1 cards matched","floor":21.0,"damage_taken":0.0},{"event_name":"The Mausoleum","player_choice":"Yes","floor":24.0,"damage_taken":0.0},{"event_name":"Bonfire Elementals","player_choice":"RARE","floor":44.0,"damage_taken":0.0}],"boss_relics":[],"potions_floor_spawned":[1,3,10,11,16,18,25,29,31,33,35,36,47],"seed_played":"-7607888772243616725","ascension_level":0,"is_trial":false}