{"gold_per_floor":[116,116,127,127,9,9,28,38,63,91,91,16,16,16,16,93,93,109,109,123,135,151,163,163,163,188,32,0,0,0,0],"floor_reached":31,"playtime":955,"items_purged":["Strike_R"],"score":413,"play_id":"c4c5b2c1-c404-4a22-8a73-22a828e6f6a4","local_time":"20190317020000","is_ascension_mode":true,"campfire_choices":[{"data":"Inflame","floor":6,"key":"SMITH"},{"data":"Armaments","floor":11,"key":"SMITH"},{"data":"Fire Breathing","floor":13,"key":"SMITH"},{"data":"Bash","floor":15,"key":"SMITH"},{"data":"Flex","floor":24,"key":"SMITH"},{"data":"Iron Wave","floor":30,"key":"SMITH"}],"neow_cost":"PERCENT_DAMAGE","seed_source_timestamp":268184683313100,"circlet_count":0,"master_deck":["AscendersBane","Strike_R","Strike_R","Strike_R","Strike_R+1","Defend_R+1","Defend_R+1","Defend_R","Defend_R","Bash+1","Bandage Up+1","Swift Strike","Flex+1","Fire Breathing+1","Inflame+1","Iron Wave+1","Armaments+1","Cleave","Shrug It Off","Offering","Anger","Armaments+1"],"relics":["Burning Blood","PreservedInsect","Odd Mushroom","Pen Nib","Coffee Dripper","Nloth\u0027s Gift"],"potions_floor_usage":[20,25,31],"damage_taken":[{"damage":7,"enemies":"Small Slimes","floor":1,"turns":4},{"damage":1,"enemies":"Cultist","floor":3,"turns":4},{"damage":4,"enemies":"2 Louse","floor":7,"turns":2},{"damage":15,"enemies":"Exordium Wildlife","floor":8,"turns":5},{"damage":16,"enemies":"The Mushroom Lair","floor":10,"turns":4},{"damage":45,"enemies":"Slime Boss","floor":16,"turns":10},{"damage":13,"enemies":"3 Byrds","floor":18,"turns":5},{"damage":19,"enemies":"Spheric Guardian","floor":20,"turns":4},{"damage":6,"enemies":"Centurion and Healer","floor":21,"turns":6},{"damage":28,"enemies":"Snake Plant","floor":22,"turns":5},{"damage":21,"enemies":"3 Cultists","floor":23,"turns":6},{"damage":25,"enemies":"Slavers","floor":25,"turns":2},{"damage":24,"enemies":"Snecko","floor":31,"turns":4}],"seed_played":"1777289176986662219","potions_obtained":[{"floor":3,"key":"SmokeBomb"},{"floor":8,"key":"Explosive Potion"},{"floor":20,"key":"SteroidPotion"}],"is_trial":false,"path_per_floor":["M","?","M","?","$","R","M","M","T","?","R","$","R","?","R","B",null,"M","?","M","M","M","M","R","E","T","$","?","?","R","M"],"character_chosen":"IRONCLAD","items_purchased":["Inflame","Iron Wave","War Paint"],"campfire_rested":0,"item_purchase_floors":[5,5,27],"current_hp_per_floor":[53,53,62,47,47,47,55,52,52,48,48,48,48,41,41,8,58,57,57,50,56,40,31,31,12,12,12,12,12,12,0],"gold":0,"neow_bonus":"RANDOM_COLORLESS_2","is_prod":false,"is_daily":false,"chose_seed":false,"campfire_upgraded":6,"win_rate":0,"timestamp":1552788000,"path_taken":["M","?","?","?","$","R","M","M","T","?","R","?","R","?","R","BOSS","M","?","?","M","M","M","R","E","T","$","?","?","R","?"],"build_version":"2019-01-23","purchased_purges":1,"victory":false,"max_hp_per_floor":[75,75,75,75,75,75,75,75,75,75,75,75,75,75,75,75,75,75,75,75,75,75,75,75,75,75,75,75,75,75,75],"card_choices":[{"not_picked":["Searing Blow","Clothesline"],"picked":"Flex","floor":1},{"not_picked":["Blood for Blood","Clothesline"],"picked":"Fire Breathing","floor":3},{"not_picked":["Second Wind","Anger"],"picked":"Armaments","floor":7},{"not_picked":["Uppercut","Havoc"],"picked":"Cleave","floor":8},{"not_picked":["Pommel Strike","Clothesline"],"picked":"Shrug It Off","floor":10},{"not_picked":["Dark Embrace","Brutality"],"picked":"Offering","floor":16},{"not_picked":["Armaments","Reckless Charge"],"picked":"Anger","floor":18},{"not_picked":["Body Slam","True Grit","Evolve"],"picked":"SKIP","floor":20},{"not_picked":["Wild Strike","Uppercut","Perfected Strike"],"picked":"SKIP","floor":21},{"not_picked":["Thunderclap","Flex","Rupture"],"picked":"SKIP","floor":22},{"not_picked":["True Grit","Feel No Pain","Sword Boomerang"],"picked":"SKIP","floor":23}],"player_experience":610921,"relics_obtained":[{"floor":9,"key":"PreservedInsect"},{"floor":10,"key":"Odd Mushroom"}],"event_choices":[{"damage_healed":0,"gold_gain":0,"player_choice":"Bought 0 Potions","damage_taken":0,"max_hp_gain":0,"max_hp_loss":0,"event_name":"The Woman in Blue","floor":2,"gold_loss":0},{"damage_healed":0,"gold_gain":0,"player_choice":"Entered Light","damage_taken":15,"max_hp_gain":0,"max_hp_loss":0,"event_name":"Shining Light","floor":4,"gold_loss":0,"cards_upgraded":["Bandage Up","Strike_R"]},{"damage_healed":0,"gold_gain":0,"player_choice":"Fought Mushrooms","damage_taken":0,"max_hp_gain":0,"max_hp_loss":0,"event_name":"Mushrooms","floor":10,"gold_loss":0},{"damage_healed":0,"gold_gain":0,"player_choice":"Success","damage_taken":7,"relics_obtained":["Pen Nib"],"max_hp_gain":0,"max_hp_loss":0,"event_name":"Scrap Ooze","floor":14,"gold_loss":0},{"damage_healed":0,"gold_gain":0,"player_choice":"Copied","damage_taken":0,"max_hp_gain":0,"max_hp_loss":0,"event_name":"Duplicator","floor":19,"gold_loss":0,"cards_obtained":["Armaments"]},{"damage_healed":0,"gold_gain":0,"player_choice":"Paid Fearfully","damage_taken":0,"max_hp_gain":0,"max_hp_loss":0,"event_name":"Masked Bandits","floor":28,"gold_loss":32},{"damage_healed":0,"gold_gain":0,"player_choice":"Traded Relic","damage_taken":0,"relics_obtained":["Nloth\u0027s Gift"],"max_hp_gain":0,"max_hp_loss":0,"event_name":"N\u0027loth","floor":29,"relics_lost":["War Paint"],"gold_loss":0}],"is_beta":false,"boss_relics":[{"not_picked":["Runic Cube","Tiny House"],"picked":"Coffee Dripper"}],"items_purged_floors":[12],"is_endless":false,"potions_floor_spawned":[3,8,10,16,20,22,23],"killed_by":"Snecko","ascension_level":14}