{"gold_per_floor":[116,116,127,127,127,127,58,71,71,81,100,100,127,53,53,148,148,159,178,178,53,53,53,68,68],"floor_reached":25,"playtime":960,"items_purged":["Zap"],"score":251,"play_id":"76bc8597-4c98-4056-a31c-5af4b3da6d8a","local_time":"20180907213656","is_ascension_mode":true,"campfire_choices":[{"data":"Dualcast","floor":6,"key":"SMITH"},{"data":"Genetic Algorithm","floor":15,"key":"SMITH"},{"data":"Self Repair","floor":23,"key":"SMITH"}],"neow_cost":"PERCENT_DAMAGE","seed_source_timestamp":0,"circlet_count":0,"master_deck":["Strike_B","Strike_B","Defend_B","Defend_B","Defend_B","Dualcast+1","Hello World+1","Steam","FTL","Zap","Self Repair+1","Genetic Algorithm+1","Ball Lightning","FTL","Reboot","Cold Snap","Conserve Battery","Go for the Eyes"],"special_seed":0,"relics":["Cracked Core","PreservedInsect","Bottled Flame","Coffee Dripper","Matryoshka"],"potions_floor_usage":[13,16,16,25],"damage_taken":[{"damage":0,"enemies":"2 Louse","floor":1,"turns":2},{"damage":1,"enemies":"Cultist","floor":3,"turns":4},{"damage":0,"enemies":"Small Slimes","floor":8,"turns":3},{"damage":11,"enemies":"2 Fungi Beasts","floor":10,"turns":3},{"damage":18,"enemies":"Exordium Wildlife","floor":11,"turns":5},{"damage":2,"enemies":"Gremlin Nob","floor":13,"turns":3},{"damage":16,"enemies":"Slime Boss","floor":16,"turns":8},{"damage":31,"enemies":"2 Thieves","floor":18,"turns":4},{"damage":0,"enemies":"Spheric Guardian","floor":19,"turns":3},{"damage":18,"enemies":"Colosseum Slavers","floor":20,"turns":4},{"damage":24,"enemies":"Chosen and Byrds","floor":24,"turns":7},{"damage":29,"enemies":"Slavers","floor":25,"turns":1}],"seed_played":"-437537261752896549","potions_obtained":[{"floor":8,"key":"Weak Potion"},{"floor":10,"key":"Weak Potion"},{"floor":11,"key":"Energy Potion"},{"floor":24,"key":"Strength Potion"}],"is_trial":false,"path_per_floor":["M","?","M","?","?","R","$","M","T","M","M","?","E","$","R","B",null,"M","M","?","$","?","R","M"],"character_chosen":"DEFECT","items_purchased":["Self Repair","FTL","Conserve Battery"],"campfire_rested":0,"item_purchase_floors":[7,14,21],"current_hp_per_floor":[54,59,58,58,58,58,58,65,65,61,50,50,55,55,55,46,68,44,51,40,40,40,40,26,0],"gold":68,"neow_bonus":"TRANSFORM_TWO_CARDS","is_prod":false,"is_daily":false,"chose_seed":false,"campfire_upgraded":3,"win_rate":0,"timestamp":1536352616,"path_taken":["M","?","M","?","?","R","?","M","T","M","?","?","E","$","R","BOSS","M","M","?","$","?","R","M","E"],"build_version":"2018-09-06","purchased_purges":1,"victory":false,"max_hp_per_floor":[75,75,75,75,75,75,75,75,75,75,75,75,75,75,75,75,75,75,75,75,75,75,75,75,75],"card_choices":[{"not_picked":["Barrage","Compile Driver"],"picked":"Go for the Eyes","floor":1},{"not_picked":["Go for the Eyes","Sweeping Beam"],"picked":"FTL","floor":3},{"not_picked":["Turbo","Redo"],"picked":"Genetic Algorithm","floor":8},{"not_picked":["Turbo","Stack"],"picked":"Ball Lightning","floor":10},{"not_picked":["Multi-Cast","Beam Cell","Force Field"],"picked":"SKIP","floor":11},{"not_picked":["Hologram","Reprogram","Compile Driver"],"picked":"SKIP","floor":13},{"not_picked":["Meteor Strike","Thunder Strike"],"picked":"Reboot","floor":16},{"not_picked":["Hello World+1","Hologram"],"picked":"Cold Snap","floor":18},{"not_picked":["Sweeping Beam","Turbo+1","Force Field"],"picked":"SKIP","floor":19},{"not_picked":["Streamline","Static Discharge"],"picked":"Go for the Eyes","floor":24}],"player_experience":340410,"relics_obtained":[{"floor":9,"key":"PreservedInsect"},{"floor":13,"key":"Bottled Flame"}],"event_choices":[{"event_name":"Bonfire Elementals","player_choice":"COMMON","floor":2,"damage_taken":0},{"event_name":"Match and Keep!","player_choice":"1 cards matched","floor":4,"damage_taken":0},{"event_name":"Living Wall","player_choice":"Grow","floor":5,"damage_taken":0},{"event_name":"Purifier","player_choice":"One Purge","floor":12,"damage_taken":0},{"event_name":"Colosseum","player_choice":"Fight","floor":20,"damage_taken":0},{"event_name":"Colosseum","player_choice":"Fled From Nobs","floor":20,"damage_taken":0},{"event_name":"The Mausoleum","player_choice":"Yes","floor":22,"damage_taken":0}],"is_beta":false,"boss_relics":[{"not_picked":["Orrery","Busted Crown"],"picked":"Coffee Dripper"}],"items_purged_floors":[21],"is_endless":false,"potions_floor_spawned":[8,10,11,20,24],"killed_by":"Slavers","ascension_level":5}