{"gold_per_floor":[369,81,81,81,91,91,116,116,139,139,154,171,185,215,215,317,317,301,316,316,334,334,362,373,373,421,221,241,241,253,253,253,348,348,365,365,74,174,194,224,239,239,239,239,250,281,281,295,295,295,295,295,19,51,51],"floor_reached":55,"playtime":4587,"items_purged":["Strike_B"],"score":1053,"play_id":"431721ba-cf8f-478e-a927-9904f181738f","local_time":"20190321235506","is_ascension_mode":true,"campfire_choices":[{"data":"Auto Shields","floor":6,"key":"SMITH"},{"data":"Go for the Eyes","floor":8,"key":"SMITH"},{"data":"Fission","floor":15,"key":"SMITH"},{"data":"Creative AI","floor":25,"key":"SMITH"},{"data":"Auto Shields","floor":29,"key":"SMITH"},{"data":"FTL","floor":32,"key":"SMITH"},{"floor":42,"key":"REST"},{"floor":47,"key":"RECALL"},{"data":"Strike_B","floor":49,"key":"SMITH"},{"data":"Defend_B","floor":52,"key":"SMITH"}],"neow_cost":"TEN_PERCENT_HP_LOSS","seed_source_timestamp":25810783806306,"circlet_count":0,"master_deck":["Strike_B+1","Strike_B","Defend_B+1","Defend_B","Defend_B","Defend_B","Zap+1","Dualcast","Auto Shields+1","Go for the Eyes+1","Leap+1","Fission+1","Creative AI+1","Cold Snap+1","Auto Shields+1","FTL+1","Self Repair","Static Discharge+1","Hologram+1","Parasite","Cold Snap+1","Multi-Cast","Coolheaded"],"relics":["Cracked Core","Bird Faced Urn","Ice Cream","Mercury Hourglass","Strawberry","StoneCalendar","Pantograph","Busted Crown","Happy Flower","DataDisk","Cursed Key","Incense Burner","Torii","Frozen Egg 2","Omamori","Turnip"],"potions_floor_usage":[7,16,24,31,33,39,41,50,50,54],"damage_taken":[{"damage":0,"enemies":"2 Louse","floor":1,"turns":3},{"damage":5,"enemies":"Small Slimes","floor":5,"turns":4},{"damage":11,"enemies":"3 Sentries","floor":7,"turns":6},{"damage":1,"enemies":"Cultist","floor":11,"turns":3},{"damage":1,"enemies":"Looter","floor":12,"turns":3},{"damage":0,"enemies":"Blue Slaver","floor":13,"turns":3},{"damage":13,"enemies":"Lagavulin","floor":14,"turns":7},{"damage":26,"enemies":"Slime Boss","floor":16,"turns":9},{"damage":11,"enemies":"2 Thieves","floor":18,"turns":4},{"damage":0,"enemies":"Chosen","floor":19,"turns":4},{"damage":41,"enemies":"Snake Plant","floor":21,"turns":6},{"damage":28,"enemies":"Book of Stabbing","floor":23,"turns":7},{"damage":0,"enemies":"3 Cultists","floor":24,"turns":6},{"damage":12,"enemies":"Centurion and Healer","floor":28,"turns":9},{"damage":12,"enemies":"Shelled Parasite and Fungi","floor":30,"turns":11},{"damage":2,"enemies":"Cultist and Chosen","floor":31,"turns":4},{"damage":42,"enemies":"Collector","floor":33,"turns":8},{"damage":28,"enemies":"Orb Walker","floor":35,"turns":6},{"damage":22,"enemies":"Mind Bloom Boss Battle","floor":38,"turns":7},{"damage":19,"enemies":"3 Darklings","floor":39,"turns":7},{"damage":78,"enemies":"Giant Head","floor":40,"turns":10},{"damage":23,"enemies":"Sphere and 2 Shapes","floor":41,"turns":7},{"damage":1,"enemies":"Maw","floor":45,"turns":7},{"damage":11,"enemies":"Nemesis","floor":46,"turns":7},{"damage":17,"enemies":"Writhing Mass","floor":48,"turns":8},{"damage":24,"enemies":"Donu and Deca","floor":50,"turns":9},{"damage":72,"enemies":"Shield and Spear","floor":54,"turns":7},{"damage":75,"enemies":"The Heart","floor":55,"turns":8}],"seed_played":"1350370148710622347","potions_obtained":[{"floor":1,"key":"SteroidPotion"},{"floor":7,"key":"EssenceOfSteel"},{"floor":12,"key":"Dexterity Potion"},{"floor":21,"key":"Dexterity Potion"},{"floor":30,"key":"SmokeBomb"},{"floor":33,"key":"Energy Potion"},{"floor":35,"key":"Ancient Potion"},{"floor":38,"key":"Fire Potion"},{"floor":46,"key":"GamblersBrew"}],"is_trial":false,"path_per_floor":["M","$","?","?","M","R","E","R","T","?","M","M","M","E","R","B",null,"M","M","?","M","?","E","M","R","T","$","M","R","M","M","R","B",null,"M","?","$","?","M","E","M","R","T","?","M","E","R","M","R","B",null,"R","$","E","B"],"character_chosen":"DEFECT","items_purchased":["Bird Faced Urn","Self Repair","PowerPotion","Incense Burner","Multi-Cast","Ancient Potion","Coolheaded"],"campfire_rested":1,"item_purchase_floors":[2,27,27,37,53,53,53],"current_hp_per_floor":[68,68,68,68,63,63,52,52,59,47,46,45,45,32,32,31,64,59,67,67,36,36,24,36,36,36,36,55,55,75,75,75,60,71,58,58,58,68,72,16,18,40,40,40,64,75,75,75,75,75,75,75,75,26,0],"gold":51,"neow_bonus":"TWO_FIFTY_GOLD","is_prod":false,"is_daily":false,"chose_seed":false,"campfire_upgraded":8,"win_rate":0,"timestamp":1553208906,"path_taken":["M","$","?","?","M","R","E","R","T","?","M","M","M","E","R","BOSS","M","M","?","M","?","E","?","R","T","$","M","R","M","M","R","BOSS","M","?","$","?","M","E","M","R","T","?","?","E","R","M","R","BOSS","R","$","E","BOSS"],"build_version":"2019-01-23","purchased_purges":1,"victory":false,"max_hp_per_floor":[68,68,68,68,68,68,68,68,75,75,75,75,75,75,75,75,75,75,75,75,75,75,75,75,75,75,75,75,75,75,75,75,75,75,75,75,75,75,75,75,75,75,75,75,75,75,75,75,75,75,75,75,75,75,75],"card_choices":[{"not_picked":["Chaos","Cold Snap"],"picked":"Auto Shields","floor":1},{"not_picked":["Cold Snap","Sunder"],"picked":"Go for the Eyes","floor":5},{"not_picked":["Turbo","Streamline","Beam Cell"],"picked":"SKIP","floor":7},{"not_picked":["Cold Snap","Consume"],"picked":"Leap","floor":11},{"not_picked":["Hologram","Barrage","Turbo"],"picked":"SKIP","floor":12},{"not_picked":["Recycle","Ball Lightning"],"picked":"Fission","floor":13},{"not_picked":["Steam","Fission","Force Field"],"picked":"SKIP","floor":14},{"not_picked":["Thunder Strike","Echo Form"],"picked":"Creative AI","floor":16},{"not_picked":[],"picked":"Cold Snap+1","floor":18},{"not_picked":[],"picked":"Auto Shields","floor":19},{"not_picked":[],"picked":"FTL","floor":21},{"not_picked":["Sunder"],"picked":"SKIP","floor":23},{"not_picked":["Ball Lightning"],"picked":"SKIP","floor":24},{"not_picked":["Aggregate"],"picked":"SKIP","floor":28},{"not_picked":["Sweeping Beam"],"picked":"SKIP","floor":30},{"not_picked":[],"picked":"Static Discharge+1","floor":35},{"not_picked":["Turbo"],"picked":"SKIP","floor":39},{"not_picked":[],"picked":"Hologram+1","floor":40},{"not_picked":["Leap"],"picked":"SKIP","floor":41},{"not_picked":[],"picked":"Cold Snap+1","floor":45},{"not_picked":["Double Energy+1"],"picked":"SKIP","floor":46},{"not_picked":["Compile Driver"],"picked":"SKIP","floor":48},{"not_picked":["Conserve Battery"],"picked":"SKIP","floor":54}],"player_experience":733325,"relics_obtained":[{"floor":7,"key":"Mercury Hourglass"},{"floor":9,"key":"Strawberry"},{"floor":14,"key":"Pantograph"},{"floor":23,"key":"Happy Flower"},{"floor":26,"key":"DataDisk"},{"floor":38,"key":"Torii"},{"floor":40,"key":"Frozen Egg 2"},{"floor":46,"key":"Omamori"},{"floor":54,"key":"Turnip"}],"event_choices":[{"damage_healed":0,"gold_gain":0,"player_choice":"Grow","damage_taken":0,"max_hp_gain":0,"max_hp_loss":0,"event_name":"Living Wall","floor":3,"gold_loss":0,"cards_upgraded":["Zap"]},{"damage_healed":0,"gold_gain":0,"player_choice":"Box","damage_taken":0,"relics_obtained":["Ice Cream"],"max_hp_gain":0,"max_hp_loss":0,"event_name":"Big Fish","floor":4,"gold_loss":0,"cards_obtained":["Regret"]},{"damage_healed":0,"gold_gain":0,"player_choice":"Success","damage_taken":12,"relics_obtained":["StoneCalendar"],"max_hp_gain":0,"max_hp_loss":0,"event_name":"Scrap Ooze","floor":10,"gold_loss":0},{"damage_healed":0,"gold_gain":0,"player_choice":"Ignored","damage_taken":0,"max_hp_gain":0,"max_hp_loss":0,"event_name":"Cursed Tome","floor":20,"gold_loss":0},{"cards_removed":["Regret"],"damage_healed":0,"gold_gain":0,"player_choice":"Purged","damage_taken":0,"max_hp_gain":0,"max_hp_loss":0,"event_name":"Purifier","floor":22,"gold_loss":0},{"cards_removed":["Strike_B"],"damage_healed":0,"gold_gain":0,"player_choice":"Removed Attack","damage_taken":0,"max_hp_gain":0,"max_hp_loss":0,"event_name":"Falling","floor":36,"gold_loss":0},{"damage_healed":0,"gold_gain":0,"player_choice":"Fight","damage_taken":0,"max_hp_gain":0,"max_hp_loss":0,"event_name":"MindBloom","floor":38,"gold_loss":0},{"damage_healed":0,"gold_gain":0,"player_choice":"Forge","damage_taken":0,"max_hp_gain":0,"max_hp_loss":0,"event_name":"Accursed Blacksmith","floor":44,"gold_loss":0,"cards_upgraded":["Leap"]}],"is_beta":false,"boss_relics":[{"not_picked":["Snecko Eye","Tiny House"],"picked":"Busted Crown"},{"not_picked":["Velvet Choker","Eternal Feather"],"picked":"Cursed Key"}],"items_purged_floors":[27],"is_endless":false,"potions_floor_spawned":[1,7,12,21,30,31,33,35,38,46],"killed_by":"The Heart","ascension_level":9}