{"path_per_floor":["M","?","M","?","M","E","R","M","T","M","E","M","R","$","R","B",null,"M","?","M","M","M","R","E","R","T","M"],"character_chosen":"IRONCLAD","items_purchased":["Armaments","Finesse","Metallicize"],"gold_per_floor":[110,185,196,196,214,240,240,253,300,310,345,355,355,67,67,163,163,174,74,93,105,124,124,154,154,154,171],"floor_reached":28,"campfire_rested":2,"playtime":3057,"current_hp_per_floor":[80,69,72,72,70,40,40,36,36,40,45,51,51,51,51,25,80,63,63,42,16,14,53,10,49,49,7],"items_purged":["Regret"],"gold":171,"score":252,"play_id":"dda43f0f-a320-419f-8189-6cbb989ce437","is_prod":false,"is_daily":false,"is_ascension_mode":false,"campfire_upgraded":3,"path_taken":["M","?","M","?","M","E","R","M","T","M","E","M","R","$","R","BOSS","M","?","M","?","M","R","E","R","T","M","M"],"build_version":"2018-02-08-PROD1","purchased_purges":1,"victory":false,"master_deck":["Strike_R","Strike_R","Strike_R","Strike_R","Strike_R","Defend_R","Defend_R","Defend_R","Defend_R","Bash","Immolate","Spot Weakness","Metallicize+1","Twin Strike","Cleave","Bloodletting","Warcry","Evolve+1","Heavy Blade","Armaments+1","Finesse","Metallicize","Double Tap","Cleave","J.A.X.","Flex+1","Flex+1","Shrug It Off+1","Power Through"],"max_hp_per_floor":[80,80,80,80,80,80,80,80,80,80,80,80,80,80,80,80,80,80,80,80,80,80,80,80,80,80,80],"relics":["Burning Blood","Orichalcum","Regal Pillow","Prayer Wheel","Kunai","Sozu","Blood Vial","Ancient Tea Set"],"card_choices":[{"not_picked":["Clothesline","Hemokinesis"],"picked":"Spot Weakness"},{"not_picked":["Pommel Strike","Combust"],"picked":"Metallicize"},{"not_picked":["Body Slam","Clothesline"],"picked":"Twin Strike"},{"not_picked":["Dropkick","Clothesline"],"picked":"Cleave"},{"not_picked":["Headbutt","Thunderclap"],"picked":"Bloodletting"},{"not_picked":["Thunderclap","Anger"],"picked":"Warcry"},{"not_picked":["Blood for Blood","Second Wind"],"picked":"Evolve"},{"not_picked":["Flame Barrier","True Grit"],"picked":"Heavy Blade"},{"not_picked":["Immolate","Demon Form"],"picked":"Double Tap"},{"not_picked":["Reckless Charge","Sword Boomerang"],"picked":"Cleave"},{"not_picked":["Headbutt","Anger"],"picked":"Flex"},{"not_picked":["Perfected Strike","Headbutt"],"picked":"Flex"},{"not_picked":["Pommel Strike","Fiend Fire"],"picked":"Shrug It Off"},{"not_picked":["Wild Strike","Warcry"],"picked":"Power Through"}],"player_experience":73032,"potions_floor_usage":[10,11,16,16],"damage_taken":[{"damage":5,"enemies":"Jaw Worm","floor":1,"turns":5},{"damage":3,"enemies":"Small Slimes","floor":3,"turns":4},{"damage":8,"enemies":"Blue Slaver","floor":5,"turns":5},{"damage":36,"enemies":"Gremlin Nob","floor":6,"turns":5},{"damage":10,"enemies":"Large Slime","floor":8,"turns":5},{"damage":2,"enemies":"3 Louse","floor":10,"turns":3},{"damage":16,"enemies":"3 Sentries","floor":11,"turns":7},{"damage":0,"enemies":"Lots of Slimes","floor":12,"turns":1},{"damage":32,"enemies":"Slime Boss","floor":16,"turns":12},{"damage":23,"enemies":"3 Byrds","floor":18,"turns":6},{"damage":27,"enemies":"Chosen","floor":20,"turns":8},{"damage":32,"enemies":"Slaver and Parasite","floor":21,"turns":6},{"damage":8,"enemies":"Snecko","floor":22,"turns":7},{"damage":49,"enemies":"Book of Stabbing","floor":24,"turns":6},{"damage":50,"enemies":"Chosen and Byrds","floor":27,"turns":9},{"damage":17,"enemies":"Cultist and Chosen","floor":28,"turns":3}],"event_choices":[{"event_name":"World of Goop","player_choice":"Gather Gold","floor":2,"damage_taken":0},{"event_name":"Big Fish","player_choice":"Box","floor":4,"damage_taken":0},{"event_name":"Drug Dealer","player_choice":"Got JAXXED","floor":19,"damage_taken":0}],"boss_relics":[{"not_picked":["White Beast Statue","Runic Dome"],"picked":"Sozu"}],"potions_floor_spawned":[3,6,8,10,12,21,22],"seed_played":"4609935757297186808","killed_by":"Cultist and Chosen","ascension_level":0,"is_trial":false}