{"gold_per_floor":[114,114,289,64,126,126,141,156,156,156,156,186,201,216,216,316,316,331,346,361,376,376,376,95,125,175,56,71,71,71,86,86,186,186,201,201,201,1,31,31,46,46,46,46,13,43,43,58,58,58],"floor_reached":50,"playtime":2135,"items_purged":["Doubt"],"score":613,"play_id":"1caae85a-87d6-4ff0-ab0b-5c060d07e645","local_time":"20190204225742","daily_mods":["Draft","Colorless Cards","Night Terrors"],"is_ascension_mode":false,"campfire_choices":[{"data":"Go for the Eyes","floor":11,"key":"SMITH"},{"data":"Panacea","floor":15,"key":"SMITH"},{"data":"RitualDagger","floor":23,"key":"SMITH"},{"data":"Loop","floor":29,"key":"SMITH"},{"data":"Hello World","floor":32,"key":"SMITH"},{"floor":40,"key":"REST"},{"data":"Bandage Up","floor":42,"key":"SMITH"},{"floor":47,"key":"REST"},{"data":"Redo","floor":49,"key":"SMITH"}],"neow_cost":"","seed_source_timestamp":0,"circlet_count":0,"master_deck":["Enlightenment","Go for the Eyes+1","Discovery","Auto Shields","Self Repair","Sunder+1","Conserve Battery","Redo+1","Ball Lightning","Dark Shackles","Undo","Finesse","Panacea+1","Impatience","Conserve Battery","Sweeping Beam","Bandage Up+1","Coolheaded","Dramatic Entrance","Panache","Discovery","Dramatic Entrance","Ball Lightning+1","RitualDagger+1","Hello World+1","Ball Lightning","Loop+1","Redo+1","Dramatic Entrance","Meteor Strike","Madness","Madness","Dramatic Entrance+1","Discovery+1","Capacitor","Conserve Battery+1"],"special_seed":17931,"relics":["Cracked Core","Happy Flower","Peace Pipe","Calipers","Omamori","Philosopher\u0027s Stone","Medical Kit","DataDisk","Lantern","Enchiridion","Sozu","Runic Capacitor","Du-Vu Doll","Torii","Potion Belt"],"potions_floor_usage":[31,31,39,39,50],"damage_taken":[{"damage":0,"enemies":"Small Slimes","floor":1,"turns":2},{"damage":2,"enemies":"Jaw Worm","floor":7,"turns":2},{"damage":0,"enemies":"2 Louse","floor":8,"turns":2},{"damage":1,"enemies":"Gremlin Nob","floor":12,"turns":4},{"damage":0,"enemies":"Blue Slaver","floor":13,"turns":3},{"damage":0,"enemies":"2 Fungi Beasts","floor":14,"turns":2},{"damage":9,"enemies":"The Guardian","floor":16,"turns":9},{"damage":6,"enemies":"Shell Parasite","floor":18,"turns":5},{"damage":0,"enemies":"Spheric Guardian","floor":19,"turns":3},{"damage":1,"enemies":"3 Cultists","floor":20,"turns":3},{"damage":8,"enemies":"Shelled Parasite and Fungi","floor":21,"turns":5},{"damage":29,"enemies":"Slavers","floor":25,"turns":3},{"damage":32,"enemies":"Sentry and Sphere","floor":28,"turns":4},{"damage":8,"enemies":"Chosen and Byrds","floor":31,"turns":5},{"damage":0,"enemies":"Automaton","floor":33,"turns":6},{"damage":14,"enemies":"Orb Walker","floor":35,"turns":3},{"damage":44,"enemies":"2 Orb Walkers","floor":39,"turns":4},{"damage":36,"enemies":"3 Darklings","floor":41,"turns":3},{"damage":39,"enemies":"Giant Head","floor":46,"turns":7},{"damage":16,"enemies":"Transient","floor":48,"turns":5},{"damage":57,"enemies":"Awakened One","floor":50,"turns":3}],"seed_played":"-1671587602843192700","potions_obtained":[{"floor":7,"key":"Regen Potion"},{"floor":8,"key":"Dexterity Potion"},{"floor":16,"key":"Explosive Potion"},{"floor":19,"key":"Weak Potion"},{"floor":31,"key":"GamblersBrew"},{"floor":33,"key":"Ancient Potion"}],"is_trial":false,"path_per_floor":["M","?","?","$","?","?","M","M","T","?","R","E","M","M","R","B",null,"M","M","M","M","?","R","$","E","T","$","M","R","?","M","R","B",null,"M","?","?","$","?","R","M","R","T","?","$","E","R","M","R","B"],"character_chosen":"DEFECT","items_purchased":["Happy Flower","Medical Kit","Hello World","Loop","Redo","Runic Capacitor","Capacitor"],"campfire_rested":2,"item_purchase_floors":[4,24,24,27,27,38,45],"current_hp_per_floor":[75,75,75,75,75,63,61,72,72,72,72,75,75,75,75,75,75,75,75,74,75,69,69,69,51,51,51,30,30,14,35,35,46,75,65,56,56,56,16,70,41,41,41,41,41,15,65,51,51,0],"gold":58,"neow_bonus":"","is_prod":false,"is_daily":true,"chose_seed":false,"campfire_upgraded":7,"win_rate":0,"timestamp":1549321062,"path_taken":["M","?","?","?","?","?","M","?","T","?","R","E","M","M","R","BOSS","M","?","M","M","?","R","?","E","T","$","M","R","?","M","R","BOSS","M","?","?","$","?","R","M","R","T","?","?","E","R","M","R","BOSS"],"build_version":"2019-01-23","purchased_purges":1,"victory":false,"max_hp_per_floor":[75,75,75,75,75,75,75,75,75,75,75,75,75,75,75,75,75,75,75,75,75,75,75,75,75,75,75,75,75,75,75,75,75,75,75,75,75,75,75,70,70,70,70,70,70,70,65,65,65,65],"card_choices":[{"not_picked":["Streamline","Rebound"],"picked":"Enlightenment","floor":0},{"not_picked":["Leap","Blizzard"],"picked":"Go for the Eyes","floor":0},{"not_picked":["Steam","Cold Snap"],"picked":"Discovery","floor":0},{"not_picked":["Swift Strike","Hologram"],"picked":"Auto Shields","floor":0},{"not_picked":["Redo","FTL"],"picked":"Self Repair","floor":0},{"not_picked":["Gash","Redo"],"picked":"Sunder","floor":0},{"not_picked":["Steam","Reprogram"],"picked":"Conserve Battery","floor":0},{"not_picked":["Compile Driver","Stack"],"picked":"Redo","floor":0},{"not_picked":["Conserve Battery","Tempest"],"picked":"Ball Lightning","floor":0},{"not_picked":["Redo","Beam Cell"],"picked":"Dark Shackles","floor":0},{"not_picked":["Tempest","Redo"],"picked":"Undo","floor":0},{"not_picked":["Enlightenment","Sweeping Beam"],"picked":"Finesse","floor":0},{"not_picked":["Go for the Eyes","Redo"],"picked":"Panacea","floor":0},{"not_picked":["Stack","Trip"],"picked":"Impatience","floor":0},{"not_picked":["Rebound","Cold Snap"],"picked":"Conserve Battery","floor":0},{"not_picked":["Gash","Rebound"],"picked":"Sweeping Beam","floor":1},{"not_picked":["Recycle","Streamline"],"picked":"Bandage Up","floor":7},{"not_picked":["Go for the Eyes","Self Repair"],"picked":"Coolheaded","floor":8},{"not_picked":["Coolheaded","Gash"],"picked":"Dramatic Entrance","floor":12},{"not_picked":["Gash","Hologram","Beam Cell"],"picked":"SKIP","floor":13},{"not_picked":["Melter","Turbo","Bandage Up"],"picked":"SKIP","floor":14},{"not_picked":["Machine Learning","Violence"],"picked":"Panache","floor":16},{"not_picked":["Bandage Up+1","Lockon"],"picked":"Sweeping Beam+1","floor":18},{"not_picked":["Compile Driver","Skim"],"picked":"Discovery","floor":19},{"not_picked":["Steam Power","Compile Driver"],"picked":"Dramatic Entrance","floor":20},{"not_picked":["Finesse","Auto Shields"],"picked":"Ball Lightning+1","floor":21},{"not_picked":["Genetic Algorithm","Auto Shields"],"picked":"Ball Lightning","floor":25},{"not_picked":["Hologram","Sunder"],"picked":"Dramatic Entrance","floor":28},{"not_picked":["Go for the Eyes","Streamline","Magnetism"],"picked":"SKIP","floor":31},{"not_picked":["All For One","Buffer"],"picked":"Meteor Strike","floor":33},{"not_picked":["Hologram+1","Go for the Eyes+1","Jack Of All Trades+1"],"picked":"SKIP","floor":35},{"not_picked":["Finesse","Beam Cell+1"],"picked":"Dramatic Entrance+1","floor":39},{"not_picked":["Sweeping Beam","Turbo"],"picked":"Discovery+1","floor":41},{"not_picked":["Genetic Algorithm","Streamline","Blind"],"picked":"SKIP","floor":46},{"not_picked":["Turbo","Static Discharge"],"picked":"Conserve Battery+1","floor":48}],"player_experience":570990,"relics_obtained":[{"floor":9,"key":"Calipers"},{"floor":12,"key":"Omamori"},{"floor":25,"key":"DataDisk"},{"floor":26,"key":"Lantern"},{"floor":30,"key":"Enchiridion"},{"floor":39,"key":"Du-Vu Doll"},{"floor":43,"key":"Torii"},{"floor":46,"key":"Potion Belt"}],"event_choices":[{"damage_healed":0,"gold_gain":0,"player_choice":"Grow","damage_taken":0,"max_hp_gain":0,"max_hp_loss":0,"event_name":"Living Wall","floor":2,"gold_loss":0,"cards_upgraded":["Sunder"]},{"damage_healed":0,"gold_gain":175,"player_choice":"AGREE","damage_taken":0,"max_hp_gain":0,"max_hp_loss":0,"event_name":"Liars Game","floor":3,"gold_loss":0,"cards_obtained":["Doubt"]},{"damage_healed":0,"gold_gain":62,"player_choice":"Gained Gold","damage_taken":0,"max_hp_gain":0,"max_hp_loss":0,"event_name":"Golden Wing","floor":5,"gold_loss":0},{"damage_healed":0,"gold_gain":0,"player_choice":"Success","damage_taken":12,"relics_obtained":["Peace Pipe"],"max_hp_gain":0,"max_hp_loss":0,"event_name":"Scrap Ooze","floor":6,"gold_loss":0},{"damage_healed":0,"gold_gain":0,"player_choice":"Forge","damage_taken":0,"max_hp_gain":0,"max_hp_loss":0,"event_name":"Accursed Blacksmith","floor":10,"gold_loss":0,"cards_upgraded":["Redo"]},{"damage_healed":0,"gold_gain":0,"player_choice":"Joined the Cult","damage_taken":6,"max_hp_gain":0,"max_hp_loss":0,"event_name":"Nest","floor":22,"gold_loss":0,"cards_obtained":["RitualDagger"]},{"damage_healed":0,"gold_gain":0,"player_choice":"Obtained Book","damage_taken":16,"max_hp_gain":0,"max_hp_loss":0,"event_name":"Cursed Tome","floor":30,"gold_loss":0},{"damage_healed":0,"gold_gain":0,"player_choice":"Embrace Madness","damage_taken":9,"max_hp_gain":0,"max_hp_loss":0,"event_name":"Winding Halls","floor":36,"gold_loss":0,"cards_obtained":["Madness","Madness"]},{"damage_healed":0,"gold_gain":0,"player_choice":"Ignored","damage_taken":0,"max_hp_gain":0,"max_hp_loss":0,"event_name":"Tomb of Lord Red Mask","floor":37,"gold_loss":0},{"damage_healed":0,"gold_gain":0,"player_choice":"Fight","damage_taken":0,"max_hp_gain":0,"max_hp_loss":0,"event_name":"Mysterious Sphere","floor":39,"gold_loss":0},{"cards_removed":["Sweeping Beam"],"damage_healed":0,"gold_gain":0,"player_choice":"Removed Attack","damage_taken":0,"max_hp_gain":0,"max_hp_loss":0,"event_name":"Falling","floor":44,"gold_loss":0}],"is_beta":false,"boss_relics":[{"not_picked":["Snecko Eye","Ectoplasm"],"picked":"Philosopher\u0027s Stone"},{"not_picked":["Runic Dome","Empty Cage"],"picked":"Sozu"}],"items_purged_floors":[4],"is_endless":false,"potions_floor_spawned":[7,8,16,19,21,28,31,33,35,41,46],"killed_by":"Awakened One","ascension_level":0}