{"gold_per_floor":[109,119,369,380,105,131,131,142,142,61,61,79,98,161,161,264,264,279,329,379,129,148,148,180,230,256,256,306,324,374],"floor_reached":30,"playtime":1999,"items_purged":["Regret","Strike_B"],"score":345,"play_id":"bb4a9005-9753-40d5-952e-0c6bdca9ff70","local_time":"20180726235754","is_ascension_mode":true,"campfire_choices":[{"data":"Redo","floor":7.0,"key":"SMITH"},{"floor":15.0,"key":"REST"},{"data":"Capacitor","floor":23,"key":"SMITH"},{"data":"Biased Cognition","floor":27,"key":"SMITH"}],"neow_cost":"NONE","seed_source_timestamp":0,"circlet_count":0,"master_deck":["Strike_B+1","Strike_B+1","Strike_B+1","Defend_B+1","Defend_B+1","Defend_B+1","Defend_B+1","Zap+1","Dualcast","Consume","Conserve Battery","Biased Cognition+1","Conserve Battery","Redo+1","Chill","Capacitor+1","Storm","Self Repair","All For One","Conserve Battery","Necronomicurse","Coolheaded","Redo","Sweeping Beam"],"special_seed":0,"relics":["Cracked Core","Bag of Preparation","Oddly Smooth Stone","SsserpentHead","Nuclear Battery","Necronomicon","Anchor","The Courier","Art of War"],"potions_floor_usage":[30],"damage_taken":[{"damage":1.0,"enemies":"Cultist","floor":1.0,"turns":3.0},{"damage":9.0,"enemies":"Small Slimes","floor":2.0,"turns":3.0},{"damage":2.0,"enemies":"2 Louse","floor":4.0,"turns":2.0},{"damage":30.0,"enemies":"Gremlin Nob","floor":6.0,"turns":5.0},{"damage":6.0,"enemies":"Red Slaver","floor":8.0,"turns":3.0},{"damage":8.0,"enemies":"Large Slime","floor":12.0,"turns":6.0},{"damage":13.0,"enemies":"Blue Slaver","floor":13.0,"turns":3.0},{"damage":5.0,"enemies":"Exordium Thugs","floor":14.0,"turns":4.0},{"damage":0.0,"enemies":"Hexaghost","floor":16.0,"turns":8.0},{"damage":18.0,"enemies":"Spheric Guardian","floor":18.0,"turns":4.0},{"damage":10.0,"enemies":"3 Byrds","floor":22.0,"turns":8.0},{"damage":13,"enemies":"Slavers","floor":24,"turns":6},{"damage":23,"enemies":"Sentry and Sphere","floor":29,"turns":8},{"damage":19,"enemies":"3 Cultists","floor":30,"turns":4}],"seed_played":"1448741402892044220","potions_obtained":[{"floor":1.0,"key":"SteroidPotion"},{"floor":6.0,"key":"PowerPotion"},{"floor":13.0,"key":"Ancient Potion"},{"floor":14.0,"key":"PowerPotion"},{"floor":22.0,"key":"Strength Potion"}],"is_trial":false,"path_per_floor":["M","M","?","M","$","E","R","M","T","$","?","M","M","M","R","B",null,"M","?","?","$","M","R","E","?","T","R","?","M"],"character_chosen":"DEFECT","items_purchased":["Biased Cognition","Conserve Battery","Capacitor","Anchor","Coolheaded"],"campfire_rested":1,"item_purchase_floors":[5,5,10,21,21],"current_hp_per_floor":[74,65,65,63,63,33,33,27,27,27,27,19,13,8,30,37,75,57,57,41,41,38,38,32,32,32,32,32,16,0],"gold":374,"neow_bonus":"UPGRADE_CARD","is_prod":false,"is_daily":false,"chose_seed":false,"campfire_upgraded":3,"win_rate":0,"timestamp":1532645874,"path_taken":["M","?","?","M","$","E","R","M","T","$","?","M","M","?","R","BOSS","M","?","?","?","M","R","E","?","T","R","?","M","?"],"build_version":"2018-07-19v2","purchased_purges":2,"victory":false,"max_hp_per_floor":[75,75,75,75,75,75,75,75,75,75,75,75,75,75,75,75,75,75,75,75,75,75,75,75,75,75,75,75,75,75],"card_choices":[{"not_picked":["Turbo","Go for the Eyes"],"picked":"Consume","floor":1.0},{"not_picked":["Consume","Blizzard","Hologram"],"picked":"SKIP","floor":2.0},{"not_picked":["Turbo","Force Field"],"picked":"Conserve Battery","floor":4.0},{"not_picked":["Coolheaded","Fusion"],"picked":"Redo","floor":6.0},{"not_picked":["Hello World","Leap"],"picked":"Chill","floor":8.0},{"not_picked":["Beam Cell","Steam","Reboot"],"picked":"SKIP","floor":12.0},{"not_picked":["Conserve Battery","Go for the Eyes"],"picked":"Storm","floor":13.0},{"not_picked":["Rip and Tear","Cold Snap"],"picked":"Self Repair","floor":14.0},{"not_picked":["Creative AI","Biased Cognition"],"picked":"All For One","floor":16.0},{"not_picked":["Rip and Tear","Barrage"],"picked":"Conserve Battery","floor":18.0},{"not_picked":["Reprogram","Rebound","Gash"],"picked":"SKIP","floor":22.0},{"not_picked":["Capacitor","Reboot"],"picked":"Redo","floor":24},{"not_picked":["Stack","Ball Lightning","Sweeping Beam"],"picked":"SKIP","floor":29}],"player_experience":231701,"relics_obtained":[{"floor":6.0,"key":"Bag of Preparation"},{"floor":9.0,"key":"Oddly Smooth Stone"},{"floor":20.0,"key":"Necronomicon"},{"floor":24,"key":"The Courier"},{"floor":26,"key":"Art of War"}],"event_choices":[{"event_name":"Golden Shrine","player_choice":"Desecrate","floor":3.0,"damage_taken":0.0},{"event_name":"FaceTrader","player_choice":"Trade","floor":11.0,"damage_taken":0.0},{"event_name":"Ghosts","player_choice":"Ignored","floor":19.0,"damage_taken":0.0},{"event_name":"Cursed Tome","player_choice":"Obtained Book","floor":20.0,"damage_taken":0.0},{"event_name":"Match and Keep!","player_choice":"1 cards matched","floor":25,"damage_taken":0},{"event_name":"Back to Basics","player_choice":"Simplicity","floor":28,"damage_taken":0}],"is_beta":false,"boss_relics":[{"not_picked":["Calling Bell","Coffee Dripper"],"picked":"Nuclear Battery"}],"items_purged_floors":[5,21],"is_endless":false,"potions_floor_spawned":[1,6,13,14,22,24],"killed_by":"3 Cultists","ascension_level":3}