{"gold_per_floor":[114,189,26,36,61,61,61,61,88,105,119,119,136,162,162,266,266,278,278,278,298,314,314],"floor_reached":23,"playtime":792,"items_purged":["Strike_R"],"score":325,"play_id":"e037f3ee-a466-4aa3-9125-48fb0bb7d52c","local_time":"20180913000119","is_ascension_mode":true,"campfire_choices":[{"data":"Bash","floor":6,"key":"SMITH"},{"data":"Barricade","floor":8,"key":"SMITH"},{"data":"1","floor":15,"key":"LIFT"}],"neow_cost":"TEN_PERCENT_HP_LOSS","seed_source_timestamp":33370145456266,"circlet_count":0,"master_deck":["Defend_R","Defend_R","Defend_R","Defend_R","Bash+1","Cleave+1","Dramatic Entrance+1","Barricade+1","Heavy Blade","Spot Weakness","Limit Break","Infernal Blade","Necronomicurse","Bite","Bite","Bite","Bite","Bite","Pommel Strike","Twin Strike+1"],"relics":["Black Blood","Girya","Whetstone","Odd Mushroom","Necronomicon"],"potions_floor_usage":[14,16,16,18,22,23],"damage_taken":[{"damage":8,"enemies":"Jaw Worm","floor":1,"turns":4},{"damage":1,"enemies":"Cultist","floor":4,"turns":3},{"damage":0,"enemies":"2 Louse","floor":10,"turns":1},{"damage":7,"enemies":"Exordium Wildlife","floor":11,"turns":3},{"damage":11,"enemies":"Blue Slaver","floor":13,"turns":3},{"damage":11,"enemies":"The Mushroom Lair","floor":14,"turns":3},{"damage":0,"enemies":"Slime Boss","floor":16,"turns":7},{"damage":31,"enemies":"3 Byrds","floor":18,"turns":4},{"damage":16,"enemies":"Chosen","floor":21,"turns":5},{"damage":31,"enemies":"Snecko","floor":22,"turns":4},{"damage":45,"enemies":"3 Cultists","floor":23,"turns":4}],"seed_played":"3568719884286197469","potions_obtained":[{"floor":10,"key":"Swift Potion"},{"floor":11,"key":"EntropicBrew"},{"floor":21,"key":"Swift Potion"}],"is_trial":false,"path_per_floor":["M","?","$","M","T","R","?","R","T","M","M","?","M","?","R","B",null,"M","?","?","M","M"],"character_chosen":"IRONCLAD","items_purchased":["Dramatic Entrance"],"campfire_rested":0,"item_purchase_floors":[3],"current_hp_per_floor":[70,63,63,68,68,68,68,68,68,72,71,64,61,58,58,66,71,51,35,35,33,29,0],"gold":314,"neow_bonus":"ONE_RARE_RELIC","is_prod":false,"is_daily":false,"chose_seed":false,"campfire_upgraded":2,"win_rate":0,"timestamp":1536793279,"path_taken":["M","?","$","M","?","R","?","R","T","M","M","?","M","?","R","BOSS","M","?","?","M","M","M"],"build_version":"2018-09-06","purchased_purges":1,"victory":false,"max_hp_per_floor":[72,72,72,72,72,72,72,72,72,72,72,72,72,72,72,72,72,72,72,72,72,72,72],"card_choices":[{"not_picked":["Perfected Strike","Carnage"],"picked":"Cleave","floor":1},{"not_picked":["Headbutt","Sever Soul","Havoc"],"picked":"SKIP","floor":4},{"not_picked":["Burning Pact","Sword Boomerang"],"picked":"Heavy Blade","floor":10},{"not_picked":["Body Slam","Cleave"],"picked":"Spot Weakness","floor":11},{"not_picked":["Juggernaut","Clash","Wild Strike"],"picked":"SKIP","floor":13},{"not_picked":["Double Tap","Offering"],"picked":"Limit Break","floor":16},{"not_picked":["Carnage+1","Pummel"],"picked":"Infernal Blade","floor":18},{"not_picked":["Uppercut+1","Feel No Pain"],"picked":"Pommel Strike","floor":21},{"not_picked":["Searing Blow+1","Clash"],"picked":"Twin Strike+1","floor":22}],"player_experience":354655,"relics_obtained":[{"floor":5,"key":"Blood Vial"},{"floor":9,"key":"Whetstone"},{"floor":14,"key":"Odd Mushroom"},{"floor":19,"key":"Necronomicon"}],"event_choices":[{"event_name":"FaceTrader","player_choice":"Touch","floor":2,"damage_taken":0},{"event_name":"Transmorgrifier","player_choice":"Transform","floor":7,"damage_taken":0},{"event_name":"Golden Wing","player_choice":"Card Removal","floor":12,"damage_taken":0},{"event_name":"Mushrooms","player_choice":"Fought Mushrooms","floor":14,"damage_taken":0},{"event_name":"Cursed Tome","player_choice":"Obtained Book","floor":19,"damage_taken":0},{"event_name":"Vampires","player_choice":"Became a vampire (Vial)","floor":20,"damage_taken":0}],"is_beta":false,"boss_relics":[{"not_picked":["Coffee Dripper","Pandora\u0027s Box"],"picked":"Black Blood"}],"items_purged_floors":[3],"is_endless":false,"potions_floor_spawned":[10,11,21],"killed_by":"3 Cultists","ascension_level":6}