{"path_per_floor":["M","?","$","M","?","R","M","M","T","?","M","R","E","$","R","B",null,"M","?","$","M","M"],"character_chosen":"IRONCLAD","items_purchased":["Rampage"],"gold_per_floor":[112,112,0,24,24,24,48,68,92,92,112,112,143,43,43,162,162,175,175,50,66,90,90],"floor_reached":23,"campfire_rested":2,"playtime":518,"current_hp_per_floor":[59,59,59,63,51,73,74,70,70,75,57,57,49,49,73,7,64,28,28,28,25,16,0],"items_purged":["Defend_R","Defend_R","Defend_R"],"gold":90,"score":258,"play_id":"1a234341-7594-4488-afee-c11ee638d85c","local_time":"20180325202449","is_prod":false,"is_daily":false,"is_ascension_mode":true,"campfire_upgraded":1,"timestamp":1522023889,"path_taken":["M","?","$","M","?","R","M","?","T","?","?","R","E","?","R","BOSS","M","?","?","?","M","E"],"build_version":"2018-03-22v2","purchased_purges":3,"victory":false,"master_deck":["Strike_R","Strike_R","Strike_R","Strike_R","Strike_R","Defend_R","Bash","Thunderclap+1","Rampage","Flex","Spot Weakness","Clothesline","Limit Break"],"max_hp_per_floor":[80,74,74,74,74,74,74,74,74,79,81,81,83,83,83,83,83,85,85,85,87,89,89],"relics":["Black Blood","Golden Idol","Dream Catcher","Singing Bowl","Shovel","Matryoshka"],"card_choices":[{"not_picked":["Battle Trance","Flame Barrier"],"picked":"Thunderclap","floor":1},{"not_picked":["Thunderclap","Havoc"],"picked":"Flex","floor":4},{"not_picked":["Bloodletting","Pummel"],"picked":"Spot Weakness","floor":6},{"not_picked":["Havoc","Sentinel"],"picked":"Clothesline","floor":15},{"not_picked":["Impervious","Exhume"],"picked":"Limit Break","floor":16}],"player_experience":197586,"potions_floor_usage":[13,16,18,23],"damage_taken":[{"damage":19,"enemies":"Jaw Worm","floor":1,"turns":3},{"damage":2,"enemies":"2 Louse","floor":4,"turns":2},{"damage":1,"enemies":"Cultist","floor":7,"turns":3},{"damage":10,"enemies":"2 Fungi Beasts","floor":8,"turns":3},{"damage":26,"enemies":"Blue Slaver","floor":11,"turns":3},{"damage":16,"enemies":"Gremlin Nob","floor":13,"turns":3},{"damage":72,"enemies":"Hexaghost","floor":16,"turns":9},{"damage":48,"enemies":"3 Byrds","floor":18,"turns":4},{"damage":15,"enemies":"Chosen","floor":21,"turns":4},{"damage":21,"enemies":"Centurion and Healer","floor":22,"turns":5},{"damage":29,"enemies":"Slavers","floor":23,"turns":1}],"event_choices":[{"event_name":"Golden Idol","player_choice":"Lose Max HP","floor":2,"damage_taken":0},{"event_name":"Scrap Ooze","player_choice":"success","floor":5,"damage_taken":12},{"event_name":"Big Fish","player_choice":"Donut","floor":10,"damage_taken":0},{"event_name":"The Mausoleum","player_choice":"Yes","floor":19,"damage_taken":0}],"boss_relics":[{"not_picked":["Lizard Tail","Astrolabe"],"picked":"Black Blood"}],"potions_floor_spawned":[1,11,16,18],"seed_played":"6130271414355620678","killed_by":"Slavers","ascension_level":7,"is_trial":false}