{"gold_per_floor":[365,365,365,377,53,53,68,68,68,82,109,109,126,137,137,239,239,255,275,293,208,222,222,222,234,234,260,179,41,41,58,58,58],"floor_reached":33,"playtime":1526,"items_purged":["Strike_B"],"score":383,"play_id":"cbc0671d-9ce4-49d1-a947-a4a502fe3ed1","local_time":"20180817224036","is_ascension_mode":true,"campfire_choices":[{"data":"Apotheosis","floor":6,"key":"SMITH"},{"floor":8,"key":"REST"},{"data":"Defragment","floor":12,"key":"SMITH"},{"floor":15,"key":"REST"},{"floor":23,"key":"REST"},{"floor":30,"key":"REST"},{"data":"Genetic Algorithm","floor":32,"key":"SMITH"}],"neow_cost":"PERCENT_DAMAGE","seed_source_timestamp":194359399672446,"circlet_count":0,"master_deck":["Strike_B","Strike_B","Defend_B","Defend_B","Defend_B","Defend_B","Zap","Dualcast","Redo","Conserve Battery","Apotheosis+1","FTL","Conserve Battery","Defragment+1","Electrodynamics","Auto Shields","Conserve Battery","Thunder Strike","Sweeping Beam+1","Go for the Eyes+1","Core Surge","Capacitor","White Noise","Genetic Algorithm+1","Self Repair","Amplify"],"relics":["Cracked Core","Incense Burner","Regal Pillow","Velvet Choker","Boot","Shuriken","Lantern"],"potions_floor_usage":[11,22,27,31,31,31,31,33,33],"damage_taken":[{"damage":7,"enemies":"Jaw Worm","floor":1,"turns":3},{"damage":1,"enemies":"Cultist","floor":4,"turns":3},{"damage":0,"enemies":"Small Slimes","floor":7,"turns":2},{"damage":15,"enemies":"3 Louse","floor":10,"turns":4},{"damage":12,"enemies":"Lagavulin","floor":11,"turns":6},{"damage":6,"enemies":"Red Slaver","floor":13,"turns":3},{"damage":25,"enemies":"Gremlin Gang","floor":14,"turns":3},{"damage":0,"enemies":"Hexaghost","floor":16,"turns":9},{"damage":3,"enemies":"Shell Parasite","floor":18,"turns":5},{"damage":36,"enemies":"2 Thieves","floor":19,"turns":4},{"damage":0,"enemies":"Snecko","floor":20,"turns":3},{"damage":4,"enemies":"Snake Plant","floor":22,"turns":4},{"damage":2,"enemies":"3 Cultists","floor":25,"turns":3},{"damage":28,"enemies":"Slavers","floor":27,"turns":5},{"damage":18,"enemies":"Cultist and Chosen","floor":31,"turns":6},{"damage":58,"enemies":"Champ","floor":33,"turns":8}],"seed_played":"-1606423257807617104","potions_obtained":[{"floor":4,"key":"SpeedPotion"},{"floor":10,"key":"EssenceOfSteel"},{"floor":11,"key":"FearPotion"},{"floor":16,"key":"Fire Potion"},{"floor":22,"key":"EntropicBrew"},{"floor":31,"key":"AttackPotion"}],"is_trial":false,"path_per_floor":["M","?","?","M","$","R","M","R","T","M","E","R","M","M","R","B",null,"M","M","M","?","M","R","?","M","T","E","$","$","R","M","R"],"character_chosen":"DEFECT","items_purchased":["Apotheosis","FTL","Genetic Algorithm","Self Repair","Amplify"],"campfire_rested":4,"item_purchase_floors":[5,5,28,29,29],"current_hp_per_floor":[47,47,40,39,39,39,39,61,61,46,34,34,28,3,40,40,75,72,36,36,36,32,69,55,53,53,25,25,25,64,56,56,0],"gold":58,"neow_bonus":"TWO_FIFTY_GOLD","is_prod":false,"is_daily":false,"chose_seed":false,"campfire_upgraded":3,"win_rate":0,"timestamp":1534542036,"path_taken":["M","?","?","M","$","R","?","R","T","M","E","R","?","M","R","BOSS","M","M","?","?","M","R","?","M","T","E","?","$","R","M","R","BOSS"],"build_version":"2018-08-16","purchased_purges":1,"victory":false,"max_hp_per_floor":[75,75,75,75,75,75,75,75,75,75,75,75,75,75,75,75,75,75,75,75,75,75,75,80,80,80,80,80,80,80,80,80,80],"card_choices":[{"not_picked":["Rebound","Coolheaded"],"picked":"Redo","floor":1},{"not_picked":["Capacitor","Go for the Eyes"],"picked":"Conserve Battery","floor":4},{"not_picked":["Auto Shields","Cold Snap"],"picked":"Conserve Battery","floor":7},{"not_picked":["Sweeping Beam","Turbo"],"picked":"Defragment","floor":10},{"not_picked":["Hello World","Cold Snap"],"picked":"Electrodynamics","floor":11},{"not_picked":["Sweeping Beam","Gash"],"picked":"Auto Shields","floor":13},{"not_picked":["Reinforced Body","Leap"],"picked":"Conserve Battery","floor":14},{"not_picked":["Buffer","Creative AI"],"picked":"Thunder Strike","floor":16},{"not_picked":["Coolheaded","Hologram+1"],"picked":"Sweeping Beam+1","floor":18},{"not_picked":["Cold Snap+1","Steam"],"picked":"Go for the Eyes+1","floor":19},{"not_picked":["Rebound","Streamline"],"picked":"Core Surge","floor":20},{"not_picked":["Turbo","Lockon"],"picked":"Capacitor","floor":22},{"not_picked":["Steam+1","Cold Snap+1","Hologram"],"picked":"SKIP","floor":25},{"not_picked":["Sunder","Lockon"],"picked":"White Noise","floor":27},{"not_picked":["Compile Driver+1","Barrage+1","Ball Lightning"],"picked":"SKIP","floor":31}],"player_experience":266322,"relics_obtained":[{"floor":9,"key":"Incense Burner"},{"floor":11,"key":"Regal Pillow"},{"floor":26,"key":"Shuriken"},{"floor":27,"key":"Lantern"}],"event_choices":[{"event_name":"The Woman in Blue","player_choice":"Bought 0 Potions","floor":2,"damage_taken":0},{"event_name":"Golden Wing","player_choice":"Card Removal","floor":3,"damage_taken":0},{"event_name":"Addict","player_choice":"Obtained Relic","floor":21,"damage_taken":0},{"event_name":"Forgotten Altar","player_choice":"Shed Blood","floor":24,"damage_taken":0}],"is_beta":false,"boss_relics":[{"not_picked":["Coffee Dripper","FrozenCore"],"picked":"Velvet Choker"}],"items_purged_floors":[5],"is_endless":false,"potions_floor_spawned":[4,10,11,16,22,31],"killed_by":"Champ","ascension_level":4}