{"gold_per_floor":[114,189,42,96,96,109,284,284,365,10,10,10,38,57,57,155,155,166,166,185,201,201,201,76,76,103,103,103,114,126,152,152,152],"floor_reached":33,"playtime":662,"items_purged":["Strike_R","Doubt","Strike_R"],"score":286,"play_id":"2c450b0a-1919-4125-9430-6f1c4428274a","local_time":"20190329160459","is_ascension_mode":false,"campfire_choices":[{"data":"Bash","floor":8.0,"key":"SMITH"},{"data":"Defend_R","floor":12.0,"key":"PURGE"},{"data":"Carnage","floor":15.0,"key":"SMITH"},{"data":"Strike_R","floor":23,"key":"PURGE"},{"data":"Armaments","floor":25,"key":"SMITH"},{"data":"Defend_R","floor":27,"key":"PURGE"},{"data":"Strike_R+1","floor":32,"key":"PURGE"}],"neow_cost":"NONE","seed_source_timestamp":2175116852170,"circlet_count":0,"master_deck":["Strike_R+1","Defend_R","Defend_R","Bash+1","Corruption","Carnage+1","Flex","Good Instincts","Armaments+1","Shrug It Off","Fiend Fire","Spot Weakness+1","Inflame+1","Rampage","Brutality+1"],"special_seed":0,"relics":["Burning Blood","NeowsBlessing","Happy Flower","Sundial","Oddly Smooth Stone","Peace Pipe","Orichalcum","Snecko Eye","Frozen Egg 2","Nilry\u0027s Codex","Strawberry","Pen Nib"],"potions_floor_usage":[31],"damage_taken":[{"damage":0.0,"enemies":"Jaw Worm","floor":1.0,"turns":1.0},{"damage":0.0,"enemies":"Cultist","floor":6.0,"turns":1.0},{"damage":0.0,"enemies":"3 Sentries","floor":13.0,"turns":2.0},{"damage":2.0,"enemies":"Small Slimes","floor":14.0,"turns":3.0},{"damage":18.0,"enemies":"Slime Boss","floor":16.0,"turns":11.0},{"damage":0.0,"enemies":"Spheric Guardian","floor":18.0,"turns":3.0},{"damage":3,"enemies":"Shell Parasite","floor":20,"turns":3},{"damage":4,"enemies":"Chosen and Byrds","floor":21,"turns":4},{"damage":4,"enemies":"Sentry and Sphere","floor":29,"turns":3},{"damage":5,"enemies":"Centurion and Healer","floor":30,"turns":4},{"damage":19,"enemies":"Gremlin Leader","floor":31,"turns":4},{"damage":71,"enemies":"Collector","floor":33,"turns":6}],"seed_played":"-2039990247229756553","potions_obtained":[{"floor":6.0,"key":"PowerPotion"},{"floor":21,"key":"Weak Potion"},{"floor":31,"key":"Dexterity Potion"}],"is_trial":false,"path_per_floor":["M","?","$","T","?","M","?","R","T","$","?","R","E","M","R","B",null,"M","?","M","M","?","R","$","R","T","R","$","M","M","E","R","B"],"character_chosen":"IRONCLAD","items_purchased":["Carnage","Flex","Oddly Smooth Stone","Good Instincts"],"campfire_rested":0,"item_purchase_floors":[3,10,10,10],"current_hp_per_floor":[80,72,72,72,56,62,62,62,62,62,59,59,65,69,69,57,80,80,80,80,80,64,64,64,64,71,71,71,73,74,61,61,0],"gold":152,"neow_bonus":"THREE_ENEMY_KILL","is_prod":false,"is_daily":false,"chose_seed":false,"campfire_upgraded":3,"win_rate":0,"timestamp":1553897099,"path_taken":["M","?","?","?","?","?","?","R","T","$","?","R","E","M","R","BOSS","M","?","M","?","?","R","$","R","T","R","$","M","M","E","R","BOSS"],"build_version":"2019-01-23","purchased_purges":3,"victory":false,"max_hp_per_floor":[80,80,80,80,80,80,80,80,80,80,80,80,80,80,80,80,80,80,80,80,80,80,80,80,80,87,87,87,87,87,87,87,87],"card_choices":[{"not_picked":["Clash","Evolve"],"picked":"Corruption","floor":1.0},{"not_picked":["Dual Wield","Pummel","Pommel Strike"],"picked":"SKIP","floor":6.0},{"not_picked":["Warcry","Exhume"],"picked":"Armaments","floor":13.0},{"not_picked":["Havoc","Twin Strike"],"picked":"Shrug It Off","floor":14.0},{"not_picked":["Feed","Exhume"],"picked":"Fiend Fire","floor":16.0},{"not_picked":["Thunderclap","Evolve+1","Second Wind"],"picked":"SKIP","floor":18.0},{"not_picked":["Hemokinesis","Anger"],"picked":"Spot Weakness+1","floor":20},{"not_picked":["Clash","Pommel Strike","Anger"],"picked":"SKIP","floor":21},{"not_picked":["Iron Wave","Body Slam+1"],"picked":"Inflame+1","floor":29},{"not_picked":["Shrug It Off","Reckless Charge"],"picked":"Rampage","floor":30},{"not_picked":["Hemokinesis","True Grit"],"picked":"Brutality+1","floor":31}],"player_experience":1142125,"relics_obtained":[{"floor":4.0,"key":"Happy Flower"},{"floor":9.0,"key":"Sundial"},{"floor":13.0,"key":"Orichalcum"},{"floor":22,"key":"Nilry\u0027s Codex"},{"floor":26,"key":"Strawberry"},{"floor":31,"key":"Pen Nib"}],"event_choices":[{"damage_healed":0.0,"max_hp_gain":0.0,"max_hp_loss":0.0,"gold_gain":75.0,"event_name":"FaceTrader","player_choice":"Touch","floor":2.0,"gold_loss":0.0,"damage_taken":8.0},{"damage_healed":0.0,"max_hp_gain":0.0,"max_hp_loss":0.0,"gold_gain":0.0,"event_name":"Shining Light","player_choice":"Entered Light","floor":5.0,"gold_loss":0.0,"damage_taken":16.0,"cards_upgraded":["Strike_R","Strike_R"]},{"damage_healed":0.0,"max_hp_gain":0.0,"max_hp_loss":0.0,"gold_gain":175.0,"event_name":"Liars Game","player_choice":"AGREE","floor":7.0,"gold_loss":0.0,"damage_taken":0.0,"cards_obtained":["Doubt"]},{"damage_healed":0.0,"max_hp_gain":0.0,"max_hp_loss":0.0,"gold_gain":0.0,"event_name":"Scrap Ooze","player_choice":"Success","floor":11.0,"gold_loss":0.0,"damage_taken":3.0,"relics_obtained":["Peace Pipe"]},{"damage_healed":0.0,"max_hp_gain":0.0,"max_hp_loss":0.0,"gold_gain":0.0,"event_name":"WeMeetAgain","player_choice":"Gave Potion","floor":19.0,"gold_loss":0.0,"damage_taken":0.0,"relics_obtained":["Frozen Egg 2"]},{"damage_healed":0,"gold_gain":0,"player_choice":"Obtained Book","damage_taken":16,"max_hp_gain":0,"max_hp_loss":0,"event_name":"Cursed Tome","floor":22,"gold_loss":0}],"is_beta":false,"boss_relics":[{"not_picked":["Coffee Dripper","Busted Crown"],"picked":"Snecko Eye"}],"items_purged_floors":[3,10,24],"is_endless":false,"potions_floor_spawned":[6,21,31],"killed_by":"Collector","ascension_level":0}