{"gold_per_floor":[114,28,28,39,114,114,131,131,131,131,131,146,146,164,164,259,259,276,34,44,144,144,144,164,179,203,118,136,154,154,154,154,258,258,274,293,393,393,408,408,425,440,440,456,479,479,479,504,504,504],"floor_reached":51,"playtime":2793,"items_purged":[],"score":1040,"play_id":"32d1a9f9-3a3a-49c0-9f93-df210957ea80","local_time":"20181126204924","is_ascension_mode":true,"campfire_choices":[{"data":"Bash","floor":6,"key":"SMITH"},{"data":"Panacea","floor":8,"key":"SMITH"},{"data":"Dropkick","floor":10,"key":"SMITH"},{"data":"Armaments","floor":13,"key":"SMITH"},{"data":"Pommel Strike","floor":15,"key":"SMITH"},{"data":"Flex","floor":23,"key":"SMITH"},{"floor":32,"key":"REST"},{"data":"Shockwave","floor":40,"key":"SMITH"},{"floor":46,"key":"REST"},{"data":"Panache","floor":49,"key":"SMITH"}],"neow_cost":"PERCENT_DAMAGE","seed_source_timestamp":2613637671998766,"circlet_count":0,"master_deck":["AscendersBane","Strike_R","Strike_R","Strike_R","Strike_R","Defend_R","Defend_R","Defend_R","Defend_R","Bash+1","Headbutt","Panacea+1","Dropkick+1","Shrug It Off","Armaments+1","Pommel Strike+1","Offering","Anger+1","Iron Wave","Flex+1","Rampage","Shockwave+1","Shrug It Off","Whirlwind","Cleave","Panache+1","Havoc+1","Flame Barrier","Clash+1","Twin Strike+1","Impervious"],"relics":["Burning Blood","Du-Vu Doll","Incense Burner","Turnip","Lizard Tail","Toy Ornithopter","Dead Branch","Darkstone Periapt","Bag of Marbles","Gremlin Horn","Mark of Pain","Prayer Wheel","Meat on the Bone","Happy Flower","Bronze Scales"],"potions_floor_usage":[16,21,21,33,36,42,50,50],"damage_taken":[{"damage":0,"enemies":"Small Slimes","floor":1,"turns":3},{"damage":0,"enemies":"2 Louse","floor":4,"turns":2},{"damage":1,"enemies":"Cultist","floor":7,"turns":3},{"damage":13,"enemies":"Large Slime","floor":12,"turns":4},{"damage":3,"enemies":"Exordium Wildlife","floor":14,"turns":6},{"damage":26,"enemies":"Hexaghost","floor":16,"turns":10},{"damage":21,"enemies":"Shell Parasite","floor":18,"turns":5},{"damage":21,"enemies":"2 Thieves","floor":20,"turns":3},{"damage":24,"enemies":"Colosseum Slavers","floor":21,"turns":4},{"damage":15,"enemies":"Colosseum Nobs","floor":21,"turns":6},{"damage":11,"enemies":"3 Cultists","floor":24,"turns":4},{"damage":12,"enemies":"Cultist and Chosen","floor":25,"turns":6},{"damage":6,"enemies":"Centurion and Healer","floor":28,"turns":5},{"damage":13,"enemies":"Sentry and Sphere","floor":29,"turns":4},{"damage":21,"enemies":"Collector","floor":33,"turns":4},{"damage":5,"enemies":"3 Shapes","floor":35,"turns":5},{"damage":38,"enemies":"3 Darklings","floor":36,"turns":4},{"damage":8,"enemies":"Mind Bloom Boss Battle","floor":37,"turns":5},{"damage":4,"enemies":"Sphere and 2 Shapes","floor":39,"turns":4},{"damage":8,"enemies":"Jaw Worm Horde","floor":41,"turns":2},{"damage":34,"enemies":"Transient","floor":42,"turns":5},{"damage":9,"enemies":"3 Darklings","floor":44,"turns":5},{"damage":27,"enemies":"Nemesis","floor":48,"turns":5},{"damage":80,"enemies":"Donu and Deca","floor":50,"turns":8}],"seed_played":"-927339741860382492","potions_obtained":[{"floor":1,"key":"Block Potion"},{"floor":12,"key":"FairyPotion"},{"floor":14,"key":"SkillPotion"},{"floor":18,"key":"SpeedPotion"},{"floor":20,"key":"SteroidPotion"},{"floor":24,"key":"Poison Potion"},{"floor":25,"key":"FearPotion"},{"floor":35,"key":"Strength Potion"},{"floor":36,"key":"SpeedPotion"},{"floor":41,"key":"PowerPotion"},{"floor":44,"key":"Strength Potion"}],"is_trial":false,"path_per_floor":["M","$","?","M","?","R","M","R","T","R","?","M","R","M","R","B",null,"M","$","M","?","?","R","M","M","T","?","M","M","?","?","R","B",null,"M","M","?","?","M","R","M","M","T","M","T","R","?","E","R","B",null],"character_chosen":"IRONCLAD","items_purchased":["Panacea","Iron Wave","Toy Ornithopter"],"campfire_rested":2,"item_purchase_floors":[2,19,19],"current_hp_per_floor":[57,57,50,56,45,45,50,50,50,50,50,43,43,46,46,26,67,52,52,37,20,46,46,41,35,35,35,35,28,13,13,38,28,71,72,45,43,43,45,45,43,20,20,29,29,54,54,45,45,37],"gold":504,"neow_bonus":"ONE_RARE_RELIC","is_prod":false,"is_daily":false,"chose_seed":false,"campfire_upgraded":8,"win_rate":0,"timestamp":1543265364,"path_taken":["M","$","?","M","?","R","M","R","T","R","?","?","R","M","R","BOSS","M","$","M","?","?","R","M","M","T","?","?","M","?","?","R","BOSS","M","M","?","?","M","R","M","M","T","?","?","R","?","E","R","BOSS"],"build_version":"2018-11-15","purchased_purges":0,"victory":true,"max_hp_per_floor":[80,80,80,80,80,80,80,80,80,80,80,80,80,80,80,80,80,80,80,80,80,80,80,80,80,80,80,80,80,85,85,85,85,85,85,85,85,85,85,85,85,85,85,85,85,85,85,85,85,85],"card_choices":[{"not_picked":["Reckless Charge","Clash"],"picked":"Headbutt","floor":1},{"not_picked":["Sever Soul","Combust"],"picked":"Dropkick","floor":4},{"not_picked":["Thunderclap","Searing Blow"],"picked":"Shrug It Off","floor":7},{"not_picked":["Heavy Blade","Battle Trance"],"picked":"Armaments","floor":12},{"not_picked":["Warcry","Clothesline"],"picked":"Pommel Strike","floor":14},{"not_picked":["Brutality","Demon Form"],"picked":"Offering","floor":16},{"not_picked":["Perfected Strike","Sever Soul"],"picked":"Anger+1","floor":18},{"not_picked":["Armaments","Anger","Clash"],"picked":"SKIP","floor":20},{"not_picked":["Body Slam","Pommel Strike"],"picked":"Flex","floor":21},{"not_picked":["Anger","Dual Wield"],"picked":"Rampage","floor":24},{"not_picked":["Inflame+1","Armaments"],"picked":"Shockwave","floor":25},{"not_picked":["Exhume","Havoc+1"],"picked":"Shrug It Off","floor":28},{"not_picked":["Sword Boomerang","Iron Wave"],"picked":"Whirlwind","floor":29},{"not_picked":["Flex","Disarm"],"picked":"Cleave","floor":35},{"not_picked":["Armaments","Havoc","Flex"],"picked":"SKIP","floor":36},{"not_picked":["Flash of Steel","Bandage Up"],"picked":"Panache","floor":38},{"not_picked":["Blood for Blood","Sentinel"],"picked":"Havoc+1","floor":39},{"not_picked":["Clash","Havoc","Clothesline"],"picked":"SKIP","floor":39},{"not_picked":["Flex","Disarm"],"picked":"Flame Barrier","floor":41},{"not_picked":["Intimidate","Anger","Iron Wave"],"picked":"SKIP","floor":41},{"not_picked":["Clash","Headbutt","Combust"],"picked":"SKIP","floor":42},{"not_picked":["Clash+1","Anger","Flex"],"picked":"SKIP","floor":42},{"not_picked":["Anger","Flex"],"picked":"Clash+1","floor":42},{"not_picked":["Clash","Headbutt","Combust"],"picked":"SKIP","floor":42},{"not_picked":["Flex","Shrug It Off"],"picked":"Twin Strike+1","floor":44},{"not_picked":["Body Slam","True Grit","Carnage"],"picked":"SKIP","floor":44},{"not_picked":["Entrench","Disarm"],"picked":"Impervious","floor":48}],"player_experience":516348,"relics_obtained":[{"floor":9,"key":"Incense Burner"},{"floor":21,"key":"Dead Branch"},{"floor":21,"key":"Darkstone Periapt"},{"floor":26,"key":"Bag of Marbles"},{"floor":37,"key":"Prayer Wheel"},{"floor":43,"key":"Meat on the Bone"},{"floor":45,"key":"Happy Flower"},{"floor":48,"key":"Bronze Scales"}],"event_choices":[{"cards_removed":["Strike_R"],"damage_healed":0,"gold_gain":0,"player_choice":"Card Removal","damage_taken":7,"max_hp_gain":0,"max_hp_loss":0,"event_name":"Golden Wing","floor":3,"gold_loss":0},{"damage_healed":0,"gold_gain":75,"player_choice":"Gather Gold","damage_taken":11,"max_hp_gain":0,"max_hp_loss":0,"event_name":"World of Goop","floor":5,"gold_loss":0},{"damage_healed":0,"gold_gain":0,"player_choice":"Gave Potion","damage_taken":0,"relics_obtained":["Turnip"],"max_hp_gain":0,"max_hp_loss":0,"event_name":"WeMeetAgain","floor":11,"gold_loss":0},{"damage_healed":0,"gold_gain":0,"player_choice":"Fight","damage_taken":0,"max_hp_gain":0,"max_hp_loss":0,"event_name":"Colosseum","floor":21,"gold_loss":0},{"damage_healed":0,"gold_gain":0,"player_choice":"Fought Nobs","damage_taken":0,"max_hp_gain":0,"max_hp_loss":0,"event_name":"Colosseum","floor":21,"gold_loss":0},{"damage_healed":26,"gold_gain":0,"player_choice":"Heal","damage_taken":0,"max_hp_gain":0,"max_hp_loss":0,"event_name":"The Library","floor":22,"gold_loss":0},{"damage_healed":0,"gold_gain":0,"player_choice":"Obtained Relic","damage_taken":0,"relics_obtained":["Gremlin Horn"],"max_hp_gain":0,"max_hp_loss":0,"event_name":"Addict","floor":27,"gold_loss":85},{"damage_healed":0,"gold_gain":0,"player_choice":"Shed Blood","damage_taken":20,"max_hp_gain":5,"max_hp_loss":0,"event_name":"Forgotten Altar","floor":30,"gold_loss":0},{"damage_healed":0,"gold_gain":0,"player_choice":"Bought 0 Potions","damage_taken":0,"max_hp_gain":0,"max_hp_loss":0,"event_name":"The Woman in Blue","floor":31,"gold_loss":0},{"damage_healed":0,"gold_gain":0,"player_choice":"Fight","damage_taken":0,"max_hp_gain":0,"max_hp_loss":0,"event_name":"MindBloom","floor":37,"gold_loss":0},{"damage_healed":0,"gold_gain":0,"player_choice":"Memory 1","damage_taken":0,"max_hp_gain":0,"max_hp_loss":0,"event_name":"SensoryStone","floor":38,"gold_loss":0},{"damage_healed":0,"gold_gain":0,"player_choice":"Ignored","damage_taken":0,"max_hp_gain":0,"max_hp_loss":0,"event_name":"Mysterious Sphere","floor":47,"gold_loss":0}],"is_beta":false,"boss_relics":[{"not_picked":["Runic Dome","Pandora\u0027s Box"],"picked":"Lizard Tail"},{"not_picked":["Philosopher\u0027s Stone","Snecko Eye"],"picked":"Mark of Pain"}],"items_purged_floors":[],"is_endless":false,"potions_floor_spawned":[1,12,14,18,20,24,25,28,35,36,41,44],"ascension_level":12}