{"gold_per_floor":[109,109,123,298,32,59,59,85,138,153,168,199,149,99,99,204,204,222,241,115,129,146,146,245,245,245,273,288,288,319,336,336,441,441,453,472,495,495,522,534,580,612,624,663,675,256,256,272,272,272,272,272,35,70,70],"floor_reached":56,"playtime":4996,"items_purged":["Doubt","Defend_B","Strike_B","Decay","Clumsy"],"score":1458,"play_id":"9927e182-f70e-48cf-a6bc-c8afbdd64312","local_time":"20190330232412","is_ascension_mode":true,"campfire_choices":[{"data":"Dualcast","floor":7,"key":"SMITH"},{"data":"Defragment","floor":15,"key":"SMITH"},{"data":"Consume","floor":23,"key":"SMITH"},{"data":"Creative AI","floor":25,"key":"SMITH"},{"floor":32,"key":"REST"},{"data":"Echo Form","floor":40,"key":"SMITH"},{"floor":45,"key":"RECALL"},{"data":"Buffer","floor":47,"key":"SMITH"},{"data":"Capacitor","floor":49,"key":"SMITH"},{"data":"Fusion","floor":52,"key":"SMITH"}],"neow_cost":"NONE","seed_source_timestamp":37732620677018,"circlet_count":0,"master_deck":["Strike_B","Strike_B","Defend_B","Defend_B","Defend_B","Zap+1","Dualcast+1","Ball Lightning","Go for the Eyes","Glacier","Fusion+1","Leap","Defragment+1","Hello World","Creative AI+1","Ball Lightning","Capacitor+1","Self Repair","Storm","Consume+1","Electrodynamics","Conserve Battery+1","Leap+1","Seek+1","Amplify+1","Leap+1","Echo Form+1","Leap+1","Turbo+1","Buffer+1","Steam+1","Chaos+1","Double Energy+1"],"relics":["Cracked Core","Vajra","Runic Capacitor","Nunchaku","Anchor","Blood Vial","Smiling Mask","Cursed Key","Toxic Egg 2","Regal Pillow","Happy Flower","Nuclear Battery","Bag of Preparation","MawBank","Meat on the Bone","Sundial","DataDisk","Lantern","Pear"],"potions_floor_usage":[33,41,54,55,55],"damage_taken":[{"damage":0,"enemies":"Small Slimes","floor":1,"turns":2},{"damage":0,"enemies":"2 Louse","floor":3,"turns":2},{"damage":15,"enemies":"Lagavulin","floor":6,"turns":5},{"damage":15,"enemies":"3 Sentries","floor":8,"turns":7},{"damage":0,"enemies":"Jaw Worm","floor":10,"turns":1},{"damage":0,"enemies":"Large Slime","floor":11,"turns":4},{"damage":9,"enemies":"Lagavulin","floor":12,"turns":9},{"damage":25,"enemies":"Slime Boss","floor":16,"turns":7},{"damage":4,"enemies":"Spheric Guardian","floor":18,"turns":4},{"damage":7,"enemies":"3 Byrds","floor":19,"turns":4},{"damage":11,"enemies":"Shelled Parasite and Fungi","floor":21,"turns":7},{"damage":9,"enemies":"3 Cultists","floor":22,"turns":4},{"damage":38,"enemies":"Book of Stabbing","floor":27,"turns":5},{"damage":9,"enemies":"Snecko","floor":28,"turns":5},{"damage":2,"enemies":"Slavers","floor":30,"turns":3},{"damage":0,"enemies":"Chosen and Byrds","floor":31,"turns":5},{"damage":17,"enemies":"Collector","floor":33,"turns":6},{"damage":8,"enemies":"3 Shapes","floor":35,"turns":2},{"damage":0,"enemies":"Orb Walker","floor":36,"turns":3},{"damage":20,"enemies":"Jaw Worm Horde","floor":39,"turns":5},{"damage":33,"enemies":"Nemesis","floor":41,"turns":5},{"damage":16,"enemies":"Spire Growth","floor":42,"turns":5},{"damage":2,"enemies":"Reptomancer","floor":44,"turns":5},{"damage":0,"enemies":"Transient","floor":48,"turns":5},{"damage":2,"enemies":"Donu and Deca","floor":50,"turns":5},{"damage":0,"enemies":"Shield and Spear","floor":54,"turns":2},{"damage":41,"enemies":"The Heart","floor":55,"turns":8}],"seed_played":"-1936245359753878106","potions_obtained":[{"floor":8,"key":"Poison Potion"},{"floor":11,"key":"EssenceOfSteel"},{"floor":12,"key":"Dexterity Potion"},{"floor":16,"key":"SpeedPotion"},{"floor":19,"key":"Dexterity Potion"},{"floor":36,"key":"Weak Potion"},{"floor":42,"key":"Explosive Potion"}],"is_trial":false,"path_per_floor":["M","?","M","?","$","E","R","E","T","M","M","E","?","$","R","B",null,"M","M","$","M","M","R","?","R","T","E","M","?","E","M","R","B",null,"M","M","T","?","M","R","E","M","T","E","R","$","R","M","R","B",null,"R","$","E","B",null],"character_chosen":"DEFECT","items_purchased":["Runic Capacitor","Self Repair","DataDisk","Buffer","SkillPotion","Steam+1","Chaos+1","Lantern"],"campfire_rested":1,"item_purchase_floors":[5,20,46,46,46,46,53,53],"current_hp_per_floor":[75,68,68,68,68,53,53,38,38,40,42,35,35,35,35,12,75,71,66,66,64,64,64,64,64,64,35,28,28,28,37,74,65,75,74,75,75,75,62,62,31,43,43,57,57,57,57,66,66,66,75,75,75,85,51],"gold":70,"neow_bonus":"UPGRADE_CARD","is_prod":false,"is_daily":false,"chose_seed":false,"campfire_upgraded":8,"win_rate":0,"timestamp":1553984652,"path_taken":["M","?","M","?","?","E","R","E","T","M","M","E","?","?","R","BOSS","M","M","$","?","M","R","?","R","T","E","M","?","E","M","R","BOSS","M","M","?","?","M","R","E","M","T","E","R","$","R","M","R","BOSS","R","$","E","BOSS"],"build_version":"2019-01-23","purchased_purges":5,"victory":true,"max_hp_per_floor":[75,75,75,75,75,75,75,75,75,75,75,75,75,75,75,75,75,75,75,75,75,75,75,75,75,75,75,75,75,75,75,75,75,75,75,75,75,75,75,75,75,75,75,75,75,75,75,75,75,75,75,75,75,85,85],"card_choices":[{"not_picked":["Sweeping Beam","Undo"],"picked":"Ball Lightning","floor":1},{"not_picked":["Skim","Cold Snap"],"picked":"Go for the Eyes","floor":3},{"not_picked":["Leap","Aggregate"],"picked":"Glacier","floor":6},{"not_picked":["Cold Snap","Storm"],"picked":"Fusion","floor":8},{"not_picked":["Redo","Ball Lightning"],"picked":"Leap","floor":10},{"not_picked":["Sweeping Beam","Storm"],"picked":"Defragment","floor":11},{"not_picked":["Multi-Cast","Cold Snap"],"picked":"Hello World","floor":12},{"not_picked":["Buffer","Seek"],"picked":"Creative AI","floor":16},{"not_picked":["Rip and Tear","Stack"],"picked":"Ball Lightning","floor":18},{"not_picked":["BootSequence","Force Field"],"picked":"Capacitor","floor":19},{"not_picked":["Steam","Ball Lightning"],"picked":"Storm","floor":21},{"not_picked":["Streamline","Glacier"],"picked":"Consume","floor":22},{"not_picked":["Defragment","Leap+1"],"picked":"Electrodynamics","floor":27},{"not_picked":["FTL+1","Doom and Gloom"],"picked":"Conserve Battery+1","floor":28},{"not_picked":["Defragment","Coolheaded+1"],"picked":"Leap+1","floor":30},{"not_picked":["Darkness+1","Blizzard+1"],"picked":"Seek+1","floor":31},{"not_picked":["Creative AI","Hyperbeam"],"picked":"Amplify+1","floor":33},{"not_picked":["Blizzard","Stack+1","Hello World+1"],"picked":"SKIP","floor":35},{"not_picked":["Ball Lightning","Streamline"],"picked":"Leap+1","floor":36},{"not_picked":["Turbo+1","Beam Cell+1"],"picked":"Echo Form","floor":39},{"not_picked":["Reinforced Body+1","Sweeping Beam+1"],"picked":"Leap+1","floor":41},{"not_picked":["FTL+1","Rip and Tear","Sunder+1"],"picked":"SKIP","floor":42},{"not_picked":["Rebound","Reprogram+1"],"picked":"Turbo+1","floor":44},{"not_picked":["Redo+1","Rainbow+1","Stack+1"],"picked":"SKIP","floor":48},{"not_picked":["Glacier+1","Steam+1"],"picked":"Double Energy+1","floor":54}],"player_experience":155764,"relics_obtained":[{"floor":6,"key":"Nunchaku"},{"floor":8,"key":"Anchor"},{"floor":9,"key":"Blood Vial"},{"floor":12,"key":"Smiling Mask"},{"floor":26,"key":"Toxic Egg 2"},{"floor":27,"key":"Regal Pillow"},{"floor":30,"key":"Happy Flower"},{"floor":37,"key":"Bag of Preparation"},{"floor":41,"key":"Meat on the Bone"},{"floor":44,"key":"Sundial"},{"floor":54,"key":"Pear"}],"event_choices":[{"damage_healed":0,"gold_gain":0,"player_choice":"Success","damage_taken":7,"relics_obtained":["Vajra"],"max_hp_gain":0,"max_hp_loss":0,"event_name":"Scrap Ooze","floor":2,"gold_loss":0},{"damage_healed":0,"gold_gain":175,"player_choice":"AGREE","damage_taken":0,"max_hp_gain":0,"max_hp_loss":0,"event_name":"Liars Game","floor":4,"gold_loss":0,"cards_obtained":["Doubt"]},{"cards_removed":["Strike_B"],"damage_healed":0,"gold_gain":0,"player_choice":"Card Removal","damage_taken":0,"max_hp_gain":0,"max_hp_loss":0,"event_name":"The Cleric","floor":13,"gold_loss":50},{"damage_healed":0,"gold_gain":99,"player_choice":"Stole From Cult","damage_taken":0,"max_hp_gain":0,"max_hp_loss":0,"event_name":"Nest","floor":24,"gold_loss":0},{"cards_removed":["Regret"],"damage_healed":0,"gold_gain":0,"player_choice":"Removed Curses","damage_taken":0,"max_hp_gain":0,"max_hp_loss":0,"event_name":"Fountain of Cleansing","floor":29,"gold_loss":0},{"damage_healed":0,"gold_gain":0,"player_choice":"Gave Potion","damage_taken":0,"relics_obtained":["MawBank"],"max_hp_gain":0,"max_hp_loss":0,"event_name":"WeMeetAgain","floor":38,"gold_loss":0}],"is_beta":false,"boss_relics":[{"not_picked":["White Beast Statue","Tiny House"],"picked":"Cursed Key"},{"not_picked":["Philosopher\u0027s Stone","Fusion Hammer"],"picked":"Nuclear Battery"}],"items_purged_floors":[5,14,20,46,53],"is_endless":false,"potions_floor_spawned":[8,11,12,16,18,19,27,31,36,42,48],"ascension_level":4}