{"gold_per_floor":[119,119,134,4,4,4,14,39,39,49,78,78,98,108,108,209,209,223,148,148,29,44,44,71,71,98,118,138,153,153,181,181,280,280,300,300,21,31,0,26,77,130,130,130,130,102,112,126,126,126,126,126,4,32,32],"floor_reached":55,"playtime":4467,"items_purged":["Shame"],"score":695,"play_id":"c48476f1-05ae-4b2b-b7c6-c20c83af3834","local_time":"20190329160908","is_ascension_mode":false,"campfire_choices":[{"data":"Whirlwind","floor":6,"key":"SMITH"},{"data":"Armaments","floor":12,"key":"SMITH"},{"data":"Battle Trance","floor":15,"key":"SMITH"},{"data":"Inflame","floor":23,"key":"SMITH"},{"data":"Bloodletting","floor":25,"key":"SMITH"},{"data":"Shrug It Off","floor":32,"key":"SMITH"},{"floor":44,"key":"RECALL"},{"floor":49,"key":"REST"},{"floor":52,"key":"REST"}],"neow_cost":"NONE","seed_source_timestamp":17041039848562,"circlet_count":0,"master_deck":["Strike_R","Strike_R","Strike_R","Defend_R","Defend_R","Defend_R","Bash","Perfected Strike","Whirlwind+1","Battle Trance+1","Reaper","Twin Strike","Shrug It Off+1","Metallicize","Armaments+1","Bloodletting+1","Impervious","Perfected Strike","Impervious","Shrug It Off","Metallicize","Inflame+1","True Grit+1","Perfected Strike","Berserk","Sentinel+1","Bandage Up","Bandage Up","Uppercut+1","Headbutt+1","Dual Wield","Twin Strike","Clothesline+1"],"relics":["Burning Blood","NeowsBlessing","Mango","Pocketwatch","Oddly Smooth Stone","Velvet Choker","The Courier","Ornamental Fan","Bag of Preparation","Bronze Scales","Fusion Hammer","ClockworkSouvenir","Pen Nib","Red Mask","Orichalcum","Juzu Bracelet","Magic Flower","Vajra","FossilizedHelix"],"potions_floor_usage":[31,54,55,55,55],"damage_taken":[{"damage":0,"enemies":"Small Slimes","floor":1,"turns":1},{"damage":0,"enemies":"2 Louse","floor":3,"turns":1},{"damage":0,"enemies":"Cultist","floor":7,"turns":1},{"damage":27,"enemies":"Gremlin Nob","floor":8,"turns":4},{"damage":9,"enemies":"Looter","floor":10,"turns":3},{"damage":22,"enemies":"3 Sentries","floor":11,"turns":4},{"damage":0,"enemies":"3 Louse","floor":13,"turns":3},{"damage":3,"enemies":"Blue Slaver","floor":14,"turns":3},{"damage":7,"enemies":"Slime Boss","floor":16,"turns":8},{"damage":1,"enemies":"2 Thieves","floor":18,"turns":3},{"damage":4,"enemies":"Chosen","floor":22,"turns":5},{"damage":12,"enemies":"Book of Stabbing","floor":24,"turns":7},{"damage":12,"enemies":"3 Cultists","floor":27,"turns":5},{"damage":0,"enemies":"Snecko","floor":28,"turns":5},{"damage":0,"enemies":"Snake Plant","floor":29,"turns":5},{"damage":11,"enemies":"Slavers","floor":31,"turns":7},{"damage":71,"enemies":"Automaton","floor":33,"turns":11},{"damage":20,"enemies":"Orb Walker","floor":35,"turns":3},{"damage":0,"enemies":"3 Darklings","floor":38,"turns":5},{"damage":29,"enemies":"Reptomancer","floor":40,"turns":5},{"damage":24,"enemies":"2 Orb Walkers","floor":42,"turns":6},{"damage":12,"enemies":"Transient","floor":47,"turns":5},{"damage":8,"enemies":"Jaw Worm Horde","floor":48,"turns":2},{"damage":77,"enemies":"Time Eater","floor":50,"turns":8},{"damage":46,"enemies":"Shield and Spear","floor":54,"turns":8},{"damage":111,"enemies":"The Heart","floor":55,"turns":9}],"seed_played":"2956685521392139065","potions_obtained":[{"floor":7,"key":"Swift Potion"},{"floor":8,"key":"SteroidPotion"},{"floor":11,"key":"Ancient Potion"},{"floor":13,"key":"Block Potion"},{"floor":22,"key":"Energy Potion"},{"floor":31,"key":"Explosive Potion"},{"floor":35,"key":"Strength Potion"},{"floor":54,"key":"EssenceOfSteel"}],"is_trial":false,"path_per_floor":["M","?","M","$","?","R","M","E","T","M","E","R","M","M","R","B",null,"M","?","?","$","M","R","E","R","T","M","M","M","?","E","R","B",null,"M","?","$","M","?","E","T","?","T","R","?","$","M","M","R","B",null,"R","$","E","B"],"character_chosen":"IRONCLAD","items_purchased":["Reaper","Twin Strike","Metallicize","ClockworkSouvenir","Pen Nib","Dual Wield","Vajra"],"campfire_rested":2,"item_purchase_floors":[4,4,21,37,37,46,53],"current_hp_per_floor":[80,80,80,80,80,80,80,73,73,70,69,69,80,83,83,82,94,94,94,94,94,94,94,88,88,88,91,94,94,75,94,94,37,99,91,81,81,99,99,99,99,99,99,99,94,94,91,92,94,64,94,94,94,94,0],"gold":32,"neow_bonus":"THREE_ENEMY_KILL","is_prod":false,"is_daily":false,"chose_seed":false,"campfire_upgraded":6,"win_rate":0,"timestamp":1553872148,"path_taken":["M","?","M","$","?","R","M","E","T","M","E","R","?","M","R","BOSS","M","?","?","$","M","R","E","R","T","M","M","M","?","E","R","BOSS","M","?","$","M","?","E","?","?","T","R","?","$","M","M","R","BOSS","R","$","E","BOSS"],"build_version":"2019-01-23","purchased_purges":1,"victory":false,"max_hp_per_floor":[80,80,80,80,80,80,80,94,94,94,94,94,94,94,94,94,94,94,94,94,94,94,94,94,94,94,94,94,94,99,99,99,99,99,99,99,99,99,99,99,99,99,99,99,94,94,94,94,94,94,94,94,94,94,94],"card_choices":[{"not_picked":["Clash","Sword Boomerang"],"picked":"Perfected Strike","floor":1},{"not_picked":["Rampage","Sword Boomerang"],"picked":"Battle Trance","floor":3},{"not_picked":["Iron Wave","Perfected Strike"],"picked":"Shrug It Off","floor":7},{"not_picked":["Hemokinesis","Reckless Charge"],"picked":"Metallicize","floor":8},{"not_picked":["Sword Boomerang","Clothesline"],"picked":"Armaments","floor":10},{"not_picked":["Heavy Blade","Wild Strike"],"picked":"Bloodletting","floor":11},{"not_picked":["Intimidate","Thunderclap"],"picked":"Impervious","floor":13},{"not_picked":["Wild Strike","Thunderclap"],"picked":"Perfected Strike","floor":14},{"not_picked":["Barricade","Exhume"],"picked":"Impervious","floor":16},{"not_picked":["Sword Boomerang","Sentinel+1"],"picked":"Shrug It Off","floor":18},{"not_picked":["Twin Strike","Armaments+1"],"picked":"Inflame","floor":22},{"not_picked":["Thunderclap","Wild Strike","Armaments"],"picked":"SKIP","floor":24},{"not_picked":["Thunderclap","Sentinel+1"],"picked":"True Grit+1","floor":27},{"not_picked":["Twin Strike","Flame Barrier"],"picked":"Perfected Strike","floor":28},{"not_picked":["Dropkick","Entrench","Iron Wave"],"picked":"SKIP","floor":29},{"not_picked":["Thunderclap+1","Fire Breathing","Evolve+1"],"picked":"SKIP","floor":31},{"not_picked":["Juggernaut","Barricade"],"picked":"Berserk","floor":33},{"not_picked":["Clothesline","Body Slam"],"picked":"Sentinel+1","floor":35},{"not_picked":["Thinking Ahead","Swift Strike"],"picked":"Bandage Up","floor":36},{"not_picked":["Madness","Mind Blast"],"picked":"Bandage Up","floor":36},{"not_picked":["Pummel+1","Anger","Searing Blow"],"picked":"SKIP","floor":38},{"not_picked":["Hemokinesis+1","Iron Wave+1"],"picked":"Uppercut+1","floor":40},{"not_picked":["Hemokinesis+1","Seeing Red+1"],"picked":"Headbutt+1","floor":42},{"not_picked":["Uppercut","Feel No Pain+1","Flex"],"picked":"SKIP","floor":47},{"not_picked":["Entrench","Corruption+1"],"picked":"Twin Strike","floor":48},{"not_picked":["Limit Break","Berserk"],"picked":"Clothesline+1","floor":54}],"player_experience":120648,"relics_obtained":[{"floor":8,"key":"Mango"},{"floor":9,"key":"Pocketwatch"},{"floor":11,"key":"Oddly Smooth Stone"},{"floor":24,"key":"Ornamental Fan"},{"floor":26,"key":"Bag of Preparation"},{"floor":31,"key":"Bronze Scales"},{"floor":40,"key":"Orichalcum"},{"floor":41,"key":"Juzu Bracelet"},{"floor":42,"key":"Magic Flower"},{"floor":54,"key":"FossilizedHelix"}],"event_choices":[{"damage_healed":0,"gold_gain":0,"cards_transformed":["Strike_R"],"player_choice":"Change","damage_taken":0,"max_hp_gain":0,"max_hp_loss":0,"event_name":"Living Wall","floor":2,"gold_loss":0,"cards_obtained":["Whirlwind"]},{"cards_removed":["Defend_R"],"damage_healed":0,"gold_gain":0,"player_choice":"Offered Basic","damage_taken":0,"max_hp_gain":0,"max_hp_loss":0,"event_name":"Bonfire Elementals","floor":5,"gold_loss":0},{"cards_removed":["Strike_R"],"damage_healed":0,"gold_gain":0,"player_choice":"Gave Gold","damage_taken":0,"max_hp_gain":0,"max_hp_loss":0,"event_name":"Beggar","floor":19,"gold_loss":75},{"damage_healed":0,"gold_gain":0,"player_choice":"Stole Relic","damage_taken":0,"relics_obtained":["The Courier"],"max_hp_gain":0,"max_hp_loss":0,"event_name":"Addict","floor":20,"gold_loss":0,"cards_obtained":["Shame"]},{"damage_healed":0,"gold_gain":0,"player_choice":"Shed Blood","damage_taken":24,"max_hp_gain":5,"max_hp_loss":0,"event_name":"Forgotten Altar","floor":30,"gold_loss":0},{"damage_healed":0,"gold_gain":0,"player_choice":"Memory 3","damage_taken":10,"max_hp_gain":0,"max_hp_loss":0,"event_name":"SensoryStone","floor":36,"gold_loss":0},{"damage_healed":0,"gold_gain":0,"player_choice":"Paid","damage_taken":0,"relics_obtained":["Red Mask"],"max_hp_gain":0,"max_hp_loss":0,"event_name":"Tomb of Lord Red Mask","floor":39,"gold_loss":31},{"damage_healed":0,"gold_gain":0,"player_choice":"Fight","damage_taken":0,"max_hp_gain":0,"max_hp_loss":0,"event_name":"Mysterious Sphere","floor":42,"gold_loss":0},{"damage_healed":0,"gold_gain":0,"player_choice":"Max HP","damage_taken":0,"max_hp_gain":0,"max_hp_loss":5,"event_name":"Winding Halls","floor":45,"gold_loss":0}],"is_beta":false,"boss_relics":[{"not_picked":["Orrery","Coffee Dripper"],"picked":"Velvet Choker"},{"not_picked":["Eternal Feather","Pandora\u0027s Box"],"picked":"Fusion Hammer"}],"items_purged_floors":[21],"is_endless":false,"potions_floor_spawned":[7,8,11,13,16,18,22,24,31,35,40,54],"killed_by":"The Heart","ascension_level":0}