{"path_per_floor":["M","M","?","M","?","E","M","R","T","$","M","E","M","M","R","B",null,"M","M","M","?","$","R","E","?","T","M","M","T","R","M","R"],"character_chosen":"IRONCLAD","items_purchased":["Whetstone","Armaments","Mummified Hand"],"gold_per_floor":[116,133,133,149,149,207,223,223,223,44,60,94,109,120,120,217,217,235,253,265,365,29,29,57,57,83,99,110,184,184,200,200],"floor_reached":33,"campfire_rested":0,"playtime":2444,"current_hp_per_floor":[80,80,73,76,76,71,77,77,77,77,71,54,51,48,48,28,87,87,87,83,83,83,83,51,51,51,51,50,50,50,47,47],"items_purged":["Normality"],"gold":200,"score":281,"play_id":"4c8733ba-433c-4f65-90f5-b92c46e58d1d","is_prod":false,"is_daily":false,"is_ascension_mode":false,"campfire_upgraded":2,"path_taken":["M","M","?","M","?","E","M","R","T","$","M","E","M","M","R","BOSS","M","M","M","?","$","R","E","?","T","?","M","?","R","M","R","BOSS"],"build_version":"2018-02-08-PROD1","purchased_purges":1,"victory":false,"master_deck":["Strike_R","Strike_R","Strike_R+1","Defend_R","Defend_R","Defend_R","Bash+1","Hemokinesis","Rampage","Heavy Blade","Clothesline","Shockwave+1","Armaments","Pommel Strike","Inflame","Disarm","Shrug It Off","Double Tap","Dual Wield+1","Inflame","Shrug It Off","Metallicize","Offering","Seeing Red+1","Rupture"],"max_hp_per_floor":[80,80,80,80,80,80,80,80,80,80,80,80,80,80,80,80,87,87,87,87,87,87,84,84,84,84,84,84,84,81,81,81],"relics":["Burning Blood","Tiny Chest","Peace Pipe","Whetstone","Charon\u0027s Ashes","Calling Bell","Strawberry","Toolbox","Orichalcum","Mummified Hand","Shuriken","Regal Pillow","Gremlin Horn"],"card_choices":[{"not_picked":["Blood for Blood","Iron Wave"],"picked":"Hemokinesis"},{"not_picked":["Evolve","Wild Strike"],"picked":"Rampage"},{"not_picked":["Dropkick","Pommel Strike"],"picked":"Heavy Blade"},{"not_picked":["Whirlwind","Thunderclap"],"picked":"Clothesline"},{"not_picked":["Clash","Twin Strike"],"picked":"Shockwave"},{"not_picked":["Second Wind","Hemokinesis"],"picked":"Pommel Strike"},{"not_picked":["Thunderclap","Havoc"],"picked":"Inflame"},{"not_picked":["Flex","Bludgeon"],"picked":"Disarm"},{"not_picked":["Anger","Flex"],"picked":"Shrug It Off"},{"not_picked":["Impervious","Immolate"],"picked":"Double Tap"},{"not_picked":["Wild Strike","Heavy Blade"],"picked":"Dual Wield"},{"not_picked":["Power Through","Thunderclap"],"picked":"Inflame"},{"not_picked":["Inflame","Whirlwind"],"picked":"Shrug It Off"},{"not_picked":["Clothesline","Combust"],"picked":"Metallicize"},{"not_picked":["Havoc","Thunderclap"],"picked":"Seeing Red"},{"not_picked":["Clash","Flex"],"picked":"Rupture"}],"player_experience":102448,"potions_floor_usage":[6,6,16,24,24,24,33,33],"damage_taken":[{"damage":3,"enemies":"Small Slimes","floor":1,"turns":3},{"damage":2,"enemies":"2 Louse","floor":2,"turns":3},{"damage":3,"enemies":"Cultist","floor":4,"turns":2},{"damage":11,"enemies":"3 Sentries","floor":6,"turns":4},{"damage":0,"enemies":"Large Slime","floor":7,"turns":4},{"damage":12,"enemies":"Exordium Thugs","floor":11,"turns":4},{"damage":23,"enemies":"Gremlin Nob","floor":12,"turns":4},{"damage":9,"enemies":"Red Slaver","floor":13,"turns":3},{"damage":9,"enemies":"Looter","floor":14,"turns":3},{"damage":26,"enemies":"Hexaghost","floor":16,"turns":9},{"damage":2,"enemies":"Shell Parasite","floor":18,"turns":5},{"damage":4,"enemies":"3 Byrds","floor":19,"turns":7},{"damage":10,"enemies":"Centurion and Healer","floor":20,"turns":8},{"damage":38,"enemies":"Slavers","floor":24,"turns":6},{"damage":6,"enemies":"Snake Plant","floor":27,"turns":4},{"damage":7,"enemies":"Cultist and Chosen","floor":28,"turns":6},{"damage":9,"enemies":"Centurion and Healer","floor":31,"turns":5},{"damage":84,"enemies":"Collector","floor":33,"turns":7}],"event_choices":[{"event_name":"Golden Wing","player_choice":"Card Removal","floor":3,"damage_taken":0},{"event_name":"The Lab","player_choice":"Got Potions","floor":5,"damage_taken":0},{"event_name":"Golden Shrine","player_choice":"Pray","floor":21,"damage_taken":0},{"event_name":"The Library","player_choice":"Read","floor":25,"damage_taken":0}],"boss_relics":[{"not_picked":["Eternal Feather","White Beast Statue"],"picked":"Calling Bell"}],"potions_floor_spawned":[1,2,7,11,14,19,20,27,31],"seed_played":"9154916657502390983","killed_by":"Collector","ascension_level":0,"is_trial":false}