{"path_per_floor":["M","M","$","M","?","R","?","M","T","R","?","M","?","M","R","B",null,"M","M","$","?","?","R"],"character_chosen":"THE_SILENT","items_purchased":["Footwork","Regal Pillow"],"gold_per_floor":[118,130,50,67,17,17,17,30,78,78,78,89,189,209,209,311,311,323,263,32,32,32,32],"floor_reached":24,"campfire_rested":0,"playtime":1686,"current_hp_per_floor":[70,70,70,70,70,70,75,75,75,75,68,65,65,51,51,6,61,40,25,25,25,51,51],"items_purged":["Defend_G"],"gold":32,"score":294,"play_id":"5129c922-257e-4847-a48e-42e48592f158","is_prod":false,"is_daily":false,"is_ascension_mode":true,"campfire_upgraded":4,"path_taken":["M","M","$","M","?","R","?","M","T","R","?","?","?","M","R","BOSS","M","M","$","?","?","R","E"],"build_version":"2018-02-08-PROD1","purchased_purges":1,"victory":false,"master_deck":["Defend_G","Defend_G","Defend_G","Defend_G","Strike_G","Strike_G","Strike_G","Strike_G","Survivor","Neutralize+1","Flying Knee","Footwork+1","Quick Slash+1","Flying Knee","Sucker Punch+1","Tools of the Trade","Acrobatics","Dagger Spray+1","Injury"],"max_hp_per_floor":[77,77,77,77,74,74,79,79,79,79,79,79,79,79,79,79,79,79,79,79,79,79,79],"relics":["Ring of the Snake","Dream Catcher","Snecko Eye","Regal Pillow"],"card_choices":[{"not_picked":["Bouncing Flask","Cloak And Dagger"],"picked":"Flying Knee"},{"not_picked":["Caltrops","Choke"],"picked":"Quick Slash"},{"not_picked":["Cloak And Dagger","Predator"],"picked":"Flying Knee"},{"not_picked":["Eviscerate","Deadly Poison"],"picked":"Sucker Punch"},{"not_picked":["Die Die Die","Phantasmal Killer"],"picked":"Tools of the Trade"},{"not_picked":["Sucker Punch","PiercingWail"],"picked":"Acrobatics"},{"not_picked":["Infinite Blades","PiercingWail"],"picked":"Dagger Spray"}],"player_experience":278166,"potions_floor_usage":[],"damage_taken":[{"damage":0.0,"enemies":"2 Louse","floor":1.0,"turns":3.0},{"damage":0.0,"enemies":"Jaw Worm","floor":2.0,"turns":4.0},{"damage":0.0,"enemies":"Small Slimes","floor":4.0,"turns":3.0},{"damage":0.0,"enemies":"2 Fungi Beasts","floor":8.0,"turns":5.0},{"damage":3.0,"enemies":"Looter","floor":12.0,"turns":4.0},{"damage":14.0,"enemies":"Exordium Wildlife","floor":14.0,"turns":8.0},{"damage":45.0,"enemies":"Slime Boss","floor":16.0,"turns":17.0},{"damage":21.0,"enemies":"Spheric Guardian","floor":18.0,"turns":5.0},{"damage":15.0,"enemies":"2 Thieves","floor":19.0,"turns":4.0},{"damage":56,"enemies":"Gremlin Leader","floor":24,"turns":7}],"event_choices":[{"event_name":"The Cleric","player_choice":"Card Removal","floor":5.0,"damage_taken":0.0},{"event_name":"Big Fish","player_choice":"Donut","floor":7.0,"damage_taken":0.0},{"event_name":"Golden Wing","player_choice":"Card Removal","floor":11.0,"damage_taken":0.0},{"event_name":"Golden Shrine","player_choice":"Pray","floor":13.0,"damage_taken":0.0},{"event_name":"Accursed Blacksmith","player_choice":"Forge","floor":21.0,"damage_taken":0.0},{"event_name":"The Library","player_choice":"Heal","floor":22.0,"damage_taken":0.0}],"boss_relics":[],"potions_floor_spawned":[2,12,14],"seed_played":"-1765463493024680441","killed_by":"Gremlin Leader","ascension_level":12,"is_trial":false}