{"gold_per_floor":[116,66,66,66,80,80,113,113,136,147,159,189,203,217,217,315,315,333,351,351,364,235,235],"floor_reached":23,"playtime":2312,"items_purged":["Strike_G"],"score":239,"play_id":"dc18ef77-1a4d-47f4-8b67-68a27015dc41","local_time":"20190503170347","is_ascension_mode":true,"campfire_choices":[{"data":"Deadly Poison","floor":6,"key":"SMITH"},{"floor":8,"key":"RECALL"},{"floor":15,"key":"REST"}],"neow_cost":"NONE","seed_source_timestamp":848991972755687,"circlet_count":0,"master_deck":["Defend_G","Defend_G","Defend_G","Defend_G","Defend_G","Strike_G","Strike_G","Survivor","Neutralize","Deadly Poison","Deadly Poison+1","Backflip","Dagger Throw","Accuracy","Accuracy","Acrobatics","Quick Slash","Tools of the Trade","Blade Dance","RitualDagger","Catalyst","Noxious Fumes"],"relics":["Ring of the Snake","NeowsBlessing","Ninja Scroll","Smiling Mask","Bronze Scales","Cursed Key"],"potions_floor_usage":[12,16,21,23,23,23],"damage_taken":[{"damage":0,"enemies":"Small Slimes","floor":1,"turns":1},{"damage":0,"enemies":"2 Louse","floor":5,"turns":1},{"damage":0,"enemies":"Lagavulin","floor":7,"turns":1},{"damage":0,"enemies":"Jaw Worm","floor":10,"turns":2},{"damage":0,"enemies":"Gremlin Gang","floor":11,"turns":3},{"damage":31,"enemies":"3 Sentries","floor":12,"turns":10},{"damage":7,"enemies":"3 Louse","floor":13,"turns":3},{"damage":0,"enemies":"Exordium Wildlife","floor":14,"turns":3},{"damage":19,"enemies":"The Guardian","floor":16,"turns":9},{"damage":10,"enemies":"Chosen","floor":18,"turns":4},{"damage":20,"enemies":"2 Thieves","floor":19,"turns":4},{"damage":14,"enemies":"Cultist and Chosen","floor":21,"turns":5},{"damage":29,"enemies":"Gremlin Leader","floor":23,"turns":5}],"seed_played":"-5560353404945959649","potions_obtained":[{"floor":1,"key":"Ancient Potion"},{"floor":10,"key":"GhostInAJar"},{"floor":11,"key":"Dexterity Potion"},{"floor":14,"key":"PowerPotion"},{"floor":18,"key":"Block Potion"},{"floor":19,"key":"SpeedPotion"},{"floor":21,"key":"SpeedPotion"}],"is_trial":false,"path_per_floor":["M","?","?","T","M","R","E","R","T","M","M","E","M","M","R","B",null,"M","M","?","M","$","E"],"character_chosen":"THE_SILENT","items_purchased":["Noxious Fumes"],"campfire_rested":1,"item_purchase_floors":[22],"current_hp_per_floor":[70,70,63,63,63,63,63,63,63,63,63,32,25,25,46,27,70,60,40,34,20,20,0],"gold":235,"neow_bonus":"THREE_ENEMY_KILL","is_prod":false,"is_daily":false,"chose_seed":false,"campfire_upgraded":1,"win_rate":0,"timestamp":1556921027,"path_taken":["M","?","?","?","M","R","E","R","T","M","M","E","?","M","R","BOSS","M","M","?","M","$","E"],"build_version":"2019-01-23","purchased_purges":1,"victory":false,"max_hp_per_floor":[70,70,70,70,70,70,70,70,70,70,70,70,70,70,70,70,70,70,70,70,70,70,70],"card_choices":[{"not_picked":["Dash","Footwork"],"picked":"Deadly Poison","floor":1},{"not_picked":["Backflip","Footwork"],"picked":"Deadly Poison","floor":5},{"not_picked":["Skewer","Burst"],"picked":"Backflip","floor":7},{"not_picked":["Skewer","Deflect"],"picked":"Dagger Throw","floor":10},{"not_picked":["Cloak And Dagger","Prepared"],"picked":"Accuracy","floor":11},{"not_picked":["Prepared","Eviscerate"],"picked":"Accuracy","floor":12},{"not_picked":["Leg Sweep","Dash"],"picked":"Acrobatics","floor":13},{"not_picked":["Flechettes","Sucker Punch"],"picked":"Quick Slash","floor":14},{"not_picked":["Night Terror","Malaise"],"picked":"Tools of the Trade","floor":16},{"not_picked":["PiercingWail","Bane+1"],"picked":"Blade Dance","floor":18},{"not_picked":["Dagger Throw","Deflect+1","Acrobatics"],"picked":"SKIP","floor":19},{"not_picked":["Footwork","Underhanded Strike"],"picked":"Catalyst","floor":21}],"player_experience":105043,"relics_obtained":[{"floor":4,"key":"Ninja Scroll"},{"floor":7,"key":"Smiling Mask"},{"floor":12,"key":"Bronze Scales"}],"event_choices":[{"cards_removed":["Strike_G"],"damage_healed":0,"gold_gain":0,"player_choice":"Card Removal","damage_taken":0,"max_hp_gain":0,"max_hp_loss":0,"event_name":"The Cleric","floor":2,"gold_loss":50},{"cards_removed":["Strike_G"],"damage_healed":0,"gold_gain":0,"player_choice":"Card Removal","damage_taken":7,"max_hp_gain":0,"max_hp_loss":0,"event_name":"Golden Wing","floor":3,"gold_loss":0},{"damage_healed":0,"gold_gain":0,"player_choice":"Joined the Cult","damage_taken":6,"max_hp_gain":0,"max_hp_loss":0,"event_name":"Nest","floor":20,"gold_loss":0,"cards_obtained":["RitualDagger"]}],"is_beta":false,"boss_relics":[{"not_picked":["Sozu","Lizard Tail"],"picked":"Cursed Key"}],"items_purged_floors":[22],"is_endless":false,"potions_floor_spawned":[1,10,11,14,18,19,21],"killed_by":"Gremlin Leader","ascension_level":1}