{"path_per_floor":["M","M","?","?","?","R","$","E","T","E","R","M","R","M","R","B",null,"M","$","?","M"],"character_chosen":"THE_SILENT","items_purchased":["Bronze Scales","Shuriken","Backflip"],"gold_per_floor":[146,161,236,201,376,376,148,175,227,262,262,279,279,290,290,390,390,400,96,96,114],"floor_reached":22,"campfire_rested":2,"playtime":1154,"current_hp_per_floor":[64,57,46,64,64,64,64,47,47,27,49,49,71,59,59,27,63,39,39,39,30],"items_purged":["Doubt"],"gold":114,"score":298,"play_id":"ee850322-ea69-4ccb-a5de-dbb82f174e2a","is_prod":false,"is_daily":false,"is_ascension_mode":true,"campfire_upgraded":2,"path_taken":["M","?","?","?","?","R","$","E","T","E","R","M","R","M","R","BOSS","M","$","?","M","M"],"build_version":"2018-02-08-PROD1","purchased_purges":1,"victory":false,"master_deck":["Defend_G+1","Defend_G+1","Defend_G+1","Defend_G+1","Defend_G+1","Strike_G+1","Strike_G+1","Strike_G+1","Strike_G+1","Strike_G+1","Survivor","Neutralize+1","Parasite","Flying Knee","Caltrops+1","Dagger Spray","Dagger Spray+1","PiercingWail","Terror","Sucker Punch+1","Backflip"],"max_hp_per_floor":[75,75,75,75,75,75,75,75,75,75,75,75,75,75,75,75,75,75,75,75,75],"relics":["Tiny House","Bronze Scales","Molten Egg 2","Dream Catcher","Lantern","Snecko Eye","Shuriken"],"card_choices":[{"not_picked":["Bane","Underhanded Strike"],"picked":"Flying Knee"},{"not_picked":["Choke","Underhanded Strike"],"picked":"Caltrops"},{"not_picked":["Bane","Heel Hook"],"picked":"Dagger Spray"},{"not_picked":["Accuracy","Acrobatics"],"picked":"Dagger Spray"},{"not_picked":["Calculated Gamble","Slice"],"picked":"PiercingWail"},{"not_picked":["Bouncing Flask","Poisoned Stab"],"picked":"Terror"},{"not_picked":["Riddle With Holes","Outmaneuver"],"picked":"Sucker Punch"}],"player_experience":265058,"potions_floor_usage":[],"damage_taken":[{"damage":4.0,"enemies":"Blue Slaver","floor":1.0,"turns":5.0},{"damage":7.0,"enemies":"Cultist","floor":2.0,"turns":4.0},{"damage":17.0,"enemies":"3 Sentries","floor":8.0,"turns":5.0},{"damage":20.0,"enemies":"Gremlin Nob","floor":10.0,"turns":4.0},{"damage":0.0,"enemies":"2 Louse","floor":12.0,"turns":2.0},{"damage":12.0,"enemies":"Large Slime","floor":14.0,"turns":5.0},{"damage":32.0,"enemies":"The Guardian","floor":16.0,"turns":9.0},{"damage":24.0,"enemies":"Spheric Guardian","floor":18.0,"turns":4.0},{"damage":9.0,"enemies":"Shell Parasite","floor":21.0,"turns":4.0},{"damage":33,"enemies":"3 Cultists","floor":22,"turns":4}],"event_choices":[{"event_name":"World of Goop","player_choice":"Gather Gold","floor":3.0,"damage_taken":0.0},{"event_name":"The Cleric","player_choice":"Healed","floor":4.0,"damage_taken":0.0},{"event_name":"Liars Game","player_choice":"agreed","floor":5.0,"damage_taken":0.0},{"event_name":"Back to Basics","player_choice":"Simplicity","floor":20.0,"damage_taken":0.0}],"boss_relics":[],"potions_floor_spawned":[2,10,12,18],"seed_played":"-255263384978054281","killed_by":"3 Cultists","ascension_level":11,"is_trial":false}