{"gold_per_floor":[110,120,45,45,64,95,95,105,105,117,117,143,89,103,103,205,205,220,238,238,254,102,135,135,161,161,161,174,174,99,117,117,117],"floor_reached":33,"playtime":2208,"items_purged":["Strike_R","Strike_R"],"score":312,"play_id":"1fa8ecb1-f192-48dc-b4cc-e5d90f7d7012","local_time":"20181211115038","is_ascension_mode":true,"campfire_choices":[{"data":"Armaments","floor":7,"key":"SMITH"},{"data":"Sword Boomerang","floor":15,"key":"SMITH"},{"floor":24,"key":"REST"},{"floor":27,"key":"REST"},{"floor":32,"key":"REST"}],"neow_cost":"NONE","seed_source_timestamp":1390577892539539,"circlet_count":0,"master_deck":["Strike_R","Strike_R","Defend_R","Defend_R","Defend_R","Defend_R","Bash+1","Pummel","Inflame","Inflame","Armaments+1","Inflame","Twin Strike","Cleave+1","Sword Boomerang+1","Double Tap","Heavy Blade+1","Sword Boomerang","Sword Boomerang","Flex","Heavy Blade","Demon Form","Metallicize"],"relics":["Burning Blood","Blood Vial","Juzu Bracelet","Omamori","Matryoshka","Du-Vu Doll","Black Star","PreservedInsect","Whetstone","Lantern","Bottled Flame","Self Forming Clay","Question Card"],"potions_floor_usage":[16,25,33,33],"damage_taken":[{"damage":2,"enemies":"2 Louse","floor":1,"turns":3},{"damage":6,"enemies":"Cultist","floor":2,"turns":3},{"damage":11,"enemies":"Jaw Worm","floor":5,"turns":2},{"damage":26,"enemies":"3 Sentries","floor":6,"turns":6},{"damage":15,"enemies":"Looter","floor":8,"turns":3},{"damage":8,"enemies":"Blue Slaver","floor":10,"turns":5},{"damage":14,"enemies":"Gremlin Nob","floor":12,"turns":3},{"damage":3,"enemies":"Large Slime","floor":14,"turns":4},{"damage":32,"enemies":"Hexaghost","floor":16,"turns":7},{"damage":5,"enemies":"Spheric Guardian","floor":18,"turns":3},{"damage":24,"enemies":"Shell Parasite","floor":19,"turns":5},{"damage":45,"enemies":"Snake Plant","floor":21,"turns":5},{"damage":41,"enemies":"Book of Stabbing","floor":23,"turns":4},{"damage":36,"enemies":"Gremlin Leader","floor":25,"turns":4},{"damage":22,"enemies":"Centurion and Healer","floor":28,"turns":5},{"damage":7,"enemies":"Snecko","floor":31,"turns":4},{"damage":65,"enemies":"Automaton","floor":33,"turns":6}],"seed_played":"-2812432764393372170","potions_obtained":[{"floor":1,"key":"FairyPotion"},{"floor":4,"key":"PowerPotion"},{"floor":4,"key":"Ancient Potion"},{"floor":16,"key":"AttackPotion"},{"floor":18,"key":"PowerPotion"},{"floor":31,"key":"SneckoOil"}],"is_trial":false,"path_per_floor":["M","M","$","?","M","E","R","M","T","M","?","E","$","M","R","B",null,"M","M","?","M","$","E","R","E","T","R","M","?","?","M","R","B"],"character_chosen":"IRONCLAD","items_purchased":["Cleave","Flex"],"campfire_rested":3,"item_purchase_floors":[13,22],"current_hp_per_floor":[80,80,80,80,75,57,57,50,50,50,50,44,44,49,49,25,80,80,62,62,25,25,14,38,10,10,34,20,20,20,21,45,0],"gold":117,"neow_bonus":"RANDOM_COMMON_RELIC","is_prod":false,"is_daily":false,"chose_seed":false,"campfire_upgraded":2,"win_rate":0,"timestamp":1544550638,"path_taken":["M","M","$","?","?","E","R","M","T","M","?","E","$","M","R","BOSS","M","M","?","M","$","E","R","E","T","R","M","?","?","M","R","BOSS"],"build_version":"2018-12-06","purchased_purges":2,"victory":false,"max_hp_per_floor":[80,80,80,80,80,80,80,80,80,80,80,80,80,80,80,80,80,80,80,80,80,80,80,80,80,80,80,80,80,80,80,80,80],"card_choices":[{"not_picked":["Burning Pact","Battle Trance"],"picked":"Pummel","floor":1},{"not_picked":["Thunderclap","Perfected Strike"],"picked":"Inflame","floor":2},{"not_picked":["Seeing Red","Battle Trance"],"picked":"Inflame","floor":5},{"not_picked":["Brutality","Rage"],"picked":"Armaments","floor":6},{"not_picked":["Flame Barrier","Wild Strike"],"picked":"Inflame","floor":8},{"not_picked":["Wild Strike","Disarm"],"picked":"Twin Strike","floor":10},{"not_picked":["Reckless Charge","Body Slam","Wild Strike"],"picked":"SKIP","floor":12},{"not_picked":["Shrug It Off","Anger"],"picked":"Sword Boomerang","floor":14},{"not_picked":["Juggernaut","Fiend Fire"],"picked":"Double Tap","floor":16},{"not_picked":["Wild Strike","Thunderclap","Perfected Strike+1"],"picked":"SKIP","floor":18},{"not_picked":["Fire Breathing","Clash+1"],"picked":"Heavy Blade+1","floor":19},{"not_picked":["Power Through+1","Twin Strike"],"picked":"Sword Boomerang","floor":21},{"not_picked":["Wild Strike","Rampage+1"],"picked":"Heavy Blade","floor":23},{"not_picked":["Headbutt","Uppercut+1"],"picked":"Demon Form","floor":25},{"not_picked":["Hemokinesis","Intimidate","Combust","Pommel Strike"],"picked":"SKIP","floor":28},{"not_picked":["Corruption","True Grit+1","Thunderclap"],"picked":"Metallicize","floor":31}],"player_experience":54751,"relics_obtained":[{"floor":6,"key":"Juzu Bracelet"},{"floor":9,"key":"Omamori"},{"floor":12,"key":"Du-Vu Doll"},{"floor":23,"key":"PreservedInsect"},{"floor":23,"key":"Whetstone"},{"floor":25,"key":"Lantern"},{"floor":25,"key":"Bottled Flame"},{"floor":26,"key":"Self Forming Clay"},{"floor":26,"key":"Question Card"}],"event_choices":[{"damage_healed":0,"gold_gain":0,"player_choice":"Got Potions","damage_taken":0,"max_hp_gain":0,"max_hp_loss":0,"event_name":"Lab","floor":4,"gold_loss":0},{"damage_healed":0,"gold_gain":0,"player_choice":"Box","damage_taken":0,"relics_obtained":["Matryoshka"],"max_hp_gain":0,"max_hp_loss":0,"event_name":"Big Fish","floor":11,"gold_loss":0,"cards_obtained":["Regret"]},{"damage_healed":0,"gold_gain":0,"player_choice":"Read","damage_taken":0,"max_hp_gain":0,"max_hp_loss":0,"event_name":"The Library","floor":20,"gold_loss":0,"cards_obtained":["Sword Boomerang"]},{"damage_healed":0,"gold_gain":0,"player_choice":"Ignored","damage_taken":0,"max_hp_gain":0,"max_hp_loss":0,"event_name":"Ghosts","floor":29,"gold_loss":0},{"cards_removed":["Strike_R"],"damage_healed":0,"gold_gain":0,"player_choice":"Gave Gold","damage_taken":0,"max_hp_gain":0,"max_hp_loss":0,"event_name":"Beggar","floor":30,"gold_loss":75}],"is_beta":false,"boss_relics":[{"not_picked":["Mark of Pain","Orrery"],"picked":"Black Star"}],"items_purged_floors":[3,22],"is_endless":false,"potions_floor_spawned":[1,6,16,18,21,31],"killed_by":"Automaton","ascension_level":1}