{"gold_per_floor":[116,41,60,4,4,33,33,33,82,82,99,119,135,146,146,245,245,257,257,277,277,277,312,312,346,346,346,356,356],"floor_reached":29,"playtime":2289,"items_purged":["Strike_G"],"score":288,"play_id":"6eb0cd55-d5b2-490d-9646-9e05c50fcb0e","local_time":"20181128135250","is_ascension_mode":false,"campfire_choices":[{"floor":7,"key":"REST"},{"data":"Noxious Fumes","floor":10,"key":"SMITH"},{"floor":15,"key":"REST"},{"floor":24,"key":"DIG"}],"neow_cost":"NONE","seed_source_timestamp":274578384966030,"circlet_count":0,"master_deck":["Defend_G","Defend_G","Defend_G","Defend_G","Strike_G","Strike_G","Strike_G","Strike_G","Survivor","Neutralize","Dagger Spray","Noxious Fumes+1","Terror","Predator","Dagger Throw+1","Acrobatics","Finisher","Unload","Slice","Flying Knee+1","Flying Knee+1","Dagger Throw","Acrobatics"],"relics":["Ring of the Snake","Boot","Dodecahedron","PreservedInsect","Lizard Tail","MutagenicStrength","Kunai","Shovel","WingedGreaves","Potion Belt","Matryoshka"],"potions_floor_usage":[16,16,16],"damage_taken":[{"damage":12,"enemies":"Small Slimes","floor":1,"turns":5},{"damage":1,"enemies":"Cultist","floor":3,"turns":4},{"damage":23,"enemies":"3 Sentries","floor":6,"turns":7},{"damage":6,"enemies":"Jaw Worm","floor":11,"turns":4},{"damage":11,"enemies":"Blue Slaver","floor":12,"turns":4},{"damage":8,"enemies":"3 Louse","floor":13,"turns":3},{"damage":16,"enemies":"Gremlin Gang","floor":14,"turns":4},{"damage":20,"enemies":"Slime Boss","floor":16,"turns":6},{"damage":10,"enemies":"Spheric Guardian","floor":18,"turns":4},{"damage":4,"enemies":"3 Byrds","floor":20,"turns":4},{"damage":0,"enemies":"Gremlin Leader","floor":23,"turns":5},{"damage":77,"enemies":"Slavers","floor":25,"turns":5},{"damage":16,"enemies":"Cultist and Chosen","floor":28,"turns":4},{"damage":22,"enemies":"Centurion and Healer","floor":29,"turns":3}],"seed_played":"-7371781784759183510","potions_obtained":[{"floor":8,"key":"Strength Potion"},{"floor":11,"key":"Fire Potion"},{"floor":12,"key":"Fire Potion"},{"floor":20,"key":"Ancient Potion"},{"floor":25,"key":"Regen Potion"},{"floor":28,"key":"PowerPotion"}],"is_trial":false,"path_per_floor":["M","$","M","?","$","E","R","?","T","R","M","M","M","M","R","B",null,"M","?","M","?","T","E","R","E","T","?","M","M"],"character_chosen":"THE_SILENT","items_purchased":[],"campfire_rested":2,"item_purchase_floors":[],"current_hp_per_floor":[65,65,64,64,64,41,64,64,64,64,58,47,39,23,46,26,77,67,67,63,63,63,63,63,38,38,38,22,0],"gold":356,"neow_bonus":"TEN_PERCENT_HP_BONUS","is_prod":false,"is_daily":false,"chose_seed":false,"campfire_upgraded":1,"win_rate":0.0,"timestamp":1543434770,"path_taken":["M","$","M","?","?","E","R","?","T","R","?","M","M","M","R","BOSS","M","?","M","?","?","E","R","E","T","?","?","M"],"build_version":"2018-11-15","purchased_purges":1,"victory":false,"max_hp_per_floor":[77,77,77,77,77,77,77,77,77,77,77,77,77,77,77,77,77,77,77,77,77,77,77,77,77,77,77,77,77],"card_choices":[{"not_picked":["Underhanded Strike","Slice"],"picked":"Dagger Spray","floor":1},{"not_picked":["Dagger Throw","Bouncing Flask"],"picked":"Noxious Fumes","floor":3},{"not_picked":["Deadly Poison","Bullet Time"],"picked":"Terror","floor":6},{"not_picked":["Skewer","Dash"],"picked":"Predator","floor":11},{"not_picked":["Well Laid Plans","Deadly Poison"],"picked":"Dagger Throw","floor":12},{"not_picked":["Predator","PiercingWail"],"picked":"Acrobatics","floor":13},{"not_picked":["Backflip","Calculated Gamble"],"picked":"Finisher","floor":14},{"not_picked":["Adrenaline","Tools of the Trade"],"picked":"Unload","floor":16},{"not_picked":["Deadly Poison","Prepared"],"picked":"Slice","floor":18},{"not_picked":["Predator","Sucker Punch+1"],"picked":"Flying Knee+1","floor":20},{"not_picked":["Deflect","Dash"],"picked":"Flying Knee+1","floor":23},{"not_picked":["Choke","Slice"],"picked":"Dagger Throw","floor":25},{"not_picked":["Underhanded Strike+1","Outmaneuver"],"picked":"Acrobatics","floor":28}],"player_experience":29273,"relics_obtained":[{"floor":6,"key":"Dodecahedron"},{"floor":9,"key":"PreservedInsect"},{"floor":22,"key":"Kunai"},{"floor":23,"key":"Shovel"},{"floor":24,"key":"WingedGreaves"},{"floor":25,"key":"Potion Belt"},{"floor":26,"key":"Matryoshka"}],"event_choices":[{"damage_healed":0,"gold_gain":0,"player_choice":"Paid Gold","damage_taken":0,"relics_obtained":["Boot"],"max_hp_gain":0,"max_hp_loss":0,"event_name":"WeMeetAgain","floor":4,"gold_loss":56},{"damage_healed":0,"gold_gain":0,"player_choice":"Got Potions","damage_taken":0,"max_hp_gain":0,"max_hp_loss":0,"event_name":"Lab","floor":8,"gold_loss":0},{"cards_removed":["Defend_G"],"damage_healed":0,"gold_gain":0,"player_choice":"Elegance","damage_taken":0,"max_hp_gain":0,"max_hp_loss":0,"event_name":"Back to Basics","floor":19,"gold_loss":0},{"damage_healed":0,"gold_gain":0,"player_choice":"Inject Mutagens","damage_taken":0,"relics_obtained":["MutagenicStrength"],"max_hp_gain":0,"max_hp_loss":0,"event_name":"Drug Dealer","floor":21,"gold_loss":0},{"damage_healed":0,"gold_gain":0,"player_choice":"Upgraded","damage_taken":0,"max_hp_gain":0,"max_hp_loss":0,"event_name":"Upgrade Shrine","floor":27,"gold_loss":0,"cards_upgraded":["Dagger Throw"]}],"is_beta":false,"boss_relics":[{"not_picked":["White Beast Statue","Cursed Key"],"picked":"Lizard Tail"}],"items_purged_floors":[2],"is_endless":false,"potions_floor_spawned":[11,12,14,20,25,28],"killed_by":"Centurion and Healer","ascension_level":0}