{"gold_per_floor":[110,124,14,29,48,48,123,123,123,123,123,35,35,54,54,155,155,136,136,136,136,154,154,170,220,220,220,236,248,37,53,53,148,148,161,71,90,90,110,140,157,157,157,167,194,194,208,234,234,234,234,234,136,161,161],"floor_reached":56,"playtime":3270,"items_purged":["Strike_G","Strike_G","Defend_G","Defend_G"],"score":1224,"play_id":"b51fd264-d560-4ca5-b801-0f3fcdd45b88","local_time":"20190509021724","is_ascension_mode":false,"campfire_choices":[{"data":"Neutralize","floor":6.0,"key":"SMITH"},{"data":"Caltrops","floor":8.0,"key":"SMITH"},{"data":"Caltrops","floor":10.0,"key":"SMITH"},{"data":"Well Laid Plans","floor":15.0,"key":"SMITH"},{"data":"Dash","floor":23.0,"key":"SMITH"},{"data":"Leg Sweep","floor":27.0,"key":"SMITH"},{"data":"Catalyst","floor":32.0,"key":"SMITH"},{"floor":42.0,"key":"RECALL"},{"data":"Dash","floor":46.0,"key":"SMITH"},{"data":"Deadly Poison","floor":49.0,"key":"SMITH"},{"data":"PiercingWail","floor":52.0,"key":"SMITH"}],"neow_cost":"TEN_PERCENT_HP_LOSS","seed_source_timestamp":29248361085600,"circlet_count":0,"master_deck":["Survivor","Neutralize+1","Dash+1","Caltrops+1","Catalyst+1","Poisoned Stab","Caltrops+1","Well Laid Plans+1","Iron Wave","After Image","Flechettes","Necronomicurse","Backflip","Leg Sweep+1","PiercingWail+1","Wraith Form v2+1","Predator","Deadly Poison+1","Deadly Poison+1","Deadly Poison","Noxious Fumes+1","Dash+1","Escape Plan+1","Cloak And Dagger"],"special_seed":0,"relics":["Ring of the Snake","Smiling Mask","Runic Dome","Necronomicon","Singing Bowl","Coffee Dripper","Letter Opener","Calipers","Juzu Bracelet","Pen Nib"],"potions_floor_usage":[54,55,55,55],"damage_taken":[{"damage":2.0,"enemies":"Small Slimes","floor":1.0,"turns":5.0},{"damage":0.0,"enemies":"2 Louse","floor":2.0,"turns":2.0},{"damage":0.0,"enemies":"Cultist","floor":4.0,"turns":4.0},{"damage":0.0,"enemies":"2 Fungi Beasts","floor":5.0,"turns":4.0},{"damage":3.0,"enemies":"3 Louse","floor":14.0,"turns":3.0},{"damage":6.0,"enemies":"Hexaghost","floor":16.0,"turns":9.0},{"damage":7.0,"enemies":"2 Thieves","floor":18.0,"turns":4.0},{"damage":0.0,"enemies":"3 Byrds","floor":22.0,"turns":3.0},{"damage":0.0,"enemies":"Cultist and Chosen","floor":24.0,"turns":5.0},{"damage":0.0,"enemies":"Centurion and Healer","floor":28.0,"turns":7.0},{"damage":0.0,"enemies":"Shelled Parasite and Fungi","floor":29.0,"turns":4.0},{"damage":1.0,"enemies":"Chosen and Byrds","floor":31.0,"turns":4.0},{"damage":24.0,"enemies":"Collector","floor":33.0,"turns":12.0},{"damage":0.0,"enemies":"3 Shapes","floor":35.0,"turns":3.0},{"damage":3.0,"enemies":"Orb Walker","floor":37.0,"turns":3.0},{"damage":0.0,"enemies":"Jaw Worm Horde","floor":39.0,"turns":4.0},{"damage":6.0,"enemies":"Nemesis","floor":40.0,"turns":7.0},{"damage":0.0,"enemies":"Sphere and 2 Shapes","floor":41.0,"turns":5.0},{"damage":4.0,"enemies":"Maw","floor":44.0,"turns":6.0},{"damage":7.0,"enemies":"Giant Head","floor":45.0,"turns":7.0},{"damage":0.0,"enemies":"Transient","floor":47.0,"turns":5.0},{"damage":0.0,"enemies":"Donu and Deca","floor":50.0,"turns":9.0},{"damage":19,"enemies":"Shield and Spear","floor":54,"turns":6},{"damage":24,"enemies":"The Heart","floor":55,"turns":8}],"seed_played":"1450033640635513014","potions_obtained":[{"floor":2.0,"key":"FearPotion"},{"floor":4.0,"key":"Regen Potion"},{"floor":5.0,"key":"EssenceOfSteel"},{"floor":28.0,"key":"Swift Potion"},{"floor":29.0,"key":"Regen Potion"},{"floor":33.0,"key":"FearPotion"},{"floor":35.0,"key":"SkillPotion"},{"floor":37.0,"key":"Fire Potion"},{"floor":54,"key":"Weak Potion"}],"is_trial":false,"path_per_floor":["M","M","$","M","M","R","?","R","T","R","?","$","?","M","R","B",null,"M","?","?","?","M","R","M","?","T","R","M","M","$","M","R","B",null,"M","?","M","?","M","E","M","R","T","M","E","R","M","T","R","B",null,"R","$","E","B",null],"character_chosen":"THE_SILENT","items_purchased":["Catalyst","Well Laid Plans","Wraith Form v2","Predator","Block Potion"],"campfire_rested":0,"item_purchase_floors":[3,12,30,30,53],"current_hp_per_floor":[61,61,61,61,61,61,50,50,50,50,43,43,43,40,40,34,63,56,45,29,29,29,29,43,43,43,43,43,45,45,44,44,37,72,72,72,69,69,71,65,67,67,67,63,56,56,56,56,56,56,76,76,76,59,35],"gold":161,"neow_bonus":"REMOVE_TWO","is_prod":false,"is_daily":false,"chose_seed":false,"campfire_upgraded":10,"win_rate":0,"timestamp":1557389844,"path_taken":["M","M","$","M","M","R","?","R","T","R","?","$","?","M","R","BOSS","M","?","?","?","M","R","M","?","T","R","?","M","$","M","R","BOSS","M","?","?","?","M","E","M","R","T","M","E","R","?","?","R","BOSS","R","$","E","BOSS"],"build_version":"2019-01-23","purchased_purges":4,"victory":true,"max_hp_per_floor":[63,63,63,63,63,63,63,63,63,63,63,63,63,63,63,63,63,63,68,68,68,68,68,68,68,68,68,68,70,70,70,70,72,72,72,72,72,72,74,74,76,76,76,76,76,76,76,76,76,76,76,76,76,78,78],"card_choices":[{"not_picked":["Dagger Spray","Endless Agony"],"picked":"Dash","floor":1.0},{"not_picked":["Deadly Poison","PiercingWail"],"picked":"Caltrops","floor":2.0},{"not_picked":["Dagger Throw","Calculated Gamble"],"picked":"Poisoned Stab","floor":4.0},{"not_picked":["Outmaneuver","Acrobatics"],"picked":"Caltrops","floor":5.0},{"not_picked":["Prepared","Masterful Stab","Expertise"],"picked":"SKIP","floor":14.0},{"not_picked":["Envenom","Phantasmal Killer"],"picked":"After Image","floor":16.0},{"not_picked":["Skewer","Slice"],"picked":"Flechettes","floor":18.0},{"not_picked":["Blade Dance","Deflect+1"],"picked":"Backflip","floor":22.0},{"not_picked":["Bane","Dodge and Roll+1"],"picked":"Leg Sweep","floor":24.0},{"not_picked":["Poisoned Stab+1","Quick Slash"],"picked":"PiercingWail","floor":28.0},{"not_picked":["Masterful Stab","Flying Knee+1","Dagger Spray"],"picked":"Singing Bowl","floor":29.0},{"not_picked":["Blur","Sucker Punch"],"picked":"Deadly Poison","floor":31.0},{"not_picked":["Glass Knife","Storm of Steel","A Thousand Cuts"],"picked":"Singing Bowl","floor":33.0},{"not_picked":["Poisoned Stab+1","Quick Slash+1"],"picked":"Deadly Poison+1","floor":35.0},{"not_picked":["Dagger Spray+1","Quick Slash+1"],"picked":"Deadly Poison","floor":37.0},{"not_picked":["Skewer","Flechettes","Dagger Throw+1"],"picked":"Singing Bowl","floor":39.0},{"not_picked":["Dodge and Roll+1","Acrobatics+1"],"picked":"Noxious Fumes+1","floor":40.0},{"not_picked":["Dagger Spray","Well Laid Plans+1","Terror+1"],"picked":"Singing Bowl","floor":41.0},{"not_picked":["Phantasmal Killer","Poisoned Stab"],"picked":"Dash","floor":44.0},{"not_picked":["Flying Knee+1","PiercingWail+1"],"picked":"Escape Plan+1","floor":45.0},{"not_picked":["Acrobatics","Prepared+1"],"picked":"Cloak And Dagger","floor":47.0},{"not_picked":["Distraction","Predator+1","Storm of Steel"],"picked":"Singing Bowl","floor":54}],"player_experience":1727998,"relics_obtained":[{"floor":9.0,"key":"Smiling Mask"},{"floor":20.0,"key":"Necronomicon"},{"floor":26.0,"key":"Singing Bowl"},{"floor":40.0,"key":"Letter Opener"},{"floor":45.0,"key":"Calipers"},{"floor":48.0,"key":"Juzu Bracelet"},{"floor":54,"key":"Pen Nib"}],"event_choices":[{"damage_healed":0.0,"max_hp_gain":0.0,"max_hp_loss":0.0,"gold_gain":75.0,"event_name":"World of Goop","player_choice":"Gather Gold","floor":7.0,"gold_loss":0.0,"damage_taken":11.0},{"cards_removed":["Strike_G"],"damage_healed":0.0,"max_hp_gain":0.0,"max_hp_loss":0.0,"gold_gain":0.0,"event_name":"Golden Wing","player_choice":"Card Removal","floor":11.0,"gold_loss":0.0,"damage_taken":7.0},{"cards_removed":["Defend_G"],"damage_healed":0.0,"max_hp_gain":0.0,"max_hp_loss":0.0,"gold_gain":0.0,"event_name":"NoteForYourself","player_choice":"Took Card","floor":13.0,"gold_loss":0.0,"damage_taken":0.0,"cards_obtained":["Iron Wave"]},{"damage_healed":0.0,"max_hp_gain":5.0,"max_hp_loss":0.0,"gold_gain":0.0,"event_name":"Forgotten Altar","player_choice":"Shed Blood","floor":19.0,"gold_loss":0.0,"damage_taken":16.0},{"damage_healed":0.0,"max_hp_gain":0.0,"max_hp_loss":0.0,"gold_gain":0.0,"event_name":"Cursed Tome","player_choice":"Obtained Book","floor":20.0,"gold_loss":0.0,"damage_taken":16.0},{"cards_removed":["Defend_G"],"damage_healed":0.0,"max_hp_gain":0.0,"max_hp_loss":0.0,"gold_gain":0.0,"event_name":"Back to Basics","player_choice":"Elegance","floor":21.0,"gold_loss":0.0,"damage_taken":0.0},{"damage_healed":0.0,"max_hp_gain":0.0,"max_hp_loss":0.0,"gold_gain":100.0,"event_name":"The Joust","player_choice":"Bet on Murderer","floor":25.0,"gold_loss":50.0,"damage_taken":0.0},{"cards_removed":["Defend_G"],"damage_healed":0.0,"max_hp_gain":0.0,"max_hp_loss":0.0,"gold_gain":0.0,"event_name":"Designer","player_choice":"Upgrade and Remove","floor":36.0,"gold_loss":90.0,"damage_taken":0.0,"cards_upgraded":["Wraith Form v2"]},{"damage_healed":0.0,"max_hp_gain":0.0,"max_hp_loss":0.0,"gold_gain":0.0,"event_name":"SecretPortal","player_choice":"Ignored","floor":38.0,"gold_loss":0.0,"damage_taken":0.0}],"is_beta":false,"boss_relics":[{"not_picked":["White Beast Statue","Pandora\u0027s Box"],"picked":"Runic Dome"},{"not_picked":["Black Star","Astrolabe"],"picked":"Coffee Dripper"}],"items_purged_floors":[3,12,30,53],"is_endless":false,"potions_floor_spawned":[2,4,5,14,28,29,31,33,35,37,39,45,54],"ascension_level":0}