{"gold_per_floor":[118,130,305,316,336,364,383,383,434,464,464,42,42,53,53,158,158,168,168,268,268,268,268,302,302,302,302,321,331,430,442,442,540,540,559,579,103,117,517,543,543,543],"floor_reached":42,"playtime":3852,"items_purged":["Doubt"],"score":574,"play_id":"4d9b1236-002c-4a9e-9474-18bfc6059fc5","local_time":"20190513083927","is_ascension_mode":true,"campfire_choices":[{"data":"Dash","floor":8,"key":"SMITH"},{"floor":11,"key":"REST"},{"data":"Apotheosis","floor":13,"key":"SMITH"},{"data":"Footwork","floor":15,"key":"SMITH"},{"data":"1","floor":23,"key":"LIFT"},{"data":"2","floor":25,"key":"LIFT"},{"data":"3","floor":27,"key":"LIFT"},{"data":"After Image","floor":32,"key":"SMITH"},{"floor":41,"key":"RECALL"}],"neow_cost":"NONE","seed_source_timestamp":567646629940300,"circlet_count":0,"master_deck":["Defend_G","Defend_G","Defend_G","Defend_G","Defend_G","Survivor","Neutralize","Flying Knee","Bouncing Flask","Dagger Throw","Dash+1","Footwork+1","Backstab","Apotheosis+1","A Thousand Cuts","Deflect","After Image+1","Well Laid Plans","Bite","Bite","Bite","Bite","Bite","PiercingWail","Backflip","Corpse Explosion","Dodge and Roll","Night Terror","Backflip+1","Concentrate","Calculated Gamble"],"relics":["Ring of the Snake","Orichalcum","Anchor","Gremlin Horn","Philosopher\u0027s Stone","Girya","Ornamental Fan","Mummified Hand","Ginger","Centennial Puzzle","Runic Pyramid","Kunai","Pantograph","Old Coin","Bag of Preparation"],"potions_floor_usage":[6,6,40,42],"damage_taken":[{"damage":1,"enemies":"2 Louse","floor":1,"turns":4},{"damage":3,"enemies":"Jaw Worm","floor":2,"turns":5},{"damage":4,"enemies":"Small Slimes","floor":4,"turns":4},{"damage":4,"enemies":"2 Fungi Beasts","floor":5,"turns":4},{"damage":23,"enemies":"Lagavulin","floor":6,"turns":8},{"damage":4,"enemies":"Looter","floor":7,"turns":3},{"damage":24,"enemies":"3 Sentries","floor":10,"turns":9},{"damage":0,"enemies":"Lots of Slimes","floor":14,"turns":2},{"damage":16,"enemies":"The Guardian","floor":16,"turns":13},{"damage":0,"enemies":"Shell Parasite","floor":18,"turns":6},{"damage":14,"enemies":"Colosseum Slavers","floor":20,"turns":6},{"damage":33,"enemies":"Colosseum Nobs","floor":20,"turns":7},{"damage":16,"enemies":"Slavers","floor":24,"turns":5},{"damage":0,"enemies":"Spheric Guardian","floor":28,"turns":3},{"damage":2,"enemies":"Snake Plant","floor":29,"turns":4},{"damage":1,"enemies":"3 Cultists","floor":31,"turns":3},{"damage":1,"enemies":"Automaton","floor":33,"turns":11},{"damage":0,"enemies":"3 Darklings","floor":35,"turns":5},{"damage":0,"enemies":"3 Shapes","floor":36,"turns":5},{"damage":54,"enemies":"Writhing Mass","floor":38,"turns":6},{"damage":0,"enemies":"Mind Bloom Boss Battle","floor":39,"turns":7},{"damage":31,"enemies":"Giant Head","floor":40,"turns":11},{"damage":33,"enemies":"3 Darklings","floor":42,"turns":2}],"seed_played":"-4490526453966472698","potions_obtained":[{"floor":1,"key":"Weak Potion"},{"floor":5,"key":"Fire Potion"},{"floor":20,"key":"Strength Potion"},{"floor":31,"key":"Energy Potion"},{"floor":35,"key":"FearPotion"},{"floor":40,"key":"Poison Potion"}],"is_trial":false,"path_per_floor":["M","M","?","M","M","E","M","R","T","E","R","$","R","M","R","B",null,"M","?","?","T","T","R","E","R","T","R","M","M","?","M","R","B",null,"M","M","$","M","?","E","R","M"],"character_chosen":"THE_SILENT","items_purchased":["Apotheosis","A Thousand Cuts","Kunai","Pantograph"],"campfire_rested":1,"item_purchase_floors":[12,12,37,37],"current_hp_per_floor":[76,73,73,69,65,42,38,38,38,14,37,37,37,37,37,21,77,77,53,38,38,38,38,38,38,38,38,47,52,52,52,52,53,53,53,53,53,10,53,29,29,0],"gold":543,"neow_bonus":"TEN_PERCENT_HP_BONUS","is_prod":false,"is_daily":false,"chose_seed":false,"campfire_upgraded":4,"win_rate":0,"timestamp":1557716967,"path_taken":["M","M","?","M","M","E","M","R","T","E","R","$","R","M","R","BOSS","M","?","?","?","?","R","E","R","T","R","M","M","?","M","R","BOSS","M","M","$","M","?","E","R","M"],"build_version":"2019-01-23","purchased_purges":1,"victory":false,"max_hp_per_floor":[77,77,77,77,77,77,77,77,77,77,77,77,77,77,77,77,77,77,53,53,53,53,53,53,53,53,53,53,53,53,53,53,53,53,53,53,53,53,53,53,53,53],"card_choices":[{"not_picked":["Catalyst","Acrobatics"],"picked":"Flying Knee","floor":1},{"not_picked":["Prepared","Underhanded Strike","Acrobatics"],"picked":"SKIP","floor":2},{"not_picked":["Outmaneuver","Prepared"],"picked":"Bouncing Flask","floor":4},{"not_picked":["Terror","Bane"],"picked":"Dagger Throw","floor":5},{"not_picked":["Accuracy","Quick Slash"],"picked":"Dash","floor":6},{"not_picked":["Prepared","Blade Dance"],"picked":"Footwork","floor":7},{"not_picked":["Noxious Fumes","Leg Sweep"],"picked":"Backstab","floor":10},{"not_picked":["Slice","Tools of the Trade"],"picked":"Deflect","floor":14},{"not_picked":["Corpse Explosion","Envenom"],"picked":"After Image","floor":16},{"not_picked":["Deflect","Dash"],"picked":"Well Laid Plans","floor":18},{"not_picked":["Slice","Deadly Poison"],"picked":"PiercingWail","floor":24},{"not_picked":["Prepared","Dagger Spray+1"],"picked":"Backflip","floor":28},{"not_picked":["PiercingWail","Dagger Spray"],"picked":"Corpse Explosion","floor":29},{"not_picked":["Acrobatics","Catalyst"],"picked":"Dodge and Roll","floor":31},{"not_picked":["Tools of the Trade","Unload"],"picked":"Night Terror","floor":33},{"not_picked":["Terror+1","Bane+1"],"picked":"Backflip+1","floor":35},{"not_picked":["Sucker Punch","Terror"],"picked":"Concentrate","floor":36},{"not_picked":["Deflect+1","Dagger Throw+1"],"picked":"Calculated Gamble","floor":38},{"not_picked":["Predator+1","Deadly Poison","All Out Attack+1"],"picked":"SKIP","floor":40}],"player_experience":172997,"relics_obtained":[{"floor":6,"key":"Orichalcum"},{"floor":9,"key":"Anchor"},{"floor":10,"key":"Gremlin Horn"},{"floor":20,"key":"Girya"},{"floor":20,"key":"Ornamental Fan"},{"floor":21,"key":"Mummified Hand"},{"floor":22,"key":"Ginger"},{"floor":24,"key":"Centennial Puzzle"},{"floor":39,"key":"Old Coin"},{"floor":40,"key":"Bag of Preparation"}],"event_choices":[{"damage_healed":0,"gold_gain":175,"player_choice":"AGREE","damage_taken":0,"max_hp_gain":0,"max_hp_loss":0,"event_name":"Liars Game","floor":3,"gold_loss":0,"cards_obtained":["Doubt"]},{"damage_healed":0,"gold_gain":0,"player_choice":"Became a vampire","damage_taken":0,"max_hp_gain":0,"max_hp_loss":24,"event_name":"Vampires","floor":19,"gold_loss":0,"cards_obtained":["Bite","Bite","Bite","Bite","Bite"]},{"damage_healed":0,"gold_gain":0,"player_choice":"Fight","damage_taken":0,"max_hp_gain":0,"max_hp_loss":0,"event_name":"Colosseum","floor":20,"gold_loss":0},{"damage_healed":0,"gold_gain":0,"player_choice":"Fought Nobs","damage_taken":0,"max_hp_gain":0,"max_hp_loss":0,"event_name":"Colosseum","floor":20,"gold_loss":0},{"damage_healed":0,"gold_gain":99,"player_choice":"Stole From Cult","damage_taken":0,"max_hp_gain":0,"max_hp_loss":0,"event_name":"Nest","floor":30,"gold_loss":0},{"damage_healed":0,"gold_gain":0,"player_choice":"Fight","damage_taken":0,"max_hp_gain":0,"max_hp_loss":0,"event_name":"MindBloom","floor":39,"gold_loss":0}],"is_beta":false,"boss_relics":[{"not_picked":["Calling Bell","HoveringKite"],"picked":"Philosopher\u0027s Stone"},{"not_picked":["Runic Dome","Empty Cage"],"picked":"Runic Pyramid"}],"items_purged_floors":[12],"is_endless":false,"potions_floor_spawned":[1,5,20,20,31,35,40],"killed_by":"3 Darklings","ascension_level":3}