{"gold_per_floor":[117,117,43,61,61,90,90,118,118,193,223,293,293,309,309,405,405,420,520,520],"floor_reached":20,"playtime":1433,"items_purged":[],"score":245,"play_id":"848e569d-77e0-42cd-b5ad-83a4cb94e62e","local_time":"20190509130831","is_ascension_mode":true,"campfire_choices":[{"data":"Neutralize","floor":7,"key":"SMITH"},{"floor":13,"key":"REST"},{"data":"Doppelganger","floor":15,"key":"SMITH"}],"neow_cost":"NONE","seed_source_timestamp":240607139312800,"circlet_count":0,"master_deck":["Defend_G","Defend_G","Defend_G","Defend_G","Defend_G","Strike_G","Strike_G+1","Strike_G+1","Strike_G","Survivor","Neutralize+1","Deflect","Well Laid Plans","Flechettes","Doppelganger+1","All Out Attack","Dash","Backstab","Malaise","Bouncing Flask+1","Dodge and Roll"],"relics":["Ring of the Snake","NeowsBlessing","Bird Faced Urn","Darkstone Periapt","Torii","Nunchaku","Shuriken","Snecko Eye","Du-Vu Doll","Molten Egg 2"],"potions_floor_usage":[11,18,18],"damage_taken":[{"damage":0,"enemies":"2 Louse","floor":1,"turns":1},{"damage":0,"enemies":"Cultist","floor":4,"turns":1},{"damage":0,"enemies":"3 Sentries","floor":6,"turns":2},{"damage":24,"enemies":"Lagavulin","floor":8,"turns":8},{"damage":2,"enemies":"3 Sentries","floor":11,"turns":7},{"damage":0,"enemies":"Jaw Worm","floor":14,"turns":4},{"damage":20,"enemies":"The Guardian","floor":16,"turns":12},{"damage":10,"enemies":"2 Thieves","floor":18,"turns":4},{"damage":25,"enemies":"Colosseum Slavers","floor":19,"turns":4},{"damage":33,"enemies":"Colosseum Nobs","floor":19,"turns":6}],"seed_played":"-3974071484801951357","potions_obtained":[{"floor":1,"key":"Energy Potion"},{"floor":11,"key":"AttackPotion"},{"floor":16,"key":"Fire Potion"},{"floor":19,"key":"EssenceOfSteel"}],"is_trial":false,"path_per_floor":["M","?","$","M","?","E","R","E","T","?","E","T","R","M","R","B",null,"M","?","?"],"character_chosen":"THE_SILENT","items_purchased":["Well Laid Plans"],"campfire_rested":1,"item_purchase_floors":[3],"current_hp_per_floor":[70,70,70,70,56,56,56,34,34,23,23,23,44,46,46,28,70,60,4,0],"gold":520,"neow_bonus":"THREE_ENEMY_KILL","is_prod":false,"is_daily":false,"chose_seed":false,"campfire_upgraded":2,"win_rate":0,"timestamp":1557387511,"path_taken":["M","?","$","?","?","E","R","E","T","?","E","?","R","M","R","BOSS","M","?","?"],"build_version":"2019-01-23","purchased_purges":0,"victory":false,"max_hp_per_floor":[70,70,70,70,70,70,70,70,70,70,70,70,70,70,70,70,70,70,70,70],"card_choices":[{"not_picked":["Distraction","Deadly Poison"],"picked":"Deflect","floor":1},{"not_picked":["Slice","Well Laid Plans"],"picked":"Flechettes","floor":4},{"not_picked":["Prepared","Acrobatics"],"picked":"Doppelganger","floor":6},{"not_picked":["Acrobatics","Blur"],"picked":"All Out Attack","floor":8},{"not_picked":["Deadly Poison","Poisoned Stab"],"picked":"Dash","floor":11},{"not_picked":["Dagger Throw","Bane"],"picked":"Backstab","floor":14},{"not_picked":["Die Die Die","Envenom"],"picked":"Malaise","floor":16},{"not_picked":["Dagger Throw","Underhanded Strike"],"picked":"Bouncing Flask+1","floor":18},{"not_picked":["Riddle With Holes","Terror"],"picked":"Dodge and Roll","floor":19}],"player_experience":157150,"relics_obtained":[{"floor":6,"key":"Bird Faced Urn"},{"floor":8,"key":"Darkstone Periapt"},{"floor":9,"key":"Torii"},{"floor":11,"key":"Nunchaku"},{"floor":12,"key":"Shuriken"},{"floor":19,"key":"Du-Vu Doll"},{"floor":19,"key":"Molten Egg 2"}],"event_choices":[{"cards_removed":["Strike_G"],"damage_healed":0,"gold_gain":0,"player_choice":"Purged","damage_taken":0,"max_hp_gain":0,"max_hp_loss":0,"event_name":"Purifier","floor":2,"gold_loss":0},{"damage_healed":0,"gold_gain":0,"player_choice":"Entered Light","damage_taken":14,"max_hp_gain":0,"max_hp_loss":0,"event_name":"Shining Light","floor":5,"gold_loss":0,"cards_upgraded":["Strike_G","Strike_G"]},{"damage_healed":0,"gold_gain":75,"player_choice":"Gather Gold","damage_taken":11,"max_hp_gain":0,"max_hp_loss":0,"event_name":"World of Goop","floor":10,"gold_loss":0},{"damage_healed":0,"gold_gain":0,"player_choice":"Fight","damage_taken":0,"max_hp_gain":0,"max_hp_loss":0,"event_name":"Colosseum","floor":19,"gold_loss":0},{"damage_healed":0,"gold_gain":0,"player_choice":"Fought Nobs","damage_taken":0,"max_hp_gain":0,"max_hp_loss":0,"event_name":"Colosseum","floor":19,"gold_loss":0},{"damage_healed":0,"gold_gain":0,"player_choice":"Joined the Cult","damage_taken":6,"max_hp_gain":0,"max_hp_loss":0,"event_name":"Nest","floor":20,"gold_loss":0,"cards_obtained":["RitualDagger"]}],"is_beta":false,"boss_relics":[{"not_picked":["Lizard Tail","Busted Crown"],"picked":"Snecko Eye"}],"items_purged_floors":[],"is_endless":false,"potions_floor_spawned":[1,11,16,19,19],"ascension_level":3}