{"gold_per_floor":[119,129,144,154,171,171,206,223,223,223,255,330,34,34,34,136,136,154,154,170,170,186,186,220,220,245,245,272,285,304,314,314,413,413,432,432,445,445,465,465,465],"floor_reached":41,"playtime":2777,"items_purged":[],"score":545,"play_id":"7ca0e368-f35a-47c3-a68e-c8e6b6ff086c","local_time":"20190513184212","is_ascension_mode":true,"campfire_choices":[{"data":"Wild Strike","floor":6,"key":"SMITH"},{"floor":10,"key":"REST"},{"floor":15,"key":"REST"},{"data":"Barricade","floor":23,"key":"SMITH"},{"floor":25,"key":"REST"},{"data":"Dark Embrace","floor":32,"key":"SMITH"},{"data":"Juggernaut","floor":40,"key":"SMITH"}],"neow_cost":"PERCENT_DAMAGE","seed_source_timestamp":104913407701827,"circlet_count":0,"master_deck":["Defend_R","Defend_R","Defend_R","Defend_R","Bash","Offering+1","Shrug It Off","Power Through+1","Armaments","Wild Strike+1","Pommel Strike","Battle Trance","Clothesline","Feel No Pain","Combust","Barricade+1","Dark Embrace+1","Flame Barrier+1","Bite","Bite","Bite+1","Bite","Bite+1","Shrug It Off+1","Shrug It Off","Havoc+1","Exhume","Sentinel","Impervious","Warcry+1","Deep Breath","Juggernaut+1","True Grit+1"],"relics":["Burning Blood","War Paint","WingedGreaves","Bag of Preparation","Self Forming Clay","Philosopher\u0027s Stone","Happy Flower","Thread and Needle","Boot","Ice Cream","Whetstone","Eternal Feather"],"potions_floor_usage":[],"damage_taken":[{"damage":0,"enemies":"2 Louse","floor":1,"turns":3},{"damage":10,"enemies":"Jaw Worm","floor":2,"turns":7},{"damage":2,"enemies":"Cultist","floor":3,"turns":5},{"damage":3,"enemies":"Exordium Wildlife","floor":4,"turns":8},{"damage":2,"enemies":"Blue Slaver","floor":5,"turns":5},{"damage":46,"enemies":"Lagavulin","floor":7,"turns":8},{"damage":0,"enemies":"3 Louse","floor":8,"turns":4},{"damage":30,"enemies":"3 Sentries","floor":11,"turns":10},{"damage":25,"enemies":"Hexaghost","floor":16,"turns":18},{"damage":32,"enemies":"Spheric Guardian","floor":18,"turns":10},{"damage":19,"enemies":"Chosen","floor":20,"turns":6},{"damage":7,"enemies":"Snake Plant","floor":22,"turns":4},{"damage":39,"enemies":"Book of Stabbing","floor":24,"turns":10},{"damage":42,"enemies":"Slavers","floor":28,"turns":7},{"damage":10,"enemies":"Sentry and Sphere","floor":29,"turns":7},{"damage":10,"enemies":"3 Cultists","floor":30,"turns":5},{"damage":13,"enemies":"Chosen and Byrds","floor":31,"turns":6},{"damage":28,"enemies":"Champ","floor":33,"turns":24},{"damage":23,"enemies":"3 Darklings","floor":35,"turns":7},{"damage":20,"enemies":"Orb Walker","floor":37,"turns":8},{"damage":23,"enemies":"Spire Growth","floor":39,"turns":8},{"damage":73,"enemies":"Reptomancer","floor":41,"turns":2}],"seed_played":"8258986830844882517","potions_obtained":[{"floor":4,"key":"Weak Potion"},{"floor":8,"key":"SkillPotion"},{"floor":11,"key":"Weak Potion"},{"floor":20,"key":"Energy Potion"},{"floor":30,"key":"EssenceOfSteel"},{"floor":39,"key":"Regen Potion"}],"is_trial":false,"path_per_floor":["M","M","M","M","M","R","E","M","T","R","E","?","$","?","R","B",null,"M","T","M","?","M","R","E","R","T","?","E","M","M","M","R","B",null,"M","?","M","?","M","R","E"],"character_chosen":"IRONCLAD","items_purchased":["Self Forming Clay","Combust"],"campfire_rested":3,"item_purchase_floors":[13,13],"current_hp_per_floor":[62,58,62,65,69,69,29,35,35,59,35,24,24,24,48,29,80,54,54,41,41,50,50,32,48,48,48,24,38,48,55,55,56,56,53,53,44,44,36,54,0],"gold":465,"neow_bonus":"THREE_RARE_CARDS","is_prod":false,"is_daily":false,"chose_seed":false,"campfire_upgraded":4,"win_rate":0,"timestamp":1557787332,"path_taken":["M","M","M","M","M","R","E","M","T","R","E","?","$","?","R","BOSS","M","?","M","?","M","R","E","R","T","?","E","M","M","?","R","BOSS","M","?","M","?","?","R","E"],"build_version":"2019-01-23","purchased_purges":0,"victory":false,"max_hp_per_floor":[80,80,80,80,80,80,80,80,80,80,80,80,80,80,80,80,80,80,80,80,56,56,56,56,56,56,56,56,56,56,56,56,56,56,56,56,56,56,56,56,56],"card_choices":[{"not_picked":["Reaper","Dark Embrace"],"picked":"Offering","floor":0},{"not_picked":["Perfected Strike","Evolve"],"picked":"Shrug It Off","floor":1},{"not_picked":["Iron Wave","Twin Strike"],"picked":"Power Through","floor":2},{"not_picked":["Iron Wave","Entrench"],"picked":"Armaments","floor":3},{"not_picked":["Evolve","Demon Form"],"picked":"Wild Strike","floor":4},{"not_picked":["Flex","Clash"],"picked":"Pommel Strike","floor":5},{"not_picked":["Carnage","Dual Wield"],"picked":"Battle Trance","floor":7},{"not_picked":["Searing Blow","Ghostly Armor"],"picked":"Clothesline","floor":8},{"not_picked":["Battle Trance","Flex"],"picked":"Feel No Pain","floor":11},{"not_picked":["Brutality","Double Tap"],"picked":"Dark Embrace","floor":16},{"not_picked":["Headbutt","Sword Boomerang"],"picked":"Flame Barrier+1","floor":18},{"not_picked":["Wild Strike","Body Slam","Pommel Strike"],"picked":"SKIP","floor":20},{"not_picked":["Thunderclap","Dual Wield"],"picked":"Shrug It Off+1","floor":22},{"not_picked":["Second Wind","Bloodletting","Twin Strike+1"],"picked":"SKIP","floor":24},{"not_picked":["Feed","Searing Blow"],"picked":"Shrug It Off","floor":28},{"not_picked":["Anger","Cleave+1"],"picked":"Havoc+1","floor":29},{"not_picked":["Burning Pact","Warcry+1"],"picked":"Exhume","floor":30},{"not_picked":["Clash","Wild Strike"],"picked":"Sentinel","floor":31},{"not_picked":["Double Tap","Limit Break"],"picked":"Impervious","floor":33},{"not_picked":["Blood for Blood+1","Armaments+1"],"picked":"Warcry+1","floor":35},{"not_picked":["Dramatic Entrance","The Bomb"],"picked":"Deep Breath","floor":36},{"not_picked":["Cleave","Dropkick","Thunderclap+1"],"picked":"SKIP","floor":37},{"not_picked":["Anger","Battle Trance"],"picked":"True Grit+1","floor":39}],"player_experience":37719,"relics_obtained":[{"floor":7,"key":"War Paint"},{"floor":9,"key":"WingedGreaves"},{"floor":11,"key":"Bag of Preparation"},{"floor":19,"key":"Happy Flower"},{"floor":24,"key":"Thread and Needle"},{"floor":26,"key":"Boot"},{"floor":28,"key":"Whetstone"}],"event_choices":[{"damage_healed":0,"gold_gain":75,"player_choice":"Gather Gold","damage_taken":11,"max_hp_gain":0,"max_hp_loss":0,"event_name":"World of Goop","floor":12,"gold_loss":0},{"damage_healed":0,"gold_gain":0,"player_choice":"1 cards matched","damage_taken":0,"max_hp_gain":0,"max_hp_loss":0,"event_name":"Match and Keep!","floor":14,"gold_loss":0,"cards_obtained":["Barricade"]},{"damage_healed":0,"gold_gain":0,"player_choice":"Became a vampire","damage_taken":0,"max_hp_gain":0,"max_hp_loss":24,"event_name":"Vampires","floor":21,"gold_loss":0,"cards_obtained":["Bite","Bite","Bite","Bite","Bite"]},{"damage_healed":0,"gold_gain":0,"player_choice":"Opened","damage_taken":0,"relics_obtained":["Ice Cream"],"max_hp_gain":0,"max_hp_loss":0,"event_name":"The Mausoleum","floor":27,"gold_loss":0},{"damage_healed":0,"gold_gain":0,"player_choice":"Memory 1","damage_taken":0,"max_hp_gain":0,"max_hp_loss":0,"event_name":"SensoryStone","floor":36,"gold_loss":0},{"damage_healed":0,"gold_gain":0,"player_choice":"1 cards matched","damage_taken":0,"max_hp_gain":0,"max_hp_loss":0,"event_name":"Match and Keep!","floor":38,"gold_loss":0,"cards_obtained":["Juggernaut"]}],"is_beta":false,"boss_relics":[{"not_picked":["Coffee Dripper","Ectoplasm"],"picked":"Philosopher\u0027s Stone"},{"not_picked":["Cursed Key","Runic Dome"],"picked":"Eternal Feather"}],"items_purged_floors":[],"is_endless":false,"potions_floor_spawned":[4,8,11,16,18,20,24,30,31,37,39],"killed_by":"Reptomancer","ascension_level":1}