{"gold_per_floor":[115,40,40,40,115,115,134,134,134,170,170,189,213,228,228,354,417,396,495,495,251,81,81,109,126,203,203,221,241,257,270,270,372,372,389,32,32,43,53,66,66,66,66,66,80,92,108,124,124,124],"floor_reached":50,"playtime":5951,"items_purged":["Strike_G","Injury","Strike_G","Strike_G"],"score":468,"play_id":"ed5a58bf-3332-4873-9d37-2c1327d75d03","local_time":"20181211041946","is_ascension_mode":false,"campfire_choices":[{"floor":6.0,"key":"REST"},{"data":"Footwork","floor":8.0,"key":"SMITH"},{"floor":15.0,"key":"REST"},{"data":"Deadly Poison","floor":23,"key":"SMITH"},{"floor":27,"key":"REST"},{"floor":32,"key":"REST"},{"floor":42,"key":"REST"},{"floor":49,"key":"REST"}],"neow_cost":"NONE","seed_source_timestamp":0,"circlet_count":0,"master_deck":["Defend_G","Defend_G","Defend_G","Survivor","Neutralize","Deadly Poison","Footwork+1","Deadly Poison+1","Blur","Outmaneuver","Deflect","Night Terror+1","Calculated Gamble","Backflip","Noxious Fumes+1","Blur","After Image","Caltrops","Acrobatics+1","Acrobatics+1","Catalyst","Blind","Parasite","Prepared+1"],"special_seed":0,"relics":["Ring of the Snake","Oddly Smooth Stone","Bloody Idol","Bronze Scales","Ornamental Fan","Molten Egg 2","GremlinMask","Tiny House","Lantern","Centennial Puzzle","Letter Opener","Empty Cage","ClockworkSouvenir","Meat on the Bone"],"potions_floor_usage":[24,33,33,33,39,48,50],"damage_taken":[{"damage":7.0,"enemies":"2 Louse","floor":1.0,"turns":3.0},{"damage":0.0,"enemies":"Small Slimes","floor":7.0,"turns":3.0},{"damage":11.0,"enemies":"Lagavulin","floor":10.0,"turns":8.0},{"damage":0.0,"enemies":"Cultist","floor":12.0,"turns":3.0},{"damage":7.0,"enemies":"3 Louse","floor":13.0,"turns":4.0},{"damage":3.0,"enemies":"Exordium Wildlife","floor":14.0,"turns":4.0},{"damage":30.0,"enemies":"The Guardian","floor":16.0,"turns":13.0},{"damage":18.0,"enemies":"2 Thieves","floor":18.0,"turns":5.0},{"damage":43,"enemies":"Gremlin Leader","floor":24,"turns":6},{"damage":1,"enemies":"3 Byrds","floor":25,"turns":5},{"damage":5,"enemies":"Centurion and Healer","floor":28,"turns":8},{"damage":0,"enemies":"Snecko","floor":29,"turns":5},{"damage":0,"enemies":"Shelled Parasite and Fungi","floor":30,"turns":6},{"damage":51,"enemies":"Cultist and Chosen","floor":31,"turns":6},{"damage":27,"enemies":"Champ","floor":33,"turns":14},{"damage":33,"enemies":"3 Darklings","floor":35,"turns":6},{"damage":8,"enemies":"3 Shapes","floor":38,"turns":5},{"damage":19,"enemies":"Sphere and 2 Shapes","floor":39,"turns":7},{"damage":28,"enemies":"Spire Growth","floor":40,"turns":8},{"damage":9,"enemies":"Maw","floor":45,"turns":9},{"damage":15,"enemies":"Transient","floor":46,"turns":5},{"damage":21,"enemies":"Writhing Mass","floor":47,"turns":7},{"damage":22,"enemies":"Jaw Worm Horde","floor":48,"turns":4},{"damage":53,"enemies":"Donu and Deca","floor":50,"turns":10}],"seed_played":"7066586095000370742","potions_obtained":[{"floor":7.0,"key":"PowerPotion"},{"floor":12.0,"key":"Swift Potion"},{"floor":14.0,"key":"GhostInAJar"},{"floor":16.0,"key":"SpeedPotion"},{"floor":17.0,"key":"EssenceOfSteel"},{"floor":24,"key":"SteroidPotion"},{"floor":25,"key":"Block Potion"},{"floor":33,"key":"Block Potion"},{"floor":35,"key":"LiquidBronze"},{"floor":47,"key":"AttackPotion"},{"floor":48,"key":"Explosive Potion"}],"is_trial":false,"path_per_floor":["M","$","?","?","?","R","M","R","T","E","?","M","M","M","R","B",null,"M","?","?","$","$","R","E","M","T","R","M","M","M","M","R","B",null,"M","$","?","M","M","M","?","R","T","?","M","M","M","M","R","B"],"character_chosen":"THE_SILENT","items_purchased":["Lantern","Backflip","ClockworkSouvenir"],"campfire_rested":6,"item_purchase_floors":[21,22,36],"current_hp_per_floor":[63,63,63,38,27,48,48,48,48,37,37,37,30,27,48,18,75,57,57,57,57,57,57,19,23,28,50,50,55,60,14,36,14,75,47,47,47,44,30,7,7,29,29,29,37,39,35,30,52,0],"gold":124,"neow_bonus":"RANDOM_COMMON_RELIC","is_prod":false,"is_daily":false,"chose_seed":false,"campfire_upgraded":2,"win_rate":0.0,"timestamp":1544523586,"path_taken":["M","$","?","?","?","R","M","R","T","E","?","M","M","?","R","BOSS","M","?","?","?","$","R","E","M","T","R","M","M","?","M","R","BOSS","M","$","?","?","M","?","?","R","T","?","M","M","M","M","R","BOSS"],"build_version":"2018-12-06","purchased_purges":4,"victory":false,"max_hp_per_floor":[70,70,70,70,70,70,70,70,70,70,70,70,70,70,70,70,75,75,75,75,75,75,75,75,75,75,75,75,75,75,75,75,75,75,75,75,75,75,75,75,75,75,75,75,75,75,75,75,75,75],"card_choices":[{"not_picked":["Blade Dance","Slice"],"picked":"Deadly Poison","floor":1.0},{"not_picked":["Acrobatics","Deflect"],"picked":"Footwork","floor":7.0},{"not_picked":["Heel Hook","Outmaneuver"],"picked":"Deadly Poison","floor":10.0},{"not_picked":["Poisoned Stab+1","Slice+1"],"picked":"Blur","floor":12.0},{"not_picked":["Sucker Punch+1","Quick Slash+1"],"picked":"Outmaneuver","floor":13.0},{"not_picked":["Terror","Underhanded Strike+1"],"picked":"Deflect","floor":14.0},{"not_picked":["Die Die Die+1","Doppelganger"],"picked":"Night Terror","floor":16.0},{"not_picked":["Heel Hook+1","Dagger Spray+1"],"picked":"Calculated Gamble","floor":18.0},{"not_picked":["Sucker Punch+1","Outmaneuver","A Thousand Cuts"],"picked":"SKIP","floor":24},{"not_picked":["PiercingWail","Reflex+1","Bane+1"],"picked":"SKIP","floor":25},{"not_picked":["Catalyst+1","Footwork"],"picked":"Noxious Fumes+1","floor":28},{"not_picked":["Deadly Poison","Backflip"],"picked":"Blur","floor":29},{"not_picked":["Leg Sweep+1","Blade Dance+1","Dodge and Roll"],"picked":"SKIP","floor":30},{"not_picked":["Dodge and Roll","Deflect","Deadly Poison"],"picked":"SKIP","floor":31},{"not_picked":["Burst","Doppelganger"],"picked":"After Image","floor":33},{"not_picked":["Heel Hook+1","Calculated Gamble+1"],"picked":"Caltrops","floor":35},{"not_picked":["Flechettes+1","Poisoned Stab+1"],"picked":"Acrobatics+1","floor":38},{"not_picked":["Bane+1","Choke+1"],"picked":"Acrobatics+1","floor":39},{"not_picked":["Sucker Punch+1","All Out Attack+1"],"picked":"Catalyst","floor":40},{"not_picked":["Swift Strike+1","Impatience"],"picked":"Blind","floor":44},{"not_picked":["Quick Slash+1","Night Terror","Poisoned Stab+1"],"picked":"SKIP","floor":45},{"not_picked":["Bane+1","Outmaneuver","Underhanded Strike+1"],"picked":"SKIP","floor":46},{"not_picked":["Backflip+1","PiercingWail+1"],"picked":"Prepared+1","floor":47},{"not_picked":["Slice+1","Dagger Spray+1","Dash+1"],"picked":"SKIP","floor":48}],"player_experience":46451,"relics_obtained":[{"floor":9.0,"key":"Ornamental Fan"},{"floor":10.0,"key":"Molten Egg 2"},{"floor":24,"key":"Centennial Puzzle"},{"floor":26,"key":"Letter Opener"},{"floor":43,"key":"Meat on the Bone"}],"event_choices":[{"damage_healed":0.0,"max_hp_gain":0.0,"max_hp_loss":0.0,"gold_gain":0.0,"event_name":"Golden Idol","player_choice":"Take Wound","floor":3.0,"gold_loss":0.0,"damage_taken":0.0,"relics_obtained":["Golden Idol"],"cards_obtained":["Injury"]},{"damage_healed":0.0,"max_hp_gain":0.0,"max_hp_loss":0.0,"gold_gain":0.0,"event_name":"Scrap Ooze","player_choice":"Success","floor":4.0,"gold_loss":0.0,"damage_taken":25.0,"relics_obtained":["Bronze Scales"]},{"damage_healed":0.0,"max_hp_gain":0.0,"max_hp_loss":0.0,"gold_gain":75.0,"event_name":"World of Goop","player_choice":"Gather Gold","floor":5.0,"gold_loss":0.0,"damage_taken":11.0},{"damage_healed":0.0,"max_hp_gain":0.0,"max_hp_loss":0.0,"gold_gain":0.0,"event_name":"FaceTrader","player_choice":"Trade","floor":11.0,"gold_loss":0.0,"damage_taken":0.0,"relics_obtained":["GremlinMask"]},{"damage_healed":0,"gold_gain":99,"player_choice":"Stole From Cult","damage_taken":0,"max_hp_gain":0,"max_hp_loss":0,"event_name":"Nest","floor":19,"gold_loss":0},{"damage_healed":0,"gold_gain":0,"player_choice":"Gave Idol","damage_taken":0,"relics_obtained":["Bloody Idol"],"max_hp_gain":0,"max_hp_loss":0,"event_name":"Forgotten Altar","floor":20,"relics_lost":["Golden Idol"],"gold_loss":0},{"cards_removed":["Defend_G"],"damage_healed":0,"gold_gain":0,"player_choice":"Offered Basic","damage_taken":0,"max_hp_gain":0,"max_hp_loss":0,"event_name":"Bonfire Elementals","floor":37,"gold_loss":0},{"cards_removed":["Defend_G"],"damage_healed":0,"gold_gain":0,"player_choice":"Removed Skill","damage_taken":0,"max_hp_gain":0,"max_hp_loss":0,"event_name":"Falling","floor":41,"gold_loss":0},{"damage_healed":0,"gold_gain":0,"player_choice":"Memory 1","damage_taken":0,"max_hp_gain":0,"max_hp_loss":0,"event_name":"SensoryStone","floor":44,"gold_loss":0}],"is_beta":false,"boss_relics":[{"not_picked":["Busted Crown","Snecko Eye"],"picked":"Tiny House"},{"not_picked":["Coffee Dripper","Sozu"],"picked":"Empty Cage"}],"items_purged_floors":[2,21,22,36],"is_endless":false,"potions_floor_spawned":[7,12,14,16,24,25,30,33,35,47,48],"killed_by":"Donu and Deca","ascension_level":0}