{"gold_per_floor":[117,117,128,128,144,144,177,177,177,202,202,202,213,228,228,304,304,314,171,171,188,204,204,239,252,276,295,295,314,314,326,326,403,403,419,378,396,407,417,417,432,448,448,448,448,142,242,258,258,258],"floor_reached":50,"playtime":2974,"items_purged":["Defend_G"],"score":838,"play_id":"f987d72c-e7fd-4040-a782-c41dde1a5147","local_time":"20190513153147","is_ascension_mode":true,"campfire_choices":[{"data":"Noxious Fumes","floor":6,"key":"SMITH"},{"floor":8,"key":"REST"},{"data":"Leg Sweep","floor":12,"key":"SMITH"},{"data":"Dash","floor":15,"key":"SMITH"},{"floor":23,"key":"REST"},{"floor":28,"key":"REST"},{"data":"Corpse Explosion","floor":30,"key":"SMITH"},{"floor":32,"key":"REST"},{"floor":40,"key":"REST"},{"data":"Malaise","floor":44,"key":"SMITH"},{"floor":49,"key":"REST"}],"neow_cost":"NONE","seed_source_timestamp":1420372002127135,"circlet_count":0,"master_deck":["AscendersBane","Defend_G","Defend_G","Defend_G","Strike_G","Strike_G","Strike_G","Survivor","Neutralize","Leg Sweep+1","PiercingWail","Noxious Fumes+1","Neutralize+1","Tools of the Trade","Dash+1","Predator+1","Infinite Blades+1","Blur","After Image+1","Accuracy+1","Backflip+1","After Image+1","Cloak And Dagger","Corpse Explosion+1","Dash","Cloak And Dagger","PiercingWail","Blade Dance","Backflip","Accuracy+1","Die Die Die","Reflex","Burst","Terror","Footwork+1","Malaise+1","Accuracy+1"],"special_seed":0,"relics":["Ring of the Snake","Blue Candle","Art of War","Frozen Egg 2","Astrolabe","Whetstone","Ninja Scroll","Regal Pillow","Sozu","Sundial","Centennial Puzzle"],"potions_floor_usage":[7,10,10,24,25,31,31,33],"damage_taken":[{"damage":3.0,"enemies":"Small Slimes","floor":1.0,"turns":4.0},{"damage":0,"enemies":"Cultist","floor":3,"turns":5},{"damage":3,"enemies":"2 Louse","floor":5,"turns":4},{"damage":49,"enemies":"Gremlin Nob","floor":7,"turns":6},{"damage":17,"enemies":"3 Sentries","floor":10,"turns":8},{"damage":0,"enemies":"Red Slaver","floor":13,"turns":5},{"damage":2,"enemies":"3 Louse","floor":14,"turns":4},{"damage":38,"enemies":"Hexaghost","floor":16,"turns":13},{"damage":4,"enemies":"Shell Parasite","floor":18,"turns":7},{"damage":14,"enemies":"Chosen","floor":21,"turns":6},{"damage":9,"enemies":"Snake Plant","floor":22,"turns":7},{"damage":30,"enemies":"Book of Stabbing","floor":24,"turns":9},{"damage":8,"enemies":"Centurion and Healer","floor":25,"turns":5},{"damage":7,"enemies":"Cultist and Chosen","floor":27,"turns":7},{"damage":2,"enemies":"Snake Plant","floor":29,"turns":7},{"damage":0,"enemies":"3 Cultists","floor":31,"turns":5},{"damage":56,"enemies":"Champ","floor":33,"turns":14},{"damage":4,"enemies":"3 Darklings","floor":35,"turns":6},{"damage":3,"enemies":"3 Shapes","floor":37,"turns":3},{"damage":15,"enemies":"Maw","floor":38,"turns":8},{"damage":18,"enemies":"Spire Growth","floor":39,"turns":7},{"damage":9,"enemies":"Sphere and 2 Shapes","floor":41,"turns":7},{"damage":0,"enemies":"Maw","floor":42,"turns":7},{"damage":5,"enemies":"Transient","floor":48,"turns":5},{"damage":79,"enemies":"Donu and Deca","floor":50,"turns":8}],"seed_played":"8807750641170819928","potions_obtained":[{"floor":1.0,"key":"Explosive Potion"},{"floor":3,"key":"SpeedPotion"},{"floor":4,"key":"Regen Potion"},{"floor":4,"key":"PowerPotion"},{"floor":7,"key":"SteroidPotion"},{"floor":16,"key":"SteroidPotion"},{"floor":24,"key":"Swift Potion"},{"floor":27,"key":"Energy Potion"},{"floor":29,"key":"Fire Potion"},{"floor":31,"key":"FearPotion"},{"floor":33,"key":"PowerPotion"}],"is_trial":false,"path_per_floor":["M","?","M","?","M","R","E","R","T","E","?","R","M","M","R","B",null,"M","$","?","M","M","R","E","M","T","M","R","M","R","M","R","B",null,"M","$","M","M","M","R","M","M","T","R","?","$","?","M","R","B"],"character_chosen":"THE_SILENT","items_purchased":["Whetstone","Reflex","Accuracy+1","Centennial Puzzle"],"campfire_rested":6,"item_purchase_floors":[19,36,46,46],"current_hp_per_floor":[62,62,62,62,59,59,25,46,46,29,72,72,72,70,70,32,62,58,58,58,44,35,56,26,18,18,11,47,45,45,45,72,16,58,54,54,51,36,18,54,45,45,45,45,45,45,45,40,72,0],"gold":258,"neow_bonus":"TEN_PERCENT_HP_BONUS","is_prod":false,"is_daily":false,"chose_seed":false,"campfire_upgraded":5,"win_rate":0,"timestamp":1557732707,"path_taken":["M","?","?","?","?","R","E","R","T","E","?","R","?","M","R","BOSS","M","?","?","M","M","R","E","?","T","M","R","M","R","M","R","BOSS","M","$","M","?","M","R","M","M","T","R","?","$","?","M","R","BOSS"],"build_version":"2019-01-23","purchased_purges":1,"victory":false,"max_hp_per_floor":[72,72,72,72,72,72,72,72,72,72,72,72,72,72,72,72,72,72,72,72,72,72,72,72,72,72,72,72,72,72,72,72,72,72,72,72,72,72,72,72,72,72,72,72,72,72,72,72,72,72],"card_choices":[{"not_picked":["Outmaneuver","Sucker Punch"],"picked":"Leg Sweep","floor":1.0},{"not_picked":["Bane","Dodge and Roll","Underhanded Strike"],"picked":"SKIP","floor":3},{"not_picked":["Slice","Heel Hook"],"picked":"Tools of the Trade","floor":5},{"not_picked":["Deflect","Dagger Spray"],"picked":"Dash","floor":7},{"not_picked":["Underhanded Strike","PiercingWail"],"picked":"Predator","floor":10},{"not_picked":["Eviscerate","Quick Slash"],"picked":"Infinite Blades+1","floor":13},{"not_picked":["Dagger Throw","Quick Slash"],"picked":"Blur","floor":14},{"not_picked":["Night Terror","Grand Finale"],"picked":"After Image+1","floor":16},{"not_picked":["PiercingWail","Sucker Punch"],"picked":"Cloak And Dagger","floor":18},{"not_picked":["Sucker Punch","Masterful Stab","Dagger Throw"],"picked":"SKIP","floor":21},{"not_picked":["Distraction","Deflect"],"picked":"Cloak And Dagger","floor":22},{"not_picked":["Skewer","Predator"],"picked":"PiercingWail","floor":24},{"not_picked":["Riddle With Holes+1","Flechettes"],"picked":"Blade Dance","floor":25},{"not_picked":["Night Terror","Crippling Poison"],"picked":"Backflip","floor":27},{"not_picked":["Quick Slash","Dash","Poisoned Stab+1"],"picked":"SKIP","floor":29},{"not_picked":["Dagger Spray","PiercingWail"],"picked":"Accuracy+1","floor":31},{"not_picked":["Tools of the Trade+1","Wraith Form v2+1"],"picked":"Die Die Die","floor":33},{"not_picked":["Bane","Prepared","Backflip"],"picked":"SKIP","floor":35},{"not_picked":["Flying Knee","Backflip"],"picked":"Burst","floor":37},{"not_picked":["Dodge and Roll+1","Poisoned Stab+1"],"picked":"Terror","floor":38},{"not_picked":["Quick Slash+1","Dagger Spray"],"picked":"Footwork+1","floor":39},{"not_picked":["Poisoned Stab","Flying Knee","Bane+1"],"picked":"SKIP","floor":41},{"not_picked":["Deadly Poison","Deflect"],"picked":"Malaise","floor":42},{"not_picked":["Quick Slash","Expertise","Slice"],"picked":"SKIP","floor":48}],"player_experience":523738,"relics_obtained":[{"floor":7,"key":"Blue Candle"},{"floor":9,"key":"Art of War"},{"floor":10,"key":"Frozen Egg 2"},{"floor":24,"key":"Ninja Scroll"},{"floor":26,"key":"Regal Pillow"},{"floor":43,"key":"Sundial"}],"event_choices":[{"damage_healed":0,"gold_gain":0,"player_choice":"3 cards matched","damage_taken":0,"max_hp_gain":0,"max_hp_loss":0,"event_name":"Match and Keep!","floor":2,"gold_loss":0,"cards_obtained":["PiercingWail","Noxious Fumes","Neutralize"]},{"damage_healed":0,"gold_gain":0,"player_choice":"Got Potions","damage_taken":0,"max_hp_gain":0,"max_hp_loss":0,"event_name":"Lab","floor":4,"gold_loss":0},{"damage_healed":43,"gold_gain":0,"player_choice":"Full Heal","damage_taken":0,"max_hp_gain":0,"max_hp_loss":0,"event_name":"Wheel of Change","floor":11,"gold_loss":0},{"damage_healed":0,"gold_gain":0,"player_choice":"2 cards matched","damage_taken":0,"max_hp_gain":0,"max_hp_loss":0,"event_name":"Match and Keep!","floor":20,"gold_loss":0,"cards_obtained":["Corpse Explosion","Dash"]},{"damage_healed":0,"gold_gain":0,"player_choice":"Memory 1","damage_taken":0,"max_hp_gain":0,"max_hp_loss":0,"event_name":"SensoryStone","floor":45,"gold_loss":0},{"damage_healed":0,"gold_gain":100,"player_choice":"Pray","damage_taken":0,"max_hp_gain":0,"max_hp_loss":0,"event_name":"Golden Shrine","floor":47,"gold_loss":0}],"is_beta":false,"boss_relics":[{"not_picked":["Tiny House","Lizard Tail"],"picked":"Astrolabe"},{"not_picked":["Fusion Hammer","Busted Crown"],"picked":"Sozu"}],"items_purged_floors":[46],"is_endless":false,"potions_floor_spawned":[1,3,7,16,24,27,29,31,33,37,38,41,42],"killed_by":"Donu and Deca","ascension_level":14}