{"path_per_floor":["M","M","$","M","M","R","$","E","T","?","R","?","?","$","R","B",null,"M","M","?","$","M","R","E","R","T","R","?","?","R","?","R","B",null,"M","M","M","$","M","R","?","$","T","R","M","R","$","$","R","B"],"character_chosen":"THE_SILENT","items_purchased":["Catalyst","Snake Skull","Sucker Punch"],"gold_per_floor":[114,133,58,77,97,97,17,47,47,47,47,47,12,12,12,115,115,127,139,139,139,156,156,191,191,191,191,191,191,191,116,116,218,218,234,252,266,266,282,282,282,33,33,33,53,53,53,30,30,30],"floor_reached":51,"campfire_rested":3,"playtime":3732,"current_hp_per_floor":[66,56,56,52,47,47,47,25,25,25,46,43,60,60,60,51,70,58,58,45,45,53,53,29,51,51,51,35,35,57,57,57,62,75,75,75,68,68,74,74,75,75,89,89,83,83,83,83,83,78],"items_purged":["Strike_G","Writhe"],"gold":30,"score":484,"play_id":"72610aca-bdd5-4f90-ab05-7ca0dbcd7c08","is_prod":false,"is_daily":false,"is_ascension_mode":false,"campfire_upgraded":9,"path_taken":["M","M","$","M","M","R","$","E","T","?","R","?","?","?","R","BOSS","M","M","?","$","M","R","E","R","T","R","?","?","R","?","R","BOSS","M","M","?","$","M","R","?","$","T","R","M","R","?","$","R","BOSS"],"build_version":"2018-02-22-PROD1","purchased_purges":2,"victory":true,"master_deck":["Defend_G+1","Defend_G+1","Defend_G+1","Defend_G+1","Defend_G+1","Strike_G+1","Strike_G+1","Strike_G+1","Strike_G+1","Survivor","Neutralize+1","Dagger Throw","Bouncing Flask+1","Catalyst+1","Dash+1","Bouncing Flask+1","Envenom","Dash+1","Footwork+1","Acrobatics+1","Tools of the Trade","Backflip","Backflip","Catalyst+1","Sucker Punch+1"],"max_hp_per_floor":[70,70,70,70,70,70,70,70,70,70,70,70,70,70,70,70,70,70,70,75,75,75,75,75,75,75,75,75,75,75,75,75,75,75,75,75,75,75,75,75,75,75,89,89,89,89,89,89,89,89],"relics":["Snecko Eye","Dead Branch","Gambling Chip","Bird Faced Urn","Sozu","Sundial","Tingsha","Nilry\u0027s Codex","Runic Dome","Snake Skull","Mango"],"card_choices":[{"not_picked":["Underhanded Strike","Crippling Poison"],"picked":"Dagger Throw"},{"not_picked":["Dagger Spray","Well Laid Plans"],"picked":"Outmaneuver"},{"not_picked":["Flying Knee","Acrobatics"],"picked":"Bouncing Flask"},{"not_picked":["Grand Finale","Flying Knee"],"picked":"Dash"},{"not_picked":["Grand Finale","Storm of Steel"],"picked":"Envenom"},{"not_picked":["Cloak And Dagger","Backflip"],"picked":"Dash"},{"not_picked":["Deadly Poison","Reflex"],"picked":"Footwork"},{"not_picked":["Doppelganger","Blur"],"picked":"Acrobatics"},{"not_picked":["Grand Finale","Doppelganger"],"picked":"Tools of the Trade"},{"not_picked":["Flying Knee","Grand Finale"],"picked":"Backflip"},{"not_picked":["Poisoned Stab","Slice"],"picked":"Backflip"},{"not_picked":["Outmaneuver","Deflect"],"picked":"Catalyst"}],"player_experience":500341,"potions_floor_usage":[24],"damage_taken":[{"damage":4.0,"enemies":"Small Slimes","floor":1.0,"turns":6.0},{"damage":10.0,"enemies":"Cultist","floor":2.0,"turns":6.0},{"damage":4.0,"enemies":"2 Louse","floor":4.0,"turns":4.0},{"damage":5.0,"enemies":"Exordium Wildlife","floor":5.0,"turns":4.0},{"damage":22.0,"enemies":"Gremlin Nob","floor":8.0,"turns":4.0},{"damage":11,"enemies":"The Guardian","floor":16,"turns":6},{"damage":12,"enemies":"2 Thieves","floor":18,"turns":3},{"damage":0,"enemies":"Spheric Guardian","floor":19,"turns":3},{"damage":0,"enemies":"Cultist and Chosen","floor":22,"turns":5},{"damage":28,"enemies":"Slavers","floor":24,"turns":6},{"damage":1,"enemies":"Automaton","floor":33,"turns":7},{"damage":0,"enemies":"3 Shapes","floor":35,"turns":4},{"damage":0,"enemies":"3 Darklings","floor":36,"turns":4},{"damage":7,"enemies":"Sphere and 2 Shapes","floor":37,"turns":5},{"damage":0,"enemies":"Maw","floor":39,"turns":4},{"damage":8,"enemies":"3 Darklings","floor":45,"turns":4},{"damage":13,"enemies":"Donu and Deca","floor":50,"turns":8}],"event_choices":[{"event_name":"Match and Keep!","player_choice":"1 cards matched","floor":10.0,"damage_taken":0.0},{"event_name":"Scrap Ooze","player_choice":"success","floor":12,"damage_taken":3},{"event_name":"The Cleric","player_choice":"Healed","floor":13,"damage_taken":0},{"event_name":"Forgotten Altar","player_choice":"Shed Blood","floor":20,"damage_taken":0},{"event_name":"Cursed Tome","player_choice":"Obtained Book","floor":28,"damage_taken":0},{"event_name":"Back to Basics","player_choice":"Simplicity","floor":29,"damage_taken":0},{"event_name":"Beggar","player_choice":"Gave Gold","floor":31,"damage_taken":0},{"event_name":"Winding Halls","player_choice":"Writhe","floor":41,"damage_taken":0}],"boss_relics":[{"not_picked":["Runic Pyramid","White Beast Statue"],"picked":"Sozu"},{"not_picked":["Tiny House","Orrery"],"picked":"Runic Dome"}],"potions_floor_spawned":[8,19,33,35,39],"seed_played":"-2028826722325935867","ascension_level":0,"is_trial":false}