{"path_per_floor":["M","$","?","M","?","E","R","E","T","R","M","M","R","E","R","B",null,"M","?","$","M","M","R","T","M","T","M","R","M","?","$","R","B",null,"M","?","M","T","M","R","E","R","T","M","R","T","?","M","R","B"],"character_chosen":"THE_SILENT","items_purchased":["Lantern"],"gold_per_floor":[118,43,43,56,56,81,81,108,133,133,143,153,153,178,178,253,253,263,188,88,102,114,114,114,129,179,193,193,207,207,54,54,132,132,142,0,16,46,56,56,86,86,86,100,100,125,125,143,143,143],"floor_reached":51,"campfire_rested":2,"playtime":3619,"current_hp_per_floor":[59,59,52,52,52,52,52,36,36,36,36,36,36,36,36,7,49,49,49,49,48,48,48,48,43,43,41,41,32,32,32,50,50,60,60,60,60,60,58,58,56,56,56,56,56,56,56,49,63,52],"items_purged":["Parasite","Defend_G"],"gold":143,"score":1041,"play_id":"ec93ea0f-a638-4474-8608-4cded9bc66e9","local_time":"20180314144848","is_prod":false,"is_daily":false,"is_ascension_mode":true,"campfire_upgraded":9,"timestamp":1521060528,"path_taken":["M","$","?","?","?","E","R","E","T","R","?","M","R","E","R","BOSS","M","?","$","M","M","R","?","M","T","M","R","M","?","?","R","BOSS","M","?","M","?","M","R","E","R","T","?","R","?","?","M","R","BOSS"],"build_version":"2018-03-01-PROD1","purchased_purges":2,"victory":true,"master_deck":["Survivor+1","Neutralize+1","Dash+1","Backstab","Terror+1","Adrenaline","Leg Sweep","Noxious Fumes+1","Tools of the Trade+1","Blur","Heel Hook","Dagger Spray+1","Tools of the Trade+1","Footwork+1","Footwork+1","Sucker Punch","PiercingWail+1","Dash"],"max_hp_per_floor":[66,63,63,63,63,63,63,63,63,63,63,63,63,63,63,63,63,63,63,63,63,63,63,63,63,63,63,63,63,63,63,63,63,63,63,63,63,63,63,63,63,63,63,63,63,63,63,63,63,63],"relics":["Ring of the Snake","NeowsBlessing","Omamori","Anchor","Pen Nib","Matryoshka","Runic Dome","Dodecahedron","Du-Vu Doll","Bottled Tornado","Art of War","Lantern","Pandora\u0027s Box","Red Mask","Tiny Chest","Bottled Flame","Smiling Mask","War Paint"],"card_choices":[{"not_picked":["Noxious Fumes","Outmaneuver"],"picked":"Dash"},{"not_picked":["Deflect","Crippling Poison"],"picked":"Backstab"},{"not_picked":["Deflect","Leg Sweep"],"picked":"Terror"},{"not_picked":["Acrobatics","Finisher"],"picked":"Adrenaline"},{"not_picked":["Quick Slash","Outmaneuver"],"picked":"Leg Sweep"},{"not_picked":["PiercingWail","Outmaneuver"],"picked":"Noxious Fumes"},{"not_picked":["Bullet Time","Doppelganger"],"picked":"Tools of the Trade"},{"not_picked":["Endless Agony","Poisoned Stab"],"picked":"Blur"},{"not_picked":["Outmaneuver","Acrobatics"],"picked":"Heel Hook"},{"not_picked":["Cloak And Dagger","Deflect"],"picked":"Dagger Spray"},{"not_picked":["Die Die Die","Grand Finale"],"picked":"Tools of the Trade"}],"player_experience":609233,"potions_floor_usage":[50,50,50],"damage_taken":[{"damage":0.0,"enemies":"Jaw Worm","floor":1.0,"turns":1.0},{"damage":0.0,"enemies":"2 Louse","floor":4.0,"turns":1.0},{"damage":0.0,"enemies":"Gremlin Nob","floor":6.0,"turns":1.0},{"damage":16.0,"enemies":"Lagavulin","floor":8.0,"turns":8.0},{"damage":0.0,"enemies":"Cultist","floor":11.0,"turns":3.0},{"damage":0.0,"enemies":"Lots of Slimes","floor":12.0,"turns":3.0},{"damage":0.0,"enemies":"3 Sentries","floor":14.0,"turns":7.0},{"damage":29.0,"enemies":"Slime Boss","floor":16.0,"turns":11.0},{"damage":0.0,"enemies":"2 Thieves","floor":18.0,"turns":4.0},{"damage":1.0,"enemies":"Chosen","floor":21.0,"turns":5.0},{"damage":0.0,"enemies":"Centurion and Healer","floor":22.0,"turns":7.0},{"damage":5.0,"enemies":"Snecko","floor":25.0,"turns":6.0},{"damage":2.0,"enemies":"Snake Plant","floor":27.0,"turns":4.0},{"damage":9.0,"enemies":"Slaver and Parasite","floor":29.0,"turns":5.0},{"damage":0.0,"enemies":"Automaton","floor":33.0,"turns":12.0},{"damage":0.0,"enemies":"Orb Walker","floor":35.0,"turns":3.0},{"damage":0.0,"enemies":"3 Shapes","floor":37.0,"turns":5.0},{"damage":2.0,"enemies":"3 Darklings","floor":39.0,"turns":6.0},{"damage":2.0,"enemies":"Nemesis","floor":41.0,"turns":7.0},{"damage":0.0,"enemies":"Maw","floor":44.0,"turns":7.0},{"damage":7.0,"enemies":"4 Shapes","floor":48.0,"turns":6.0},{"damage":23,"enemies":"Donu and Deca","floor":50,"turns":13}],"event_choices":[{"event_name":"Golden Wing","player_choice":"Card Removal","floor":3.0,"damage_taken":0.0},{"event_name":"Living Wall","player_choice":"Forget","floor":5.0,"damage_taken":0.0},{"event_name":"Beggar","player_choice":"Gave Gold","floor":19.0,"damage_taken":0.0},{"event_name":"The Mausoleum","player_choice":"No","floor":30.0,"damage_taken":0.0},{"event_name":"Tomb of Lord Red Mask","player_choice":"Paid","floor":36.0,"damage_taken":0.0}],"boss_relics":[],"potions_floor_spawned":[1,4,11,14,21,22,27,33,35,41,44],"seed_played":"-6634717784099550695","ascension_level":15,"is_trial":false}