{"gold_per_floor":[117,131,141,66,66,66,109,133,133,61,61,61,74,98,98,217,217,233,158,158,181,81,81,81,99,99,99,124,160,160,191,191,191],"floor_reached":33,"playtime":3059,"items_purged":["Strike_R","Injury"],"score":322,"play_id":"5073ecf7-0326-42e3-a5f0-dd4bd7e6a534","local_time":"20181211130155","is_ascension_mode":true,"campfire_choices":[{"data":"Armaments","floor":6.0,"key":"SMITH"},{"floor":12.0,"key":"REST"},{"floor":15.0,"key":"REST"},{"data":"Searing Blow","floor":23.0,"key":"SMITH"},{"data":"Metallicize","floor":27.0,"key":"SMITH"},{"floor":30,"key":"REST"},{"floor":32,"key":"REST"}],"neow_cost":"CURSE","seed_source_timestamp":0,"circlet_count":0,"master_deck":["Defend_R","Defend_R","Defend_R","Defend_R","Bash","Searing Blow+2","Armaments+1","Spot Weakness","Sword Boomerang","Metallicize+1","Pommel Strike","Flex","Double Tap","Flex","Sword Boomerang","Bite","Bite","Bite","Bite","Bite","Clothesline+1","True Grit"],"special_seed":0,"relics":["Burning Blood","Prayer Wheel","Golden Idol","Bag of Preparation","Bag of Marbles","Calipers","Sozu","Bottled Tornado","Pen Nib","Self Forming Clay"],"potions_floor_usage":[],"damage_taken":[{"damage":17.0,"enemies":"Small Slimes","floor":1.0,"turns":4.0},{"damage":16.0,"enemies":"Jaw Worm","floor":2.0,"turns":4.0},{"damage":4.0,"enemies":"2 Louse","floor":3.0,"turns":4.0},{"damage":59.0,"enemies":"Gremlin Nob","floor":7.0,"turns":6.0},{"damage":21.0,"enemies":"Exordium Thugs","floor":13.0,"turns":7.0},{"damage":2.0,"enemies":"2 Fungi Beasts","floor":14.0,"turns":5.0},{"damage":27.0,"enemies":"The Guardian","floor":16.0,"turns":8.0},{"damage":9.0,"enemies":"3 Byrds","floor":18.0,"turns":7.0},{"damage":10.0,"enemies":"2 Thieves","floor":21.0,"turns":3.0},{"damage":9.0,"enemies":"Cultist and Chosen","floor":25.0,"turns":4.0},{"damage":8,"enemies":"Centurion and Healer","floor":28,"turns":6},{"damage":36,"enemies":"Gremlin Leader","floor":29,"turns":7},{"damage":60,"enemies":"Slavers","floor":31,"turns":7},{"damage":62,"enemies":"Automaton","floor":33,"turns":6}],"seed_played":"6710367698414556212","potions_obtained":[{"floor":1.0,"key":"Regen Potion"},{"floor":7.0,"key":"FearPotion"},{"floor":14.0,"key":"Weak Potion"}],"is_trial":false,"path_per_floor":["M","M","M","$","?","R","E","T","T","$","$","R","M","M","R","B",null,"M","?","?","M","$","R","?","M","T","R","M","E","R","E","R","B"],"character_chosen":"IRONCLAD","items_purchased":["Metallicize"],"campfire_rested":4,"item_purchase_floors":[10],"current_hp_per_floor":[69,59,61,61,61,61,8,8,8,8,8,32,17,21,45,39,80,77,77,56,56,56,56,56,56,56,56,56,36,52,14,30,0],"gold":191,"neow_bonus":"ONE_RARE_RELIC","is_prod":false,"is_daily":false,"chose_seed":false,"campfire_upgraded":3,"win_rate":0,"timestamp":1544554915,"path_taken":["M","M","M","$","?","R","E","?","T","?","$","R","M","M","R","BOSS","M","?","?","M","$","R","?","M","T","R","M","E","R","E","R","BOSS"],"build_version":"2018-12-06","purchased_purges":2,"victory":false,"max_hp_per_floor":[80,80,80,80,80,80,80,80,80,80,80,80,80,80,80,80,80,80,80,56,56,56,56,56,56,56,56,56,56,56,56,56,56],"card_choices":[{"not_picked":["Heavy Blade","Thunderclap"],"picked":"Searing Blow","floor":1.0},{"not_picked":["Warcry","Clash","Fire Breathing"],"picked":"SKIP","floor":1.0},{"not_picked":["Twin Strike","Wild Strike"],"picked":"Armaments","floor":2.0},{"not_picked":["Whirlwind","Dual Wield","Battle Trance"],"picked":"SKIP","floor":2.0},{"not_picked":["Perfected Strike","Pummel"],"picked":"Spot Weakness","floor":3.0},{"not_picked":["Whirlwind","Wild Strike","Flame Barrier"],"picked":"SKIP","floor":3.0},{"not_picked":["Reaper","True Grit"],"picked":"Sword Boomerang","floor":7.0},{"not_picked":["Rage","Iron Wave"],"picked":"Pommel Strike","floor":13.0},{"not_picked":["Thunderclap","Bloodletting","Iron Wave"],"picked":"SKIP","floor":13.0},{"not_picked":["Ghostly Armor","Wild Strike"],"picked":"Flex","floor":14.0},{"not_picked":["Offering","Dropkick","Reckless Charge"],"picked":"SKIP","floor":14.0},{"not_picked":["Brutality","Offering"],"picked":"Double Tap","floor":16.0},{"not_picked":["Thunderclap","Clash+1"],"picked":"Flex","floor":18.0},{"not_picked":["Flame Barrier+1","Anger"],"picked":"Sword Boomerang","floor":18.0},{"not_picked":["Entrench","Clash","Fire Breathing+1"],"picked":"SKIP","floor":21.0},{"not_picked":["Reckless Charge","Headbutt","Wild Strike+1"],"picked":"SKIP","floor":21.0},{"not_picked":["Dark Embrace","Clothesline+1","Wild Strike+1"],"picked":"SKIP","floor":25.0},{"not_picked":["Fire Breathing+1","Dropkick","Rupture"],"picked":"SKIP","floor":25.0},{"not_picked":["Anger","Wild Strike"],"picked":"Clothesline+1","floor":28},{"not_picked":["Uppercut","Rupture+1","Seeing Red"],"picked":"SKIP","floor":28},{"not_picked":["Iron Wave","Headbutt+1","Thunderclap"],"picked":"SKIP","floor":29},{"not_picked":["Shockwave","Demon Form"],"picked":"True Grit","floor":31}],"player_experience":56959,"relics_obtained":[{"floor":7.0,"key":"Bag of Preparation"},{"floor":8.0,"key":"Bag of Marbles"},{"floor":9.0,"key":"Calipers"},{"floor":26.0,"key":"Bottled Tornado"},{"floor":29,"key":"Pen Nib"},{"floor":31,"key":"Self Forming Clay"}],"event_choices":[{"damage_healed":0.0,"max_hp_gain":0.0,"max_hp_loss":0.0,"gold_gain":0.0,"event_name":"Golden Idol","player_choice":"Take Wound","floor":5.0,"gold_loss":0.0,"damage_taken":0.0,"relics_obtained":["Golden Idol"],"cards_obtained":["Injury"]},{"cards_removed":["Normality"],"damage_healed":0.0,"max_hp_gain":0.0,"max_hp_loss":0.0,"gold_gain":0.0,"event_name":"Beggar","player_choice":"Gave Gold","floor":19.0,"gold_loss":75.0,"damage_taken":0.0},{"damage_healed":0.0,"max_hp_gain":0.0,"max_hp_loss":24.0,"gold_gain":0.0,"event_name":"Vampires","player_choice":"Became a vampire","floor":20.0,"gold_loss":0.0,"damage_taken":0.0,"cards_obtained":["Bite","Bite","Bite","Bite","Bite"]},{"damage_healed":0.0,"max_hp_gain":0.0,"max_hp_loss":0.0,"gold_gain":0.0,"event_name":"Upgrade Shrine","player_choice":"Upgraded","floor":24.0,"gold_loss":0.0,"damage_taken":0.0,"cards_upgraded":["Searing Blow"]}],"is_beta":false,"boss_relics":[{"not_picked":["Astrolabe","Busted Crown"],"picked":"Sozu"}],"items_purged_floors":[4,22],"is_endless":false,"potions_floor_spawned":[1,7,14,21,28,31],"killed_by":"Automaton","ascension_level":1}