{"path_per_floor":["M","M","?","?","M","E","?","M","T","M","?","M","$","M","R","B",null,"M","M","?","M","M","E","$"],"character_chosen":"DEFECT","items_purchased":["Double Energy","Capacitor","Blizzard"],"gold_per_floor":[110,122,72,72,89,119,194,209,209,223,223,236,2,12,12,113,113,124,140,140,157,168,193,13,13],"floor_reached":25,"campfire_rested":0,"playtime":2002,"item_purchase_floors":[13,13,24],"current_hp_per_floor":[66,66,66,66,60,55,44,44,44,44,38,34,34,36,36,18,68,45,37,37,46,45,13,13,0],"items_purged":["Defend_B","Strike_B"],"gold":13,"score":227,"play_id":"d3e9f042-6847-4f2d-b1ed-9498b18c6d11","local_time":"20180601085426","is_prod":false,"is_daily":false,"chose_seed":false,"is_ascension_mode":false,"campfire_upgraded":1,"win_rate":0.0,"timestamp":1527857666,"campfire_choices":[{"data":"Beam Cell","floor":15,"key":"SMITH"}],"path_taken":["M","M","?","?","M","E","?","?","T","M","?","M","?","M","R","BOSS","M","M","?","?","M","E","$","E"],"build_version":"2018-05-31","seed_source_timestamp":214409367728067,"purchased_purges":2,"victory":false,"master_deck":["Strike_B","Defend_B","Defend_B","Zap+1","Dualcast","Streamline","Ball Lightning","Conserve Battery","Rainbow","Fusion","Coolheaded","Beam Cell+1","Double Energy","Capacitor","Storm","Electrodynamics","Self Repair","Compile Driver","Auto Shields","Sweeping Beam","Creative AI","Blizzard"],"max_hp_per_floor":[68,68,68,68,68,68,68,68,68,68,68,68,68,68,68,68,68,68,68,68,68,68,68,68,68],"relics":["Cracked Core","Blood Vial","Nuclear Battery","Nloth\u0027s Gift","Gremlin Horn"],"card_choices":[{"not_picked":["Rip and Tear","Stack"],"picked":"Streamline","floor":1},{"not_picked":["Stack","Leap"],"picked":"Ball Lightning","floor":2},{"not_picked":["Chaos","Gash"],"picked":"Conserve Battery","floor":5},{"not_picked":["Reboot","Steam Power"],"picked":"Rainbow","floor":6},{"not_picked":["Ball Lightning","Redo"],"picked":"Fusion","floor":8},{"not_picked":["White Noise","Leap"],"picked":"Coolheaded","floor":10},{"not_picked":["Go for the Eyes","Hologram"],"picked":"Beam Cell","floor":12},{"not_picked":["Rebound","Conserve Battery"],"picked":"Storm","floor":14},{"not_picked":["Echo Form","Multi-Cast"],"picked":"Electrodynamics","floor":16},{"not_picked":["Go for the Eyes","Rip and Tear"],"picked":"Self Repair","floor":18},{"not_picked":["Aggregate","Ball Lightning+1"],"picked":"Compile Driver","floor":19},{"not_picked":["Gash","Beam Cell+1"],"picked":"Auto Shields","floor":21},{"not_picked":["Stack","Self Repair"],"picked":"Sweeping Beam","floor":22},{"not_picked":["Sweeping Beam","Gash"],"picked":"Creative AI","floor":23}],"player_experience":736162,"potions_floor_usage":[16,16,16,22],"damage_taken":[{"damage":2,"enemies":"Small Slimes","floor":1,"turns":3},{"damage":0,"enemies":"2 Louse","floor":2,"turns":3},{"damage":6,"enemies":"Jaw Worm","floor":5,"turns":2},{"damage":5,"enemies":"Lagavulin","floor":6,"turns":5},{"damage":0,"enemies":"Looter","floor":8,"turns":2},{"damage":2,"enemies":"Exordium Thugs","floor":10,"turns":3},{"damage":6,"enemies":"Gremlin Gang","floor":12,"turns":4},{"damage":0,"enemies":"Blue Slaver","floor":14,"turns":2},{"damage":20,"enemies":"Hexaghost","floor":16,"turns":9},{"damage":23,"enemies":"3 Byrds","floor":18,"turns":5},{"damage":17,"enemies":"Shell Parasite","floor":19,"turns":5},{"damage":0,"enemies":"Cultist and Chosen","floor":21,"turns":4},{"damage":10,"enemies":"Snecko","floor":22,"turns":5},{"damage":41,"enemies":"Gremlin Leader","floor":23,"turns":7},{"damage":17,"enemies":"Slavers","floor":25,"turns":1}],"relics_obtained":[{"floor":6,"key":"Anchor"},{"floor":9,"key":"Blood Vial"},{"floor":23,"key":"Gremlin Horn"}],"event_choices":[{"event_name":"The Cleric","player_choice":"Card Removal","floor":3,"damage_taken":0},{"event_name":"Living Wall","player_choice":"Grow","floor":4,"damage_taken":0},{"event_name":"World of Goop","player_choice":"Gather Gold","floor":7,"damage_taken":0},{"event_name":"Wheel of Change","player_choice":"Damage","floor":11,"damage_taken":0},{"event_name":"N\u0027loth","player_choice":"Traded a Anchor","floor":20,"damage_taken":0}],"boss_relics":[{"not_picked":["Runic Dome","Runic Pyramid"],"picked":"Nuclear Battery"}],"items_purged_floors":[13,24],"potions_floor_spawned":[1,6,8,10,14,16,19,21,23],"seed_played":"4086201797737403160","killed_by":"Slavers","ascension_level":0,"potions_obtained":[{"floor":1,"key":"Poison Potion"},{"floor":6,"key":"SteroidPotion"},{"floor":8,"key":"GamblersBrew"},{"floor":10,"key":"LiquidBronze"},{"floor":14,"key":"PowerPotion"},{"floor":16,"key":"Dexterity Potion"},{"floor":19,"key":"SteroidPotion"},{"floor":21,"key":"AttackPotion"},{"floor":23,"key":"Weak Potion"}],"is_trial":false}