{"gold_per_floor":[110,128,53,53,65,98,114,114,414,414,442,442,442,468,468,568,568,579,579,599,37,53,53,82,82,82,102,102,119,134,145,145,145],"floor_reached":33,"playtime":1384,"items_purged":["Strike_B","Strike_B"],"score":287,"play_id":"ead4c4c9-aa16-4a36-9d35-1167e6335631","local_time":"20190513045502","is_ascension_mode":false,"campfire_choices":[{"floor":10,"key":"REST"},{"data":"1","floor":13,"key":"LIFT"},{"floor":15,"key":"REST"},{"data":"2","floor":23,"key":"LIFT"},{"data":"3","floor":28,"key":"LIFT"},{"floor":32,"key":"REST"}],"neow_cost":"NONE","seed_source_timestamp":56680054460462,"circlet_count":0,"master_deck":["Strike_B","Strike_B+1","Defend_B","Defend_B","Defend_B","Defend_B","Zap","Dualcast","Ball Lightning","Leap+1","Compile Driver","Cold Snap","Defragment","Barrage+1","Glacier+1","Redo+1","Madness","Defragment","Chill+1","Gash","Steam Power","Genetic Algorithm","Beam Cell+1"],"relics":["Cracked Core","Bag of Preparation","Girya","StoneCalendar","Old Coin","Ice Cream","Ornamental Fan","Lantern","Runic Pyramid","FossilizedHelix","War Paint","Whetstone","Pear","Molten Egg 2"],"potions_floor_usage":[24,33,33,33],"damage_taken":[{"damage":7,"enemies":"2 Louse","floor":1,"turns":3},{"damage":2,"enemies":"Jaw Worm","floor":2,"turns":3},{"damage":0,"enemies":"Cultist","floor":5,"turns":3},{"damage":36,"enemies":"Lagavulin","floor":6,"turns":5},{"damage":0,"enemies":"2 Fungi Beasts","floor":7,"turns":3},{"damage":3,"enemies":"Gremlin Nob","floor":11,"turns":3},{"damage":25,"enemies":"3 Sentries","floor":14,"turns":5},{"damage":5,"enemies":"Hexaghost","floor":16,"turns":10},{"damage":12,"enemies":"2 Thieves","floor":18,"turns":5},{"damage":9,"enemies":"3 Byrds","floor":20,"turns":7},{"damage":13,"enemies":"Centurion and Healer","floor":22,"turns":8},{"damage":15,"enemies":"Slavers","floor":24,"turns":7},{"damage":0,"enemies":"Shelled Parasite and Fungi","floor":27,"turns":7},{"damage":0,"enemies":"Snake Plant","floor":29,"turns":4},{"damage":0,"enemies":"3 Cultists","floor":30,"turns":5},{"damage":10,"enemies":"Centurion and Healer","floor":31,"turns":5},{"damage":61,"enemies":"Champ","floor":33,"turns":14}],"seed_played":"2085487082114866159","potions_obtained":[{"floor":2,"key":"Poison Potion"},{"floor":7,"key":"Strength Potion"},{"floor":14,"key":"Dexterity Potion"},{"floor":30,"key":"Explosive Potion"}],"is_trial":false,"path_per_floor":["M","M","$","?","M","E","M","?","T","R","E","T","R","E","R","B",null,"M","?","M","$","M","R","E","?","T","M","R","M","M","M","R","B"],"character_chosen":"DEFECT","items_purchased":["War Paint","Whetstone","Madness","Defragment"],"campfire_rested":3,"item_purchase_floors":[21,21,21,21],"current_hp_per_floor":[68,66,66,63,63,27,27,27,27,49,46,46,46,21,43,38,75,63,63,54,54,41,41,36,36,36,36,36,36,36,26,51,0],"gold":145,"neow_bonus":"RANDOM_COMMON_RELIC","is_prod":false,"is_daily":false,"chose_seed":false,"campfire_upgraded":0,"win_rate":0.0,"timestamp":1557737702,"path_taken":["M","M","$","?","M","E","M","?","T","R","E","?","R","E","R","BOSS","M","?","M","$","M","R","E","?","T","M","R","M","M","?","R","BOSS"],"build_version":"2019-01-23","purchased_purges":2,"victory":false,"max_hp_per_floor":[75,75,75,75,75,75,75,75,75,75,75,75,75,75,75,75,75,75,75,75,75,75,75,85,85,85,85,85,85,85,85,85,85],"card_choices":[{"not_picked":["Hologram","Barrage"],"picked":"Ball Lightning","floor":1},{"not_picked":["Redo","Turbo"],"picked":"Leap","floor":2},{"not_picked":["Turbo","Double Energy"],"picked":"Compile Driver","floor":5},{"not_picked":["Storm","Turbo"],"picked":"Cold Snap","floor":6},{"not_picked":["Rip and Tear","Melter"],"picked":"Defragment","floor":7},{"not_picked":["Compile Driver","Conserve Battery"],"picked":"Barrage","floor":11},{"not_picked":["Beam Cell","Echo Form"],"picked":"Glacier","floor":14},{"not_picked":["Steam","Scrape","Reinforced Body"],"picked":"SKIP","floor":18},{"not_picked":["Beam Cell+1","Tempest"],"picked":"Redo+1","floor":20},{"not_picked":["Sweeping Beam+1","Scrape"],"picked":"Chill+1","floor":22},{"not_picked":["Beam Cell","Cold Snap+1"],"picked":"Gash","floor":24},{"not_picked":["Go for the Eyes+1","Lockon+1","Compile Driver+1"],"picked":"SKIP","floor":27},{"not_picked":["Heatsinks","Leap+1"],"picked":"Steam Power","floor":29},{"not_picked":["Skim","Reinforced Body+1"],"picked":"Genetic Algorithm","floor":30},{"not_picked":["Streamline+1","All For One+1"],"picked":"Beam Cell+1","floor":31}],"player_experience":25831,"relics_obtained":[{"floor":6,"key":"StoneCalendar"},{"floor":9,"key":"Old Coin"},{"floor":11,"key":"Ice Cream"},{"floor":12,"key":"Ornamental Fan"},{"floor":14,"key":"Lantern"},{"floor":24,"key":"Pear"},{"floor":26,"key":"Molten Egg 2"}],"event_choices":[{"damage_healed":0,"gold_gain":0,"player_choice":"Success","damage_taken":3,"relics_obtained":["Girya"],"max_hp_gain":0,"max_hp_loss":0,"event_name":"Scrap Ooze","floor":4,"gold_loss":0},{"damage_healed":0,"gold_gain":0,"player_choice":"Ignored","damage_taken":0,"max_hp_gain":0,"max_hp_loss":0,"event_name":"Golden Idol","floor":8,"gold_loss":0},{"damage_healed":0,"gold_gain":0,"player_choice":"Opened","damage_taken":0,"relics_obtained":["FossilizedHelix"],"max_hp_gain":0,"max_hp_loss":0,"event_name":"The Mausoleum","floor":19,"gold_loss":0,"cards_obtained":["Writhe"]},{"cards_removed":["Writhe"],"damage_healed":0,"gold_gain":0,"player_choice":"Removed Curses","damage_taken":0,"max_hp_gain":0,"max_hp_loss":0,"event_name":"Fountain of Cleansing","floor":25,"gold_loss":0}],"is_beta":false,"boss_relics":[{"not_picked":["Busted Crown","Empty Cage"],"picked":"Runic Pyramid"}],"items_purged_floors":[3,21],"is_endless":false,"potions_floor_spawned":[2,7,14,16,18,29,30],"killed_by":"Champ","ascension_level":0}