{"gold_per_floor":[117,117,117,117,132,132,57,68,68,82,92,92,127,145,145,241,241,259,278,290,307,214,214,226,226,226,246,246],"floor_reached":28,"playtime":2373,"items_purged":["Regret"],"score":269,"play_id":"765e713a-c55e-4535-9612-feb92c1873eb","local_time":"20190513005724","is_ascension_mode":true,"campfire_choices":[{"data":"Bash","floor":6.0,"key":"SMITH"},{"data":"Shockwave","floor":12.0,"key":"SMITH"},{"floor":15.0,"key":"REST"},{"floor":23,"key":"REST"},{"floor":25,"key":"REST"}],"neow_cost":"NONE","seed_source_timestamp":0,"circlet_count":0,"master_deck":["Strike_R","Strike_R","Strike_R","Strike_R+1","Defend_R","Defend_R+1","Defend_R","Defend_R","Bash+1","Second Wind","Clothesline","Sword Boomerang","Metallicize+1","Shockwave+1","Fire Breathing+1","Havoc+1","Armaments+1","Offering+1","Burning Pact+1","Ghostly Armor+1","Spot Weakness+1","Bandage Up+1","Heavy Blade"],"special_seed":0,"relics":["Burning Blood","Frozen Egg 2","Blood Vial","Regal Pillow","Toxic Egg 2","Runic Cube"],"potions_floor_usage":[16],"damage_taken":[{"damage":9.0,"enemies":"2 Louse","floor":1.0,"turns":3.0},{"damage":8.0,"enemies":"Jaw Worm","floor":5.0,"turns":4.0},{"damage":1.0,"enemies":"Cultist","floor":8.0,"turns":3.0},{"damage":14.0,"enemies":"Exordium Thugs","floor":10.0,"turns":4.0},{"damage":13.0,"enemies":"Large Slime","floor":11.0,"turns":5.0},{"damage":29.0,"enemies":"3 Sentries","floor":13.0,"turns":6.0},{"damage":12.0,"enemies":"Looter","floor":14.0,"turns":3.0},{"damage":39,"enemies":"Hexaghost","floor":16,"turns":11},{"damage":23,"enemies":"Shell Parasite","floor":18,"turns":4},{"damage":22,"enemies":"2 Thieves","floor":19,"turns":4},{"damage":31,"enemies":"Centurion and Healer","floor":20,"turns":7},{"damage":22,"enemies":"Snake Plant","floor":21,"turns":6},{"damage":19,"enemies":"Snecko","floor":24,"turns":4},{"damage":31,"enemies":"Shelled Parasite and Fungi","floor":27,"turns":5},{"damage":27,"enemies":"Slavers","floor":28,"turns":3}],"seed_played":"-7629488322185505022","potions_obtained":[{"floor":1.0,"key":"SpeedPotion"},{"floor":5.0,"key":"Poison Potion"},{"floor":11.0,"key":"SteroidPotion"},{"floor":14.0,"key":"Block Potion"},{"floor":21,"key":"SteroidPotion"},{"floor":24,"key":"Energy Potion"}],"is_trial":false,"path_per_floor":["M","?","?","?","M","R","$","M","T","M","M","R","E","M","R","B",null,"M","M","M","M","$","R","M","R","T","M","E"],"character_chosen":"IRONCLAD","items_purchased":["Bandage Up+1"],"campfire_rested":3,"item_purchase_floors":[22],"current_hp_per_floor":[77,61,54,54,54,54,54,61,61,55,50,50,29,25,64,33,80,63,49,26,12,12,51,46,80,80,61,42],"gold":246,"neow_bonus":"TRANSFORM_CARD","is_prod":false,"is_daily":false,"chose_seed":false,"campfire_upgraded":2,"win_rate":0,"timestamp":1557727044,"path_taken":["M","?","?","?","M","R","$","?","T","M","M","R","E","M","R","BOSS","M","M","M","M","$","R","M","R","T","M","E"],"build_version":"2019-01-23","purchased_purges":1,"victory":false,"max_hp_per_floor":[80,80,80,80,80,80,80,80,80,80,80,80,80,80,80,80,80,80,80,80,80,80,80,80,80,80,80,80],"card_choices":[{"not_picked":["Sever Soul","Flex"],"picked":"Clothesline","floor":1.0},{"not_picked":["Corruption+1","Perfected Strike"],"picked":"Sword Boomerang","floor":5.0},{"not_picked":["Iron Wave","Anger"],"picked":"Metallicize+1","floor":8.0},{"not_picked":["Inflame+1","Clash"],"picked":"Shockwave","floor":10.0},{"not_picked":["Thunderclap","Iron Wave"],"picked":"Fire Breathing+1","floor":11.0},{"not_picked":["Perfected Strike","Pommel Strike"],"picked":"Havoc","floor":13.0},{"not_picked":["Warcry+1","Shockwave+1"],"picked":"Armaments+1","floor":14.0},{"not_picked":["Barricade+1","Dark Embrace+1"],"picked":"Offering+1","floor":16},{"not_picked":["Perfected Strike","Hemokinesis"],"picked":"Burning Pact+1","floor":18},{"not_picked":["Sword Boomerang","Pommel Strike"],"picked":"Ghostly Armor+1","floor":19},{"not_picked":["Perfected Strike","Rampage","Warcry+1"],"picked":"SKIP","floor":20},{"not_picked":["Perfected Strike","Battle Trance+1"],"picked":"Spot Weakness+1","floor":21},{"not_picked":["Body Slam","Shockwave+1","Warcry+1"],"picked":"SKIP","floor":24},{"not_picked":["Blood for Blood","True Grit+1"],"picked":"Heavy Blade","floor":27}],"player_experience":199464,"relics_obtained":[{"floor":9.0,"key":"Regal Pillow"},{"floor":13.0,"key":"Toxic Egg 2"}],"event_choices":[{"damage_healed":0.0,"max_hp_gain":0.0,"max_hp_loss":0.0,"gold_gain":0.0,"event_name":"Shining Light","player_choice":"Entered Light","floor":2.0,"gold_loss":0.0,"damage_taken":16.0,"cards_upgraded":["Defend_R","Strike_R"]},{"damage_healed":0.0,"max_hp_gain":0.0,"max_hp_loss":0.0,"gold_gain":0.0,"event_name":"Scrap Ooze","player_choice":"Success","floor":3.0,"gold_loss":0.0,"damage_taken":7.0,"relics_obtained":["Frozen Egg 2"]},{"damage_healed":0.0,"max_hp_gain":0.0,"max_hp_loss":0.0,"gold_gain":0.0,"event_name":"Big Fish","player_choice":"Box","floor":4.0,"gold_loss":0.0,"damage_taken":0.0,"relics_obtained":["Blood Vial"],"cards_obtained":["Regret"]}],"is_beta":false,"boss_relics":[{"not_picked":["Runic Dome","White Beast Statue"],"picked":"Runic Cube"}],"items_purged_floors":[7],"is_endless":false,"potions_floor_spawned":[1,5,11,14,21,24,27],"killed_by":"Slavers","ascension_level":4}