{"path_per_floor":["M","M","?","?","$","E","M","R","T","$","R","M","R","M","R","B",null,"M","M","?","M","?","R","M","?","T","R","?","E","$","M","R","B",null,"M","M","M","?","?","R","M","M","T","M","R","M","M","$","R","B"],"character_chosen":"THE_SILENT","items_purchased":["Backflip"],"gold_per_floor":[99,99,49,49,25,25,25,25,25,25,25,0,0,0,0,0,0,0,0,0,0,0,0,0,0,0,0,0,0,0,0,0,0,0,0,0,0,0,0,0,0,0,0,0,0,0,0,0,0,0],"floor_reached":51,"campfire_rested":1,"playtime":4420,"current_hp_per_floor":[70,70,70,70,70,59,59,59,59,59,59,59,59,59,59,51,70,70,70,70,58,58,58,54,54,54,54,54,45,45,45,45,45,70,55,55,55,55,55,55,55,55,55,55,55,55,55,55,70,70],"items_purged":[],"gold":0,"score":621,"play_id":"aaad4ae9-9c70-4e4b-af1a-72eb2becf1c5","is_prod":false,"is_daily":false,"is_ascension_mode":false,"campfire_upgraded":9,"path_taken":["M","M","?","?","$","E","M","R","T","?","R","M","R","M","R","BOSS","M","M","?","M","?","R","M","?","T","R","?","E","?","?","R","BOSS","M","M","M","?","?","R","M","M","T","M","R","M","M","$","R","BOSS"],"build_version":"2018-02-22-PROD1","purchased_purges":0,"victory":true,"master_deck":["Defend_G+1","Defend_G+1","Defend_G+1","Defend_G+1","Defend_G+1","Strike_G+1","Strike_G+1","Strike_G+1","Survivor","Neutralize+1","Quick Slash+1","Cloak And Dagger","Backflip+1","Escape Plan","Footwork+1","Footwork+1","Footwork+1","Cloak And Dagger+1","Bouncing Flask+1","Blur+1","Cloak And Dagger+1","Quick Slash+1","Noxious Fumes+1"],"max_hp_per_floor":[70,70,70,70,70,70,70,70,70,70,70,70,70,70,70,70,70,70,70,70,70,70,70,70,70,70,70,70,70,70,70,70,70,70,70,70,70,70,70,70,70,70,70,70,70,70,70,70,70,70],"relics":["Ectoplasm"],"card_choices":[{"not_picked":["Deflect","Acrobatics"],"picked":"Quick Slash"},{"not_picked":["Catalyst","Doppelganger"],"picked":"Cloak And Dagger"},{"not_picked":["Quick Slash","Dodge and Roll"],"picked":"Escape Plan"},{"not_picked":["Poisoned Stab","Underhanded Strike"],"picked":"Footwork"},{"not_picked":["Poisoned Stab","Cloak And Dagger"],"picked":"Footwork"},{"not_picked":["PiercingWail","Flying Knee"],"picked":"Footwork"},{"not_picked":["Heel Hook","Deflect"],"picked":"Cloak And Dagger"},{"not_picked":["Quick Slash","Flechettes"],"picked":"Bouncing Flask"},{"not_picked":["Acrobatics","Riddle With Holes"],"picked":"Blur"},{"not_picked":["Burst","Dagger Throw"],"picked":"Cloak And Dagger"},{"not_picked":["Blade Dance","Underhanded Strike"],"picked":"Quick Slash"},{"not_picked":["Poisoned Stab","Wraith Form"],"picked":"Noxious Fumes"}],"player_experience":425479,"potions_floor_usage":[50,50,50],"damage_taken":[{"damage":0.0,"enemies":"2 Louse","floor":1.0,"turns":3.0},{"damage":0.0,"enemies":"Small Slimes","floor":2.0,"turns":5.0},{"damage":11.0,"enemies":"Lagavulin","floor":6.0,"turns":10.0},{"damage":0.0,"enemies":"Jaw Worm","floor":7.0,"turns":4.0},{"damage":0.0,"enemies":"Looter","floor":12.0,"turns":3.0},{"damage":0.0,"enemies":"Blue Slaver","floor":14.0,"turns":4.0},{"damage":8.0,"enemies":"Hexaghost","floor":16.0,"turns":21.0},{"damage":0.0,"enemies":"Shell Parasite","floor":18.0,"turns":10.0},{"damage":0.0,"enemies":"Chosen","floor":19.0,"turns":11.0},{"damage":12.0,"enemies":"3 Cultists","floor":21.0,"turns":11.0},{"damage":4.0,"enemies":"Snake Plant","floor":24.0,"turns":7.0},{"damage":9.0,"enemies":"Slavers","floor":29.0,"turns":11.0},{"damage":0.0,"enemies":"Centurion and Healer","floor":31.0,"turns":11.0},{"damage":0.0,"enemies":"Collector","floor":33.0,"turns":16.0},{"damage":15.0,"enemies":"Orb Walker","floor":35.0,"turns":5.0},{"damage":0.0,"enemies":"3 Darklings","floor":36.0,"turns":7.0},{"damage":0.0,"enemies":"4 Shapes","floor":37.0,"turns":10.0},{"damage":0,"enemies":"Maw","floor":41,"turns":10},{"damage":0,"enemies":"Sphere and 2 Shapes","floor":42,"turns":11},{"damage":0,"enemies":"4 Shapes","floor":44,"turns":10},{"damage":0,"enemies":"Maw","floor":46,"turns":11},{"damage":0,"enemies":"3 Darklings","floor":47,"turns":9},{"damage":0,"enemies":"Time Eater","floor":50,"turns":19}],"event_choices":[{"event_name":"The Cleric","player_choice":"Card Removal","floor":3.0,"damage_taken":0.0},{"event_name":"Liars Game","player_choice":"disagreed","floor":4.0,"damage_taken":0.0},{"event_name":"The Mausoleum","player_choice":"No","floor":20.0,"damage_taken":0.0},{"event_name":"Back to Basics","player_choice":"Simplicity","floor":22.0,"damage_taken":0.0},{"event_name":"Vampires","player_choice":"Ignored","floor":25.0,"damage_taken":0.0},{"event_name":"Addict","player_choice":"Ignored","floor":28.0,"damage_taken":0.0},{"event_name":"Mysterious Sphere","player_choice":"Ignore","floor":38.0,"damage_taken":0.0}],"boss_relics":[],"potions_floor_spawned":[7,12,14,21,24,31,42,44,47],"seed_played":"298143310756886598","ascension_level":0,"is_trial":false}