{"gold_per_floor":[109,124,49,60,11,11,44,61,61,78,78,89,89,103,103,200,200,188,188,188,198,213,239,239,268,268,268,268,268,293,4,4,107,107,120,133,149,160,120,120,149,149,149,114,114,114,114,124,124,124,124,124,124,159,159],"floor_reached":55,"playtime":9016,"items_purged":["Strike_B","Strike_B"],"score":767,"play_id":"fb84d069-7d0f-4dd0-9d4f-93fcb30939c0","local_time":"20190503231232","is_ascension_mode":true,"campfire_choices":[{"data":"Conserve Battery","floor":6.0,"key":"SMITH"},{"floor":11.0,"key":"REST"},{"data":"Consume","floor":13.0,"key":"SMITH"},{"floor":15.0,"key":"REST"},{"floor":24.0,"key":"REST"},{"floor":27.0,"key":"REST"},{"floor":32.0,"key":"REST"},{"floor":40,"key":"REST"},{"floor":42,"key":"RECALL"},{"floor":49,"key":"REST"},{"data":"Apotheosis","floor":52,"key":"SMITH"}],"neow_cost":"PERCENT_DAMAGE","seed_source_timestamp":0,"circlet_count":0,"master_deck":["Defend_B","Defend_B","Defend_B","Zap","Dualcast","Ball Lightning","Ball Lightning","Leap","Conserve Battery+1","Reinforced Body","Go for the Eyes","Hologram","Consume+1","Darkness","Machine Learning","Cold Snap","Self Repair+1","Electrodynamics","RitualDagger","Coolheaded+1","Cold Snap","Echo Form","Loop+1","Capacitor","Hologram+1","Glacier","Apotheosis+1"],"special_seed":0,"relics":["FrozenCore","Bronze Scales","Regal Pillow","Sozu","Bag of Marbles","Happy Flower","Torii","MutagenicStrength","Ornamental Fan","Oddly Smooth Stone","Omamori","Darkstone Periapt","Blood Vial"],"potions_floor_usage":[50,50],"damage_taken":[{"damage":5.0,"enemies":"Jaw Worm","floor":1.0,"turns":4.0},{"damage":2.0,"enemies":"2 Louse","floor":2.0,"turns":2.0},{"damage":2.0,"enemies":"Small Slimes","floor":4.0,"turns":3.0},{"damage":6.0,"enemies":"Lagavulin","floor":7.0,"turns":5.0},{"damage":0.0,"enemies":"Looter","floor":8.0,"turns":2.0},{"damage":25.0,"enemies":"Gremlin Gang","floor":10.0,"turns":4.0},{"damage":8.0,"enemies":"Exordium Wildlife","floor":12.0,"turns":4.0},{"damage":16.0,"enemies":"3 Louse","floor":14.0,"turns":3.0},{"damage":15.0,"enemies":"The Guardian","floor":16.0,"turns":9.0},{"damage":3.0,"enemies":"2 Thieves","floor":18.0,"turns":5.0},{"damage":0.0,"enemies":"Spheric Guardian","floor":21.0,"turns":3.0},{"damage":0.0,"enemies":"Chosen and Byrds","floor":22.0,"turns":5.0},{"damage":63.0,"enemies":"Slavers","floor":23.0,"turns":6.0},{"damage":10.0,"enemies":"Gremlin Leader","floor":25.0,"turns":7.0},{"damage":23.0,"enemies":"Slavers","floor":30.0,"turns":5.0},{"damage":45.0,"enemies":"Champ","floor":33.0,"turns":17.0},{"damage":16,"enemies":"3 Shapes","floor":35,"turns":3},{"damage":38,"enemies":"3 Darklings","floor":36,"turns":5},{"damage":12,"enemies":"Transient","floor":37,"turns":5},{"damage":7,"enemies":"Maw","floor":38,"turns":7},{"damage":0,"enemies":"Giant Head","floor":41,"turns":9},{"damage":19,"enemies":"Sphere and 2 Shapes","floor":48,"turns":5},{"damage":9,"enemies":"Time Eater","floor":50,"turns":10},{"damage":20,"enemies":"Shield and Spear","floor":54,"turns":7},{"damage":76,"enemies":"The Heart","floor":55,"turns":9}],"seed_played":"-7249654722634365744","potions_obtained":[{"floor":10.0,"key":"FairyPotion"},{"floor":12.0,"key":"Ancient Potion"},{"floor":16.0,"key":"LiquidBronze"}],"is_trial":false,"path_per_floor":["M","M","$","M","$","R","E","M","T","M","R","M","R","M","R","B",null,"M","?","T","M","M","E","R","E","T","R","?","?","E","$","R","B",null,"M","M","M","M","$","R","E","R","T","$","?","?","?","M","R","B",null,"R","$","E","B"],"character_chosen":"DEFECT","items_purchased":["Conserve Battery","Oddly Smooth Stone","Cold Snap","Capacitor","Glacier"],"campfire_rested":7,"item_purchase_floors":[5,31,31,39,44],"current_hp_per_floor":[49,47,47,45,45,45,39,39,39,14,51,43,43,27,64,49,75,72,72,72,72,72,9,46,46,46,75,75,69,56,56,75,40,75,59,31,29,42,42,75,75,75,75,75,75,75,75,66,75,66,75,75,75,65,0],"gold":159,"neow_bonus":"REMOVE_TWO","is_prod":false,"is_daily":false,"chose_seed":false,"campfire_upgraded":3,"win_rate":0,"timestamp":1556943152,"path_taken":["M","M","$","M","$","R","E","M","T","M","R","M","R","M","R","BOSS","M","?","?","M","M","E","R","E","T","R","?","?","E","$","R","BOSS","M","M","M","M","$","R","E","R","T","$","?","?","?","M","R","BOSS","R","$","E","BOSS"],"build_version":"2019-01-23","purchased_purges":2,"victory":false,"max_hp_per_floor":[75,75,75,75,75,75,75,75,75,75,75,75,75,75,75,75,75,75,75,75,75,75,75,75,75,75,75,75,75,75,75,75,75,75,75,75,75,75,75,75,75,75,75,75,75,75,75,75,75,75,75,75,75,75,75],"card_choices":[{"not_picked":["Stack","Gash"],"picked":"Ball Lightning","floor":1.0},{"not_picked":["Beam Cell","Barrage"],"picked":"Ball Lightning","floor":2.0},{"not_picked":["Gash","Blizzard"],"picked":"Leap","floor":4.0},{"not_picked":["Go for the Eyes","Rebound"],"picked":"Reinforced Body","floor":7.0},{"not_picked":["Force Field","Barrage"],"picked":"Go for the Eyes","floor":8.0},{"not_picked":["Meteor Strike","Gash"],"picked":"Hologram","floor":10.0},{"not_picked":["Hologram","Conserve Battery"],"picked":"Consume","floor":12.0},{"not_picked":["Sweeping Beam","Steam"],"picked":"Darkness","floor":14.0},{"not_picked":["Multi-Cast","Reboot"],"picked":"Machine Learning","floor":16.0},{"not_picked":["Hologram","Ball Lightning"],"picked":"Cold Snap","floor":18.0},{"not_picked":["Hologram","Leap","Rip and Tear"],"picked":"SKIP","floor":21.0},{"not_picked":["Compile Driver","Conserve Battery","Streamline+1"],"picked":"SKIP","floor":22.0},{"not_picked":["Hyperbeam","Rebound"],"picked":"Self Repair+1","floor":23.0},{"not_picked":["Storm+1","Sweeping Beam"],"picked":"Electrodynamics","floor":25.0},{"not_picked":["Beam Cell","Go for the Eyes"],"picked":"Coolheaded+1","floor":30.0},{"not_picked":["Hyperbeam","Machine Learning"],"picked":"Echo Form","floor":33.0},{"not_picked":["Heatsinks","Genetic Algorithm"],"picked":"Loop+1","floor":35},{"not_picked":["Redo+1","Reprogram+1","Barrage+1"],"picked":"SKIP","floor":36},{"not_picked":["Streamline","Barrage+1","Scrape+1"],"picked":"SKIP","floor":37},{"not_picked":["Coolheaded","Force Field","Leap"],"picked":"SKIP","floor":38},{"not_picked":["Ball Lightning","Steam Power+1"],"picked":"Hologram+1","floor":41},{"not_picked":["Mind Blast","Panache"],"picked":"Apotheosis","floor":47},{"not_picked":["Ball Lightning+1","Reinforced Body","Streamline"],"picked":"SKIP","floor":48},{"not_picked":["Rebound+1","Loop+1","Conserve Battery"],"picked":"SKIP","floor":54}],"player_experience":108904,"relics_obtained":[{"floor":7.0,"key":"Bronze Scales"},{"floor":9.0,"key":"Regal Pillow"},{"floor":23.0,"key":"Bag of Marbles"},{"floor":25.0,"key":"Happy Flower"},{"floor":26.0,"key":"Torii"},{"floor":30.0,"key":"Ornamental Fan"},{"floor":41,"key":"Omamori"},{"floor":43,"key":"Darkstone Periapt"},{"floor":54,"key":"Blood Vial"}],"event_choices":[{"damage_healed":0.0,"max_hp_gain":0.0,"max_hp_loss":0.0,"gold_gain":0.0,"event_name":"Ghosts","player_choice":"Ignored","floor":19.0,"gold_loss":0.0,"damage_taken":0.0},{"damage_healed":0.0,"max_hp_gain":0.0,"max_hp_loss":0.0,"gold_gain":0.0,"event_name":"Drug Dealer","player_choice":"Inject Mutagens","floor":28.0,"gold_loss":0.0,"damage_taken":0.0,"relics_obtained":["MutagenicStrength"]},{"damage_healed":0.0,"max_hp_gain":0.0,"max_hp_loss":0.0,"gold_gain":0.0,"event_name":"Nest","player_choice":"Joined the Cult","floor":29.0,"gold_loss":0.0,"damage_taken":6.0,"cards_obtained":["RitualDagger"]},{"cards_removed":["Defend_B"],"damage_healed":0,"gold_gain":0,"player_choice":"Removed Skill","damage_taken":0,"max_hp_gain":0,"max_hp_loss":0,"event_name":"Falling","floor":45,"gold_loss":0},{"damage_healed":0,"gold_gain":0,"player_choice":"Ignored","damage_taken":0,"max_hp_gain":0,"max_hp_loss":0,"event_name":"Mysterious Sphere","floor":46,"gold_loss":0},{"damage_healed":0,"gold_gain":0,"player_choice":"Memory 1","damage_taken":0,"max_hp_gain":0,"max_hp_loss":0,"event_name":"SensoryStone","floor":47,"gold_loss":0}],"is_beta":false,"boss_relics":[{"not_picked":["Runic Dome","Pandora\u0027s Box"],"picked":"Sozu"},{"not_picked":["Orrery","Coffee Dripper"],"picked":"FrozenCore"}],"items_purged_floors":[3,31],"is_endless":false,"potions_floor_spawned":[10,12,16,18,21,25,33,35,37,54],"killed_by":"The Heart","ascension_level":1}