{"gold_per_floor":[113,133,66,84,9,44,44,44,44,57,57,57,70,88,88,191,191,203,223,223],"floor_reached":20,"playtime":694,"items_purged":["Strike_R"],"score":176,"play_id":"9dd71cef-c9b2-4238-bbc8-fabf850142a5","local_time":"20190513013623","is_ascension_mode":false,"campfire_choices":[{"data":"Fire Breathing","floor":7,"key":"SMITH"},{"data":"Infernal Blade","floor":8,"key":"SMITH"},{"floor":15,"key":"REST"}],"neow_cost":"NONE","seed_source_timestamp":45451068431488,"circlet_count":0,"master_deck":["Strike_R","Strike_R","Strike_R","Strike_R","Defend_R","Defend_R","Defend_R","Defend_R","Bash","Headbutt","Infernal Blade+1","Fire Breathing+1","True Grit","Impervious","Sword Boomerang","Flex","Sword Boomerang","Feed"],"relics":["Sozu","WingedGreaves","Nunchaku","Red Skull","Eternal Feather"],"potions_floor_usage":[],"damage_taken":[{"damage":0,"enemies":"Cultist","floor":1,"turns":3},{"damage":1,"enemies":"2 Louse","floor":2,"turns":2},{"damage":6,"enemies":"Jaw Worm","floor":4,"turns":2},{"damage":24,"enemies":"Lagavulin","floor":6,"turns":6},{"damage":14,"enemies":"Gremlin Gang","floor":10,"turns":7},{"damage":0,"enemies":"Exordium Wildlife","floor":13,"turns":2},{"damage":7,"enemies":"2 Fungi Beasts","floor":14,"turns":2},{"damage":36,"enemies":"The Guardian","floor":16,"turns":6},{"damage":40,"enemies":"Chosen","floor":18,"turns":5},{"damage":15,"enemies":"3 Byrds","floor":19,"turns":4},{"damage":34,"enemies":"Centurion and Healer","floor":20,"turns":5}],"seed_played":"-6439932562912729467","potions_obtained":[],"is_trial":false,"path_per_floor":["M","M","$","M","$","E","R","R","T","M","T","?","M","M","R","B",null,"M","M","M"],"character_chosen":"IRONCLAD","items_purchased":["Fire Breathing"],"campfire_rested":1,"item_purchase_floors":[3],"current_hp_per_floor":[80,79,79,73,73,49,49,49,49,35,35,35,35,28,52,16,80,40,28,0],"gold":223,"neow_bonus":"BOSS_RELIC","is_prod":false,"is_daily":false,"chose_seed":false,"campfire_upgraded":2,"win_rate":0.0,"timestamp":1557725783,"path_taken":["M","M","$","M","$","E","R","R","T","?","?","?","M","M","R","BOSS","M","M","M"],"build_version":"2019-01-23","purchased_purges":1,"victory":false,"max_hp_per_floor":[80,80,80,80,80,80,80,80,80,80,80,80,80,80,80,80,80,80,83,83],"card_choices":[{"not_picked":["Body Slam","Intimidate"],"picked":"Headbutt","floor":1},{"not_picked":["Headbutt","Twin Strike"],"picked":"Infernal Blade","floor":2},{"not_picked":["Burning Pact","Perfected Strike"],"picked":"True Grit","floor":4},{"not_picked":["Bloodletting","Body Slam"],"picked":"Impervious","floor":6},{"not_picked":["Power Through","Body Slam"],"picked":"Sword Boomerang","floor":10},{"not_picked":["Twin Strike","Heavy Blade"],"picked":"Flex","floor":13},{"not_picked":["Twin Strike","Rampage"],"picked":"Sword Boomerang","floor":14},{"not_picked":["Barricade","Juggernaut"],"picked":"Feed","floor":16},{"not_picked":["Perfected Strike","Blood for Blood","Hemokinesis"],"picked":"SKIP","floor":18},{"not_picked":["Rupture+1","Twin Strike+1","Perfected Strike"],"picked":"SKIP","floor":19}],"player_experience":14768,"relics_obtained":[{"floor":6,"key":"WingedGreaves"},{"floor":9,"key":"Nunchaku"},{"floor":11,"key":"Red Skull"}],"event_choices":[{"damage_healed":0,"gold_gain":0,"player_choice":"Ignored","damage_taken":0,"max_hp_gain":0,"max_hp_loss":0,"event_name":"Golden Wing","floor":12,"gold_loss":0}],"is_beta":false,"boss_relics":[{"not_picked":["Tiny House","Orrery"],"picked":"Eternal Feather"}],"items_purged_floors":[5],"is_endless":false,"potions_floor_spawned":[6,13,14,19],"killed_by":"Centurion and Healer","ascension_level":0}