{"gold_per_floor":[118,68,243,87,102,102,128,33,106,134,134,148,148,148,148,269,269,285,410,410,310,328,328,367,387,387,421,251,251,275,275,275,275],"floor_reached":33,"playtime":9771,"items_purged":["Doubt","Strike_B","Strike_B"],"score":345,"play_id":"5cb98284-0594-407f-b05f-f002b5a72398","local_time":"20190504035047","is_ascension_mode":true,"campfire_choices":[{"data":"Defragment","floor":6.0,"key":"SMITH"},{"data":"Ball Lightning","floor":11.0,"key":"SMITH"},{"floor":13.0,"key":"REST"},{"floor":15.0,"key":"RECALL"},{"floor":23.0,"key":"REST"},{"floor":29,"key":"REST"},{"floor":32,"key":"REST"}],"neow_cost":"TEN_PERCENT_HP_LOSS","seed_source_timestamp":0,"circlet_count":0,"master_deck":["Defend_B","Defend_B","Defend_B","Zap","Dualcast","Redo","Defragment+1","Ball Lightning+1","Cold Snap","Glacier","Conserve Battery","Hologram","Injury","Electrodynamics","Glacier","Ball Lightning","Hologram","Coolheaded+1","Electrodynamics","Conserve Battery","Cold Snap"],"special_seed":0,"relics":["Cracked Core","Centennial Puzzle","Ginger","Golden Idol","Philosopher\u0027s Stone","WingedGreaves","Cables","Pear","Pantograph","Bronze Scales"],"potions_floor_usage":[27,27,27],"damage_taken":[{"damage":0.0,"enemies":"2 Louse","floor":1.0,"turns":2.0},{"damage":3.0,"enemies":"Small Slimes","floor":5.0,"turns":3.0},{"damage":21.0,"enemies":"Lagavulin","floor":7.0,"turns":5.0},{"damage":0.0,"enemies":"3 Sentries","floor":10.0,"turns":7.0},{"damage":5.0,"enemies":"Jaw Worm","floor":12.0,"turns":2.0},{"damage":7.0,"enemies":"Slime Boss","floor":16.0,"turns":13.0},{"damage":18.0,"enemies":"3 Byrds","floor":18.0,"turns":2.0},{"damage":26.0,"enemies":"Colosseum Slavers","floor":19.0,"turns":3.0},{"damage":18.0,"enemies":"Colosseum Nobs","floor":19.0,"turns":4.0},{"damage":2.0,"enemies":"Chosen","floor":22.0,"turns":3.0},{"damage":24.0,"enemies":"Gremlin Leader","floor":24.0,"turns":4.0},{"damage":7.0,"enemies":"Centurion and Healer","floor":25.0,"turns":4.0},{"damage":14,"enemies":"Slavers","floor":27,"turns":4},{"damage":0,"enemies":"3 Cultists","floor":30,"turns":5},{"damage":88,"enemies":"Champ","floor":33,"turns":20}],"seed_played":"-8745972337543543451","potions_obtained":[{"floor":10.0,"key":"LiquidBronze"},{"floor":12.0,"key":"Fire Potion"},{"floor":18.0,"key":"Energy Potion"},{"floor":19.0,"key":"Swift Potion"},{"floor":24.0,"key":"Regen Potion"},{"floor":25.0,"key":"PowerPotion"}],"is_trial":false,"path_per_floor":["M","?","?","$","M","R","E","$","T","E","R","M","R","?","R","B",null,"M","?","?","$","M","R","E","M","T","E","$","R","M","?","R","B"],"character_chosen":"DEFECT","items_purchased":["Defragment","Glacier","Conserve Battery","Conserve Battery"],"campfire_rested":4,"item_purchase_floors":[4,8,8,28],"current_hp_per_floor":[68,68,68,68,65,65,44,44,44,44,44,39,59,59,59,52,68,50,6,28,28,26,46,32,25,25,23,23,46,46,46,69,0],"gold":275,"neow_bonus":"REMOVE_TWO","is_prod":false,"is_daily":false,"chose_seed":false,"campfire_upgraded":2,"win_rate":0,"timestamp":1556959847,"path_taken":["M","?","?","$","M","R","E","?","T","E","R","M","R","?","R","BOSS","M","?","?","?","?","R","E","M","T","E","$","R","M","?","R","BOSS"],"build_version":"2019-01-23","purchased_purges":3,"victory":false,"max_hp_per_floor":[68,68,68,68,68,68,68,68,68,68,68,68,68,68,68,68,68,68,68,68,68,68,68,78,78,78,78,78,78,78,78,78,78],"card_choices":[{"not_picked":["Go for the Eyes","Steam Power"],"picked":"Redo","floor":1.0},{"not_picked":["Force Field","Scrape"],"picked":"Ball Lightning","floor":5.0},{"not_picked":["Streamline","Reboot"],"picked":"Cold Snap","floor":7.0},{"not_picked":["Turbo","Go for the Eyes"],"picked":"Hologram","floor":10.0},{"not_picked":["Lockon","Leap","Steam Power"],"picked":"SKIP","floor":12.0},{"not_picked":["Biased Cognition","Amplify"],"picked":"Electrodynamics","floor":16.0},{"not_picked":["Hologram","Barrage"],"picked":"Glacier","floor":18.0},{"not_picked":["Leap+1","Rebound"],"picked":"Ball Lightning","floor":19.0},{"not_picked":["Turbo+1","Hello World"],"picked":"Hologram","floor":22.0},{"not_picked":["Melter","Barrage+1","Hello World+1"],"picked":"SKIP","floor":24.0},{"not_picked":["Melter","Barrage+1","Hello World+1"],"picked":"SKIP","floor":24.0},{"not_picked":["Conserve Battery","Compile Driver"],"picked":"Coolheaded+1","floor":25.0},{"not_picked":["Scrape","Leap"],"picked":"Electrodynamics","floor":27},{"not_picked":["Compile Driver","Redo"],"picked":"Cold Snap","floor":30}],"player_experience":117920,"relics_obtained":[{"floor":7.0,"key":"Centennial Puzzle"},{"floor":10.0,"key":"Ginger"},{"floor":19.0,"key":"WingedGreaves"},{"floor":19.0,"key":"Cables"},{"floor":24.0,"key":"Pear"},{"floor":26.0,"key":"Pantograph"},{"floor":27,"key":"Bronze Scales"}],"event_choices":[{"cards_removed":["Defend_B"],"damage_healed":0.0,"max_hp_gain":0.0,"max_hp_loss":0.0,"gold_gain":0.0,"event_name":"The Cleric","player_choice":"Card Removal","floor":2.0,"gold_loss":50.0,"damage_taken":0.0},{"damage_healed":0.0,"max_hp_gain":0.0,"max_hp_loss":0.0,"gold_gain":175.0,"event_name":"Liars Game","player_choice":"AGREE","floor":3.0,"gold_loss":0.0,"damage_taken":0.0,"cards_obtained":["Doubt"]},{"damage_healed":0.0,"max_hp_gain":0.0,"max_hp_loss":0.0,"gold_gain":0.0,"event_name":"Golden Idol","player_choice":"Take Wound","floor":14.0,"gold_loss":0.0,"damage_taken":0.0,"relics_obtained":["Golden Idol"],"cards_obtained":["Injury"]},{"damage_healed":0.0,"max_hp_gain":0.0,"max_hp_loss":0.0,"gold_gain":0.0,"event_name":"Colosseum","player_choice":"Fight","floor":19.0,"gold_loss":0.0,"damage_taken":0.0},{"damage_healed":0.0,"max_hp_gain":0.0,"max_hp_loss":0.0,"gold_gain":0.0,"event_name":"Colosseum","player_choice":"Fought Nobs","floor":19.0,"gold_loss":0.0,"damage_taken":0.0},{"damage_healed":22.0,"max_hp_gain":0.0,"max_hp_loss":0.0,"gold_gain":0.0,"event_name":"The Library","player_choice":"Heal","floor":20.0,"gold_loss":0.0,"damage_taken":0.0},{"damage_healed":0,"gold_gain":0,"player_choice":"Ignored","damage_taken":0,"max_hp_gain":0,"max_hp_loss":0,"event_name":"Ghosts","floor":31,"gold_loss":0}],"is_beta":false,"boss_relics":[{"not_picked":["Pandora\u0027s Box","Astrolabe"],"picked":"Philosopher\u0027s Stone"}],"items_purged_floors":[4,21,28],"is_endless":false,"potions_floor_spawned":[10,12,18,19,24,25],"killed_by":"Champ","ascension_level":2}