{"gold_per_floor":[110,110,130,145,0,0,75,75,99,99,129,84],"floor_reached":12,"playtime":1167,"items_purged":["Strike_G"],"score":101,"play_id":"8b182a7d-3219-42c5-b71f-5b8073bd192e","local_time":"20181213144523","is_ascension_mode":false,"campfire_choices":[{"floor":6,"key":"REST"},{"data":"Footwork","floor":8,"key":"SMITH"}],"neow_cost":"PERCENT_DAMAGE","seed_source_timestamp":152329313644661,"circlet_count":0,"master_deck":["Defend_G","Defend_G","Defend_G","Defend_G","Defend_G","Strike_G","Strike_G","Strike_G","Strike_G","Survivor","Neutralize","Footwork+1","Quick Slash","Blur","Footwork","Flying Knee"],"relics":["Ring of the Snake","Strawberry","The Specimen"],"potions_floor_usage":[12],"damage_taken":[{"damage":2,"enemies":"2 Louse","floor":1,"turns":3},{"damage":0,"enemies":"Cultist","floor":3,"turns":6},{"damage":3,"enemies":"Jaw Worm","floor":4,"turns":4},{"damage":31,"enemies":"3 Sentries","floor":11,"turns":17},{"damage":9,"enemies":"Exordium Thugs","floor":12,"turns":5}],"seed_played":"-163528010982629553","potions_obtained":[{"floor":1,"key":"Ancient Potion"},{"floor":11,"key":"SkillPotion"}],"is_trial":false,"path_per_floor":["M","?","M","M","$","R","?","R","T","$","E","M"],"character_chosen":"THE_SILENT","items_purchased":["Footwork"],"campfire_rested":1,"item_purchase_floors":[5],"current_hp_per_floor":[61,61,61,58,58,83,75,75,82,82,51,42],"gold":84,"neow_bonus":"TWENTY_PERCENT_HP_BONUS","is_prod":false,"is_daily":false,"chose_seed":false,"campfire_upgraded":1,"win_rate":0.0,"timestamp":1544733923,"path_taken":["M","?","?","M","$","R","?","R","T","?","E","?"],"build_version":"2018-12-06","purchased_purges":1,"victory":false,"max_hp_per_floor":[84,84,84,84,84,84,84,84,91,91,91,91],"card_choices":[{"not_picked":["Heel Hook","Flying Knee"],"picked":"Footwork","floor":1},{"not_picked":["Masterful Stab","Eviscerate"],"picked":"Quick Slash","floor":3},{"not_picked":["Bane","Deflect"],"picked":"Blur","floor":4},{"not_picked":["Catalyst","Finisher"],"picked":"Flying Knee","floor":11}],"player_experience":81981,"relics_obtained":[{"floor":9,"key":"Strawberry"},{"floor":11,"key":"The Specimen"}],"event_choices":[{"damage_healed":0,"gold_gain":0,"player_choice":"Bought 0 Potions","damage_taken":0,"max_hp_gain":0,"max_hp_loss":0,"event_name":"The Woman in Blue","floor":2,"gold_loss":0},{"damage_healed":0,"gold_gain":75,"player_choice":"Touch","damage_taken":8,"max_hp_gain":0,"max_hp_loss":0,"event_name":"FaceTrader","floor":7,"gold_loss":0}],"is_beta":false,"boss_relics":[],"items_purged_floors":[5],"is_endless":false,"potions_floor_spawned":[1,11],"killed_by":"Exordium Thugs","ascension_level":0}