{"path_per_floor":["M","M","$","?","?","R","?","M","T","R","$","R","E","M","R","B",null,"M","?","$","M","?","E","?","M","T","$","T","$","R","M","R","B",null,"M","?","?","M","M","R","M","R","T","E","M","$","?","E","R","B"],"character_chosen":"THE_SILENT","items_purchased":["Heel Hook","Whetstone"],"gold_per_floor":[111,125,13,188,188,188,138,149,149,149,49,49,75,86,86,188,188,198,198,73,91,91,149,149,162,162,162,162,12,12,23,23,120,120,136,136,185,204,219,219,235,235,308,340,360,94,194,220,220,220],"floor_reached":51,"campfire_rested":1,"playtime":2460,"current_hp_per_floor":[70,70,70,70,63,63,63,63,63,63,63,63,50,50,50,18,70,70,57,57,57,57,51,51,51,51,51,51,51,51,51,51,44,75,75,75,88,88,84,84,74,74,74,66,63,63,63,51,77,34],"items_purged":["Defend_G","Defend_G","Outmaneuver","Outmaneuver","Survivor"],"gold":220,"score":746,"play_id":"9c0f73eb-41f4-42cf-a9dc-4ab95ad5e71a","local_time":"20180316112423","is_prod":false,"is_daily":false,"is_ascension_mode":false,"campfire_upgraded":3,"timestamp":1521221063,"path_taken":["M","M","$","?","?","R","?","?","T","R","$","R","E","M","R","BOSS","M","?","?","M","?","E","?","?","T","$","?","$","R","M","R","BOSS","M","?","?","M","M","R","?","R","T","E","M","$","?","E","R","BOSS"],"build_version":"2018-03-09","purchased_purges":5,"victory":true,"master_deck":["Neutralize+1","Heel Hook+1","Adrenaline","Dagger Spray+1","Sucker Punch","Dash","Escape Plan","Dagger Spray+1","Dash+1","Acrobatics+1"],"max_hp_per_floor":[70,70,70,70,70,70,70,70,70,70,70,70,70,70,70,70,70,70,75,75,75,75,75,75,75,75,75,75,75,75,75,75,75,75,75,75,89,89,89,89,89,89,89,89,89,89,89,89,89,89],"relics":["Sozu","Girya","Shuriken","Du-Vu Doll","Pandora\u0027s Box","Tiny Chest","Shovel","Black Star","Mango","Frozen Egg 2","The Courier","Matryoshka","Molten Egg 2","Mummified Hand","Whetstone","Smiling Mask","Bottled Lightning"],"card_choices":[{"not_picked":["Dodge and Roll","Acrobatics"],"picked":"Adrenaline"},{"not_picked":["Reflex","Skewer"],"picked":"Acrobatics"}],"player_experience":653778,"potions_floor_usage":[],"damage_taken":[{"damage":0.0,"enemies":"Jaw Worm","floor":1.0,"turns":4.0},{"damage":0.0,"enemies":"2 Louse","floor":2.0,"turns":3.0},{"damage":0.0,"enemies":"Small Slimes","floor":8.0,"turns":3.0},{"damage":13.0,"enemies":"Lagavulin","floor":13.0,"turns":5.0},{"damage":0.0,"enemies":"3 Louse","floor":14.0,"turns":3.0},{"damage":32.0,"enemies":"Slime Boss","floor":16.0,"turns":10.0},{"damage":0.0,"enemies":"Shell Parasite","floor":18.0,"turns":3.0},{"damage":0.0,"enemies":"2 Thieves","floor":21.0,"turns":2.0},{"damage":6.0,"enemies":"Slavers","floor":23.0,"turns":3.0},{"damage":0.0,"enemies":"Sentry and Sphere","floor":25.0,"turns":3.0},{"damage":0.0,"enemies":"Snecko","floor":31.0,"turns":3.0},{"damage":7,"enemies":"Champ","floor":33,"turns":7},{"damage":0,"enemies":"Orb Walker","floor":35,"turns":2},{"damage":1,"enemies":"Mysterious Sphere","floor":37,"turns":2},{"damage":0,"enemies":"3 Shapes","floor":38,"turns":4},{"damage":4,"enemies":"Sphere and 2 Shapes","floor":39,"turns":3},{"damage":10,"enemies":"4 Shapes","floor":41,"turns":5},{"damage":8,"enemies":"2 Orb Walkers","floor":44,"turns":3},{"damage":3,"enemies":"3 Darklings","floor":45,"turns":2},{"damage":12,"enemies":"Giant Head","floor":48,"turns":6},{"damage":43,"enemies":"Time Eater","floor":50,"turns":10}],"event_choices":[{"event_name":"Liars Game","player_choice":"agreed","floor":4.0,"damage_taken":0.0},{"event_name":"Scrap Ooze","player_choice":"success","floor":5.0,"damage_taken":7.0},{"event_name":"The Cleric","player_choice":"Card Removal","floor":7.0,"damage_taken":0.0},{"event_name":"Forgotten Altar","player_choice":"Shed Blood","floor":19.0,"damage_taken":0.0},{"event_name":"The Mausoleum","player_choice":"No","floor":22.0,"damage_taken":0.0},{"event_name":"Cursed Tome","player_choice":"Ignored","floor":24.0,"damage_taken":0.0},{"event_name":"Tomb of Lord Red Mask","player_choice":"Ignored","floor":36,"damage_taken":0},{"event_name":"Mysterious Sphere","player_choice":"Fight","floor":37,"damage_taken":0},{"event_name":"Golden Shrine","player_choice":"Pray","floor":47,"damage_taken":0}],"boss_relics":[{"not_picked":["Calling Bell","Velvet Choker"],"picked":"Black Star"}],"potions_floor_spawned":[2,14,31,33,38,39,41],"seed_played":"-9057433007469147115","ascension_level":0,"is_trial":false}