{"path_per_floor":["M","M","M","$","M","R","?","R","T","M","R","E","$","M","R","B",null,"M","?","M","$","M","R","M","R","T","R","M","$","M","M","R","B",null,"M","$","M","?","M","R","E","R","T","?","M","M","R","E","R","B"],"character_chosen":"THE_SILENT","items_purchased":["Footwork","After Image","Cloak And Dagger","Footwork","Backflip","Panache"],"gold_per_floor":[211,229,247,213,232,232,232,232,232,250,250,284,135,153,153,255,255,229,229,247,199,211,211,222,222,271,271,281,114,125,138,138,243,243,260,45,65,65,81,81,112,112,412,412,425,442,442,471,471,471],"floor_reached":51,"campfire_rested":1,"playtime":4395,"current_hp_per_floor":[68,64,64,64,58,58,58,58,58,53,53,68,68,67,67,36,70,70,70,70,70,70,70,69,69,69,69,66,66,64,64,64,54,67,67,67,67,59,59,59,59,59,59,59,59,59,59,40,60,67],"items_purged":["Strike_G","Parasite"],"gold":471,"score":837,"play_id":"51280fc3-353a-43fc-a27d-cdf6da2a0a08","local_time":"20180406185104","is_prod":false,"is_daily":false,"is_ascension_mode":false,"campfire_upgraded":7,"timestamp":1523062264,"path_taken":["M","M","M","$","M","R","?","R","T","M","R","E","$","M","R","BOSS","M","?","M","$","M","R","M","R","T","R","?","$","?","M","R","BOSS","M","$","M","?","M","R","E","R","T","?","?","M","R","E","R","BOSS"],"build_version":"2018-03-29","purchased_purges":3,"victory":true,"master_deck":["Defend_G","Defend_G","Defend_G","Defend_G","Defend_G","Strike_G","Strike_G","Survivor","Neutralize+1","Dagger Spray","Cloak And Dagger+1","Outmaneuver","Footwork+1","Well Laid Plans+1","Blur","Dodge and Roll","After Image","Deadly Poison","Tools of the Trade","PiercingWail+1","Cloak And Dagger","Cloak And Dagger+1","Backflip+1","Deadly Poison+1","Deadly Poison","Footwork+1","Escape Plan","Blur","Glass Knife+1","Backflip+1","Backflip","Panache","Madness","Madness","Escape Plan+1","Acrobatics","Backflip","Dash+1","Noxious Fumes+1"],"max_hp_per_floor":[70,70,70,70,70,70,70,70,70,70,70,70,70,70,70,70,70,70,70,70,70,70,70,70,70,70,70,70,67,67,67,67,67,67,67,67,67,67,67,67,67,67,67,67,67,67,67,67,67,67],"relics":["Ring of the Snake","Girya","Bottled Lightning","Cursed Key","Oddly Smooth Stone","Sozu","Peace Pipe","Old Coin","Dodecahedron"],"card_choices":[{"not_picked":["Underhanded Strike","Acrobatics"],"picked":"Dagger Spray","floor":1.0},{"not_picked":["Dagger Throw","Tactician"],"picked":"Cloak And Dagger","floor":2.0},{"not_picked":["Concentrate","Slice"],"picked":"Outmaneuver","floor":3.0},{"not_picked":["Deadly Poison","Setup"],"picked":"Well Laid Plans","floor":5.0},{"not_picked":["PiercingWail","Dagger Spray"],"picked":"Blur","floor":10.0},{"not_picked":["Quick Slash","Caltrops"],"picked":"Dodge and Roll","floor":12.0},{"not_picked":["Reflex","Quick Slash"],"picked":"Deadly Poison","floor":14.0},{"not_picked":["Tactician","Wraith Form"],"picked":"Tools of the Trade","floor":16.0},{"not_picked":["Expertise","Caltrops"],"picked":"PiercingWail","floor":18.0},{"not_picked":["Poisoned Stab","Infinite Blades"],"picked":"Cloak And Dagger","floor":20.0},{"not_picked":["Bane","Dodge and Roll"],"picked":"Backflip","floor":22.0},{"not_picked":["Concentrate","Poisoned Stab"],"picked":"Deadly Poison","floor":24.0},{"not_picked":["Dagger Throw","Dagger Spray"],"picked":"Deadly Poison","floor":28.0},{"not_picked":["Dagger Spray","Endless Agony"],"picked":"Escape Plan","floor":30.0},{"not_picked":["Concentrate","Poisoned Stab"],"picked":"Blur","floor":31.0},{"not_picked":["Grand Finale","Adrenaline"],"picked":"Glass Knife","floor":33.0},{"not_picked":["Bane","Underhanded Strike"],"picked":"Backflip","floor":35},{"not_picked":["Accuracy","Phantasmal Killer"],"picked":"Escape Plan","floor":39},{"not_picked":["Well Laid Plans","Prepared"],"picked":"Acrobatics","floor":41},{"not_picked":["Deflect","Dagger Spray"],"picked":"Backflip","floor":45},{"not_picked":["Underhanded Strike","Infinite Blades"],"picked":"Dash","floor":46},{"not_picked":["Outmaneuver","Expertise"],"picked":"Noxious Fumes","floor":48}],"player_experience":1011978,"potions_floor_usage":[50,50],"damage_taken":[{"damage":2.0,"enemies":"Small Slimes","floor":1.0,"turns":4.0},{"damage":4.0,"enemies":"Cultist","floor":2.0,"turns":4.0},{"damage":0.0,"enemies":"2 Louse","floor":3.0,"turns":2.0},{"damage":6.0,"enemies":"Blue Slaver","floor":5.0,"turns":4.0},{"damage":5.0,"enemies":"Exordium Thugs","floor":10.0,"turns":8.0},{"damage":0.0,"enemies":"3 Sentries","floor":12.0,"turns":9.0},{"damage":1.0,"enemies":"3 Louse","floor":14.0,"turns":6.0},{"damage":31.0,"enemies":"Hexaghost","floor":16.0,"turns":23.0},{"damage":0.0,"enemies":"2 Thieves","floor":18.0,"turns":5.0},{"damage":0.0,"enemies":"Shell Parasite","floor":20.0,"turns":7.0},{"damage":0.0,"enemies":"Snake Plant","floor":22.0,"turns":7.0},{"damage":1.0,"enemies":"Centurion and Healer","floor":24.0,"turns":8.0},{"damage":3.0,"enemies":"Cultist and Chosen","floor":28.0,"turns":10.0},{"damage":2.0,"enemies":"Chosen and Byrds","floor":30.0,"turns":8.0},{"damage":0.0,"enemies":"Centurion and Healer","floor":31.0,"turns":8.0},{"damage":10.0,"enemies":"Collector","floor":33.0,"turns":12.0},{"damage":0,"enemies":"3 Shapes","floor":35,"turns":5},{"damage":0,"enemies":"3 Darklings","floor":37,"turns":6},{"damage":0,"enemies":"4 Shapes","floor":39,"turns":6},{"damage":0,"enemies":"Giant Head","floor":41,"turns":9},{"damage":0,"enemies":"Maw","floor":45,"turns":8},{"damage":0,"enemies":"Sphere and 2 Shapes","floor":46,"turns":5},{"damage":19,"enemies":"2 Orb Walkers","floor":48,"turns":4},{"damage":0,"enemies":"Donu and Deca","floor":50,"turns":10}],"event_choices":[{"event_name":"Purifier","player_choice":"One Purge","floor":7.0,"damage_taken":0.0},{"event_name":"The Lab","player_choice":"Got Potions","floor":19.0,"damage_taken":0.0},{"event_name":"Winding Halls","player_choice":"Embrace Madness","floor":38,"damage_taken":0}],"boss_relics":[{"not_picked":["Runic Dome","White Beast Statue"],"picked":"Sozu"}],"potions_floor_spawned":[10,14,16,20,22,31,39,41,46,48],"seed_played":"2461796995068019471","ascension_level":0,"is_trial":false}