{"path_per_floor":["M","M","?","M","M","R","E","R","T","M","?","M","$","M","R","B",null,"M","M","?","?","M","R","E","M","T","R","M","M","R","$","R","B",null,"M","?","M"],"character_chosen":"DEFECT","items_purchased":["Toxic Egg 2","Defragment","Sunder","Panache","Heatsinks","Steam+1"],"gold_per_floor":[17,29,104,118,137,137,164,164,188,199,449,468,72,85,85,190,190,200,217,217,217,236,236,268,287,310,310,325,337,337,12,12,109,109,122,122,141,141],"floor_reached":38,"campfire_rested":2,"playtime":2914,"item_purchase_floors":[13,13,13,31,31,31],"current_hp_per_floor":[75,75,64,62,48,48,27,27,27,27,27,27,27,27,49,47,75,59,54,54,54,50,50,30,22,22,22,22,22,22,22,44,22,75,23,14,14,0],"items_purged":[],"gold":141,"score":498,"play_id":"266b73e4-d619-45b7-989f-daf736705d19","local_time":"20180603150854","is_prod":false,"is_daily":false,"chose_seed":false,"is_ascension_mode":true,"campfire_upgraded":5,"win_rate":0.0,"timestamp":1528052934,"campfire_choices":[{"data":"Zap","floor":6,"key":"SMITH"},{"data":"Dualcast","floor":8,"key":"SMITH"},{"floor":15,"key":"REST"},{"data":"Defragment","floor":23,"key":"SMITH"},{"data":"Leap","floor":27,"key":"SMITH"},{"data":"Hello World","floor":30,"key":"SMITH"},{"floor":32,"key":"REST"}],"path_taken":["M","M","?","M","M","R","E","R","T","M","?","M","$","M","R","BOSS","M","M","?","?","M","R","E","M","T","R","M","M","R","$","R","BOSS","M","?","M","M"],"build_version":"2018-05-31","seed_source_timestamp":48040090709372,"purchased_purges":0,"victory":false,"master_deck":["Strike_B","Strike_B","Strike_B","Defend_B","Defend_B","Defend_B","Defend_B","Zap+1","Dualcast+1","Leap+1","Cold Snap+1","Force Field","Rebound+1","Darkness","Beam Cell","Regret","Thunder Strike","Defragment+1","Sunder","Undo+1","Rainbow+1","Beam Cell+1","Hello World+1","Chaos+1","Skim+1","White Noise+1","Double Energy+1","FTL+1","Panache","Heatsinks","Steam+1","Machine Learning","Recycle+1","Madness+1","Madness+1","Storm+1"],"max_hp_per_floor":[75,75,75,75,75,75,75,75,75,75,75,75,75,75,75,75,75,75,75,75,75,75,75,75,75,75,75,75,75,75,75,75,75,75,75,75,75,75],"relics":["Cracked Core","Du-Vu Doll","Lantern","Whetstone","Toxic Egg 2","Nuclear Battery","Omamori","Bronze Scales","Black Star"],"card_choices":[{"not_picked":["Compile Driver","Stack"],"picked":"Leap","floor":1},{"not_picked":["Steam","BootSequence"],"picked":"Cold Snap","floor":2},{"not_picked":["Sweeping Beam","Rebound"],"picked":"Force Field","floor":4},{"not_picked":["Sweeping Beam","Coolheaded"],"picked":"Rebound","floor":5},{"not_picked":["Consume","Auto Shields"],"picked":"Darkness","floor":7},{"not_picked":["Compile Driver","Chill"],"picked":"Beam Cell","floor":10},{"not_picked":["Hologram","Stack"],"picked":"Thunder Strike","floor":12},{"not_picked":["Doom and Gloom","Static Discharge"],"picked":"Undo+1","floor":14},{"not_picked":["Buffer","Reboot+1"],"picked":"Rainbow+1","floor":16},{"not_picked":["Cold Snap","Rebound"],"picked":"Beam Cell+1","floor":18},{"not_picked":["Ball Lightning+1","Rebound+1"],"picked":"Hello World","floor":19},{"not_picked":["Sweeping Beam+1","Ball Lightning"],"picked":"Chaos+1","floor":22},{"not_picked":["Steam Power+1","Ball Lightning"],"picked":"Skim+1","floor":24},{"not_picked":["Leap+1","Sweeping Beam"],"picked":"White Noise+1","floor":25},{"not_picked":["Barrage+1","Gash"],"picked":"Double Energy+1","floor":28},{"not_picked":["Chill+1","Darkness+1"],"picked":"FTL+1","floor":29},{"not_picked":["Electrodynamics","Buffer"],"picked":"Machine Learning","floor":33},{"not_picked":["Stack+1","Go for the Eyes"],"picked":"Recycle+1","floor":35},{"not_picked":["Aggregate+1","Coolheaded+1"],"picked":"Storm+1","floor":37}],"player_experience":765532,"potions_floor_usage":[16,18,19,33,37,38,38],"damage_taken":[{"damage":0,"enemies":"Small Slimes","floor":1,"turns":2},{"damage":0,"enemies":"2 Louse","floor":2,"turns":4},{"damage":2,"enemies":"Cultist","floor":4,"turns":4},{"damage":14,"enemies":"3 Louse","floor":5,"turns":4},{"damage":21,"enemies":"Lagavulin","floor":7,"turns":7},{"damage":0,"enemies":"Blue Slaver","floor":10,"turns":3},{"damage":0,"enemies":"Exordium Wildlife","floor":12,"turns":3},{"damage":0,"enemies":"Looter","floor":14,"turns":2},{"damage":2,"enemies":"Slime Boss","floor":16,"turns":8},{"damage":16,"enemies":"Shell Parasite","floor":18,"turns":6},{"damage":5,"enemies":"Spheric Guardian","floor":19,"turns":3},{"damage":4,"enemies":"Centurion and Healer","floor":22,"turns":4},{"damage":20,"enemies":"Gremlin Leader","floor":24,"turns":7},{"damage":8,"enemies":"3 Cultists","floor":25,"turns":4},{"damage":0,"enemies":"Snake Plant","floor":28,"turns":2},{"damage":0,"enemies":"Snecko","floor":29,"turns":3},{"damage":22,"enemies":"Champ","floor":33,"turns":10},{"damage":52,"enemies":"3 Darklings","floor":35,"turns":5},{"damage":0,"enemies":"Orb Walker","floor":37,"turns":2},{"damage":17,"enemies":"4 Shapes","floor":38,"turns":1}],"relics_obtained":[{"floor":7,"key":"Lantern"},{"floor":9,"key":"Whetstone"},{"floor":24,"key":"Omamori"},{"floor":26,"key":"Bronze Scales"}],"event_choices":[{"event_name":"World of Goop","player_choice":"Gather Gold","floor":3,"damage_taken":0},{"event_name":"Golden Shrine","player_choice":"Desecrate","floor":11,"damage_taken":0},{"event_name":"Back to Basics","player_choice":"Elegance","floor":20,"damage_taken":0},{"event_name":"Ghosts","player_choice":"Ignored","floor":21,"damage_taken":0},{"event_name":"Winding Halls","player_choice":"Embrace Madness","floor":36,"damage_taken":0}],"boss_relics":[{"not_picked":["Pandora\u0027s Box","Calling Bell"],"picked":"Nuclear Battery"},{"not_picked":["Lizard Tail","Cursed Key"],"picked":"Black Star"}],"items_purged_floors":[],"potions_floor_spawned":[2,5,7,10,14,16,22,28,29,35,37],"seed_played":"7591563373626577265","killed_by":"4 Shapes","ascension_level":1,"potions_obtained":[{"floor":2,"key":"EssenceOfSteel"},{"floor":5,"key":"Block Potion"},{"floor":7,"key":"Block Potion"},{"floor":10,"key":"GamblersBrew"},{"floor":14,"key":"AttackPotion"},{"floor":16,"key":"SkillPotion"},{"floor":22,"key":"Strength Potion"},{"floor":28,"key":"Fire Potion"},{"floor":37,"key":"Energy Potion"}],"is_trial":false}