{"path_per_floor":["M","M","M","?","M","R","M","R","T","R","M","R","M","?","R","B",null,"M","?","$","M","$","E","R","E","T","?","E","T","$","M","R","B",null,"M","?","?","?","T","R","E","R","T","R","E","M","$","M","R","B"],"character_chosen":"THE_SILENT","items_purchased":["Lantern","Infinite Blades","Deep Breath","PiercingWail","Backflip","Cloak And Dagger","Footwork","Deflect","Anchor"],"gold_per_floor":[368,379,390,390,403,403,423,423,423,423,443,443,459,489,489,592,592,603,603,178,197,24,51,51,84,107,107,132,132,28,43,43,143,143,153,153,0,47,74,74,105,105,105,105,132,146,1,15,15,15],"floor_reached":51,"campfire_rested":0,"playtime":4661,"current_hp_per_floor":[63,63,59,56,54,54,54,54,54,54,54,54,54,54,54,44,63,59,59,59,58,58,58,58,51,51,40,42,42,42,44,44,46,68,68,68,68,68,68,68,68,68,68,68,68,68,68,68,68,68],"items_purged":["Strike_G","Strike_G"],"gold":15,"score":952,"play_id":"5a383441-125f-4568-b5f6-0d7eb27330f5","local_time":"20180330150946","is_prod":false,"is_daily":false,"is_ascension_mode":false,"campfire_upgraded":8,"timestamp":1522444186,"path_taken":["M","M","M","?","M","R","M","R","T","R","M","R","M","?","R","BOSS","M","?","?","M","$","E","R","E","T","?","E","?","$","M","R","BOSS","M","?","?","?","?","R","E","R","T","R","E","M","$","M","R","BOSS"],"build_version":"2018-03-22","purchased_purges":2,"victory":true,"master_deck":["Defend_G+1","Defend_G+1","Survivor+1","Neutralize+1","Cloak And Dagger+1","Flying Knee+1","Footwork+1","Concentrate+1","Cloak And Dagger+1","Adrenaline+1","Noxious Fumes+1","Tools of the Trade+1","Accuracy+1","Eviscerate+1","Night Terror+1","All Out Attack+1","Adrenaline+1","Infinite Blades+1","Deep Breath+1","PiercingWail+1","Cloak And Dagger+1","Backflip+1","Cloak And Dagger+1","Leg Sweep+1","Footwork+1","Deflect+1","Cloak And Dagger+1","Burst+1","PiercingWail+1","Escape Plan+1","Backflip+1"],"max_hp_per_floor":[63,63,63,63,63,63,63,63,63,63,63,63,63,63,63,63,63,63,63,63,63,63,63,63,63,63,68,68,68,68,68,68,68,68,68,68,68,68,68,68,68,68,68,68,68,68,68,68,68,68],"relics":["Ring of the Snake","Toxic Egg 2","Tingsha","Juzu Bracelet","Astrolabe","Lantern","Vajra","Ginger","Blood Vial","Frozen Egg 2","Thread and Needle","Runic Pyramid","Red Mask","Peace Pipe","Bronze Scales","War Paint","Mercury Hourglass","Matryoshka","Anchor"],"card_choices":[{"not_picked":["Quick Slash","Catalyst"],"picked":"Cloak And Dagger","floor":1.0},{"not_picked":["Acrobatics","Caltrops"],"picked":"Flying Knee","floor":2.0},{"not_picked":["Terror","Backflip"],"picked":"Footwork","floor":3.0},{"not_picked":["Dagger Throw","Outmaneuver"],"picked":"Concentrate","floor":5.0},{"not_picked":["Deadly Poison","Blur"],"picked":"Cloak And Dagger","floor":7.0},{"not_picked":["Acrobatics","Predator"],"picked":"Adrenaline","floor":11.0},{"not_picked":["Skewer","Malaise"],"picked":"Noxious Fumes","floor":13.0},{"not_picked":["Venomology","A Thousand Cuts"],"picked":"Tools of the Trade","floor":16.0},{"not_picked":["PiercingWail","Dagger Spray"],"picked":"All Out Attack","floor":18.0},{"not_picked":["Poisoned Stab","Sucker Punch"],"picked":"Cloak And Dagger","floor":21.0},{"not_picked":["Setup","Blur"],"picked":"Leg Sweep","floor":25.0},{"not_picked":["Predator","Expertise"],"picked":"Well Laid Plans","floor":28.0},{"not_picked":["Sucker Punch","Concentrate"],"picked":"Cloak And Dagger","floor":31.0},{"not_picked":["Tools of the Trade","Tactician"],"picked":"Burst","floor":33.0},{"not_picked":["Slice","Eviscerate"],"picked":"PiercingWail","floor":35.0},{"not_picked":["Leg Sweep","Prepared"],"picked":"Escape Plan","floor":38},{"not_picked":["Dagger Spray","Underhanded Strike"],"picked":"Backflip","floor":41}],"player_experience":919208,"potions_floor_usage":[50,50],"damage_taken":[{"damage":0.0,"enemies":"2 Louse","floor":1.0,"turns":4.0},{"damage":0.0,"enemies":"Jaw Worm","floor":2.0,"turns":4.0},{"damage":4.0,"enemies":"Cultist","floor":3.0,"turns":5.0},{"damage":2.0,"enemies":"2 Fungi Beasts","floor":5.0,"turns":4.0},{"damage":0.0,"enemies":"3 Louse","floor":7.0,"turns":5.0},{"damage":0.0,"enemies":"Blue Slaver","floor":11.0,"turns":3.0},{"damage":0.0,"enemies":"Exordium Thugs","floor":13.0,"turns":4.0},{"damage":10.0,"enemies":"Slime Boss","floor":16.0,"turns":10.0},{"damage":4.0,"enemies":"3 Byrds","floor":18.0,"turns":5.0},{"damage":1.0,"enemies":"2 Thieves","floor":21.0,"turns":4.0},{"damage":0.0,"enemies":"Slavers","floor":23.0,"turns":4.0},{"damage":7.0,"enemies":"Gremlin Leader","floor":25.0,"turns":4.0},{"damage":0.0,"enemies":"Book of Stabbing","floor":28.0,"turns":4.0},{"damage":0.0,"enemies":"Snake Plant","floor":31.0,"turns":4.0},{"damage":0.0,"enemies":"Collector","floor":33.0,"turns":7.0},{"damage":0.0,"enemies":"Orb Walker","floor":35.0,"turns":2.0},{"damage":0,"enemies":"Mysterious Sphere","floor":38,"turns":4},{"damage":0,"enemies":"Nemesis","floor":41,"turns":5},{"damage":0,"enemies":"Giant Head","floor":45,"turns":7},{"damage":0,"enemies":"3 Darklings","floor":46,"turns":4},{"damage":0,"enemies":"Sphere and 2 Shapes","floor":48,"turns":2},{"damage":0,"enemies":"Donu and Deca","floor":50,"turns":8}],"event_choices":[{"event_name":"Scrap Ooze","player_choice":"success","floor":4.0,"damage_taken":3.0},{"event_name":"Dead Adventurer","player_choice":"Searched \u00273\u0027 times","floor":14.0,"damage_taken":0.0},{"event_name":"Duplicator","player_choice":"One dupe","floor":19.0,"damage_taken":0.0},{"event_name":"Forgotten Altar","player_choice":"Shed Blood","floor":27.0,"damage_taken":0.0},{"event_name":"Tomb of Lord Red Mask","player_choice":"Paid","floor":37,"damage_taken":0},{"event_name":"Mysterious Sphere","player_choice":"Fight","floor":38,"damage_taken":0}],"boss_relics":[],"potions_floor_spawned":[3,11,16,23,25,28,33,41,45,46],"seed_played":"2645908413555949726","ascension_level":0,"is_trial":false}