{"path_per_floor":["M","M","M","M","M","R","M","R","T","R","M","?","E","?","R","B",null,"M","M","M","$","M","R","M","M","T","M","M","?","R","$","R","B",null,"M","$","M","?","M","R","M","R","T","E","R","?","$","T","R","B"],"character_chosen":"THE_SILENT","items_purchased":["Tough Bandages","Blur","Blur","Flash of Steel"],"gold_per_floor":[115,134,152,172,188,188,208,208,255,255,265,291,316,316,316,412,412,424,436,452,120,131,131,148,163,163,180,194,119,119,5,5,105,105,120,120,133,187,198,198,218,218,218,248,248,248,50,50,50,50],"floor_reached":51,"campfire_rested":1,"playtime":6250,"current_hp_per_floor":[70,70,69,69,69,69,61,61,61,61,61,56,48,48,48,39,70,70,62,55,55,44,44,48,45,45,45,44,44,44,44,65,47,70,70,70,70,64,63,63,63,63,63,65,65,65,65,65,65,65],"items_purged":["Defend_G","Strike_G"],"gold":50,"score":733,"play_id":"edef5e7a-9c40-440c-9fd3-ef45514a07eb","local_time":"20180319062602","is_prod":false,"is_daily":false,"is_ascension_mode":false,"campfire_upgraded":10,"timestamp":1521462362,"path_taken":["M","M","M","M","M","R","M","R","T","R","M","?","E","?","R","BOSS","M","M","M","$","M","R","M","M","T","M","M","?","R","$","R","BOSS","M","$","M","?","M","R","M","R","T","E","R","?","$","?","R","BOSS"],"build_version":"2018-03-15","purchased_purges":2,"victory":true,"master_deck":["Defend_G","Defend_G","Defend_G","Strike_G","Strike_G","Strike_G","Strike_G","Survivor","Neutralize+1","Footwork+1","Dodge and Roll+1","Dagger Throw","Flying Knee","Sucker Punch+1","Quick Slash","Dash","Backflip+1","Tactician+1","Acrobatics+1","Malaise+1","Dodge and Roll+1","Blur","Dagger Spray","Noxious Fumes+1","Acrobatics+1","Backflip","Backstab+1","Blur","Tools of the Trade+1","Dash","Well Laid Plans+1","Backflip+1","Dagger Spray+1","Flash of Steel","Blur"],"max_hp_per_floor":[70,70,70,70,70,70,70,70,70,70,70,70,70,70,70,70,70,70,70,70,70,70,70,70,70,70,70,70,70,70,70,70,70,70,70,70,70,70,70,70,70,70,70,72,72,72,72,72,72,72],"relics":["Ring of the Snake","Juzu Bracelet","Odd Mushroom","Meat on the Bone","Philosopher\u0027s Stone","Tough Bandages","Centennial Puzzle","Sozu","Thread and Needle","Prayer Wheel","Singing Bowl","Oddly Smooth Stone"],"card_choices":[{"not_picked":["Deadly Poison","PiercingWail"],"picked":"Footwork"},{"not_picked":["Acrobatics","PiercingWail"],"picked":"Dodge and Roll"},{"not_picked":["Outmaneuver","Finisher"],"picked":"Dagger Throw"},{"not_picked":["A Thousand Cuts","Reflex"],"picked":"Flying Knee"},{"not_picked":["All Out Attack","Escape Plan"],"picked":"Sucker Punch"},{"not_picked":["Acrobatics","Slice"],"picked":"Quick Slash"},{"not_picked":["Flechettes","Poisoned Stab"],"picked":"Dash"},{"not_picked":["Dodge and Roll","Backstab"],"picked":"Backflip"},{"not_picked":["Grand Finale","Doppelganger"],"picked":"Tactician"},{"not_picked":["Concentrate","Deadly Poison"],"picked":"Acrobatics"},{"not_picked":["Deflect","Flechettes"],"picked":"Malaise"},{"not_picked":["Dagger Throw","Masterful Stab"],"picked":"Dodge and Roll"},{"not_picked":["Riddle With Holes","Poisoned Stab"],"picked":"Dagger Spray"},{"not_picked":["Backstab","Underhanded Strike"],"picked":"Noxious Fumes"},{"not_picked":["Cloak And Dagger","Bouncing Flask"],"picked":"Acrobatics"},{"not_picked":["Outmaneuver","Flechettes"],"picked":"Backflip"},{"not_picked":["Dodge and Roll","Masterful Stab"],"picked":"Backstab"},{"not_picked":["Burst","Storm of Steel"],"picked":"Tools of the Trade"},{"not_picked":["Deadly Poison","Flying Knee"],"picked":"Dash"},{"not_picked":["Finisher","Blade Dance"],"picked":"Well Laid Plans"},{"not_picked":["Dagger Spray","Backstab"],"picked":"Backflip"},{"not_picked":["Dagger Throw","Dodge and Roll"],"picked":"Dagger Spray"},{"not_picked":["Cloak And Dagger","Leg Sweep"],"picked":"Blur"}],"player_experience":714188,"potions_floor_usage":[24,33,44,50],"damage_taken":[{"damage":0.0,"enemies":"Small Slimes","floor":1.0,"turns":4.0},{"damage":0.0,"enemies":"Cultist","floor":2.0,"turns":4.0},{"damage":1.0,"enemies":"Jaw Worm","floor":3.0,"turns":5.0},{"damage":0.0,"enemies":"Looter","floor":4.0,"turns":4.0},{"damage":0.0,"enemies":"Large Slime","floor":5.0,"turns":7.0},{"damage":8.0,"enemies":"Red Slaver","floor":7.0,"turns":5.0},{"damage":0.0,"enemies":"Blue Slaver","floor":11.0,"turns":4.0},{"damage":5.0,"enemies":"The Mushroom Lair","floor":12.0,"turns":5.0},{"damage":8.0,"enemies":"3 Sentries","floor":13.0,"turns":9.0},{"damage":9.0,"enemies":"Hexaghost","floor":16.0,"turns":13.0},{"damage":0.0,"enemies":"3 Byrds","floor":18.0,"turns":8.0},{"damage":8.0,"enemies":"2 Thieves","floor":19.0,"turns":4.0},{"damage":7,"enemies":"Chosen and Byrds","floor":20,"turns":14},{"damage":11,"enemies":"3 Cultists","floor":22,"turns":9},{"damage":11,"enemies":"Sentry and Sphere","floor":24,"turns":10},{"damage":3,"enemies":"Chosen and Byrds","floor":25,"turns":9},{"damage":0,"enemies":"Snecko","floor":27,"turns":7},{"damage":1,"enemies":"Snake Plant","floor":28,"turns":6},{"damage":18,"enemies":"Champ","floor":33,"turns":20},{"damage":0,"enemies":"3 Shapes","floor":35,"turns":4},{"damage":0,"enemies":"3 Darklings","floor":37,"turns":6},{"damage":6,"enemies":"Mysterious Sphere","floor":38,"turns":9},{"damage":1,"enemies":"Sphere and 2 Shapes","floor":39,"turns":8},{"damage":0,"enemies":"Maw","floor":41,"turns":11},{"damage":0,"enemies":"Nemesis","floor":44,"turns":9},{"damage":0,"enemies":"Donu and Deca","floor":50,"turns":15}],"event_choices":[{"event_name":"Mushrooms","player_choice":"Fought Mushrooms","floor":12.0,"damage_taken":0.0},{"event_name":"The Lab","player_choice":"Got Potions","floor":14.0,"damage_taken":0.0},{"event_name":"Beggar","player_choice":"Gave Gold","floor":29,"damage_taken":0},{"event_name":"Mysterious Sphere","player_choice":"Fight","floor":38,"damage_taken":0},{"event_name":"Tomb of Lord Red Mask","player_choice":"Ignored","floor":46,"damage_taken":0}],"boss_relics":[{"not_picked":["Question Card","Astrolabe"],"picked":"Sozu"}],"potions_floor_spawned":[2,4,16,24,25,27,28,33,35,37,41,44],"seed_played":"-1655228523306445022","ascension_level":0,"is_trial":false}