{"gold_per_floor":[112,131,203,215,140,140,140,215,215,215,238,277,277,302,302,423,423,447,94,118,118,118,156,156,177,177,177],"floor_reached":27,"playtime":2325,"items_purged":["Strike_R","Strike_R"],"score":277,"play_id":"8bebe52b-5c5d-4095-96ed-77b5751dca3e","local_time":"20190511162135","is_ascension_mode":true,"campfire_choices":[{"data":"Havoc","floor":6.0,"key":"SMITH"},{"data":"Flame Barrier","floor":10.0,"key":"SMITH"},{"floor":15.0,"key":"REST"},{"floor":24,"key":"REST"}],"neow_cost":"NONE","seed_source_timestamp":0,"circlet_count":0,"master_deck":["Strike_R","Strike_R","Defend_R","Defend_R","Defend_R+1","Defend_R+1","Bash","Flame Barrier+1","Havoc+1","Shockwave","Injury","Metallicize","True Grit","Sword Boomerang","Reaper","Pain","Normality","Pain","Shrug It Off","Armaments"],"special_seed":0,"relics":["Burning Blood","Letter Opener","Golden Idol","Sundial","Calling Bell","Pen Nib","Shuriken","StoneCalendar","Paper Frog","Bag of Marbles","Dodecahedron"],"potions_floor_usage":[23,23],"damage_taken":[{"damage":1.0,"enemies":"Cultist","floor":1.0,"turns":4.0},{"damage":1.0,"enemies":"2 Louse","floor":2.0,"turns":3.0},{"damage":0.0,"enemies":"Jaw Worm","floor":4.0,"turns":5.0},{"damage":0.0,"enemies":"2 Fungi Beasts","floor":11.0,"turns":3.0},{"damage":37.0,"enemies":"Lagavulin","floor":12.0,"turns":10.0},{"damage":0.0,"enemies":"Exordium Wildlife","floor":14.0,"turns":3.0},{"damage":46.0,"enemies":"Slime Boss","floor":16.0,"turns":14.0},{"damage":15.0,"enemies":"3 Byrds","floor":18.0,"turns":4.0},{"damage":13.0,"enemies":"Chosen","floor":20.0,"turns":7.0},{"damage":78,"enemies":"Slavers","floor":23,"turns":7},{"damage":29,"enemies":"Shelled Parasite and Fungi","floor":25,"turns":7},{"damage":68,"enemies":"3 Cultists","floor":27,"turns":6}],"seed_played":"-2383619878745627928","potions_obtained":[{"floor":2.0,"key":"EntropicBrew"},{"floor":11.0,"key":"Swift Potion"},{"floor":14.0,"key":"AttackPotion"}],"is_trial":false,"path_per_floor":["M","M","T","M","$","R","?","?","T","R","M","E","?","M","R","B",null,"M","$","M","?","$","E","R","M","T","M"],"character_chosen":"IRONCLAD","items_purchased":["Paper Frog"],"campfire_rested":2,"item_purchase_floors":[19],"current_hp_per_floor":[80,80,80,80,80,80,80,69,69,69,75,44,28,34,58,18,80,71,71,64,64,64,13,37,19,19,0],"gold":177,"neow_bonus":"TRANSFORM_CARD","is_prod":false,"is_daily":false,"chose_seed":false,"campfire_upgraded":2,"win_rate":0,"timestamp":1557609695,"path_taken":["M","?","?","M","$","R","?","?","T","R","?","E","?","M","R","BOSS","M","$","M","?","?","E","R","M","T","?"],"build_version":"2019-01-23","purchased_purges":2,"victory":false,"max_hp_per_floor":[80,80,80,80,80,80,80,80,80,80,80,80,80,80,80,80,80,80,80,80,80,80,80,80,80,80,80],"card_choices":[{"not_picked":["Heavy Blade","Twin Strike"],"picked":"Havoc","floor":1.0},{"not_picked":["Sever Soul","Intimidate"],"picked":"Shockwave","floor":2.0},{"not_picked":["Power Through","Combust","Body Slam"],"picked":"SKIP","floor":4.0},{"not_picked":["Body Slam","Anger"],"picked":"Metallicize","floor":11.0},{"not_picked":["Warcry","Iron Wave"],"picked":"True Grit","floor":12.0},{"not_picked":["Havoc","Iron Wave"],"picked":"Sword Boomerang","floor":14.0},{"not_picked":["Limit Break","Juggernaut"],"picked":"Reaper","floor":16.0},{"not_picked":["Combust","Searing Blow+1"],"picked":"Shrug It Off","floor":18.0},{"not_picked":["Carnage","Thunderclap"],"picked":"Armaments","floor":20.0},{"not_picked":["Headbutt","Combust+1","Anger"],"picked":"SKIP","floor":23},{"not_picked":["Dropkick","Body Slam+1","Sentinel"],"picked":"SKIP","floor":25}],"player_experience":194104,"relics_obtained":[{"floor":3.0,"key":"Letter Opener"},{"floor":12.0,"key":"Sundial"},{"floor":17.0,"key":"Pen Nib"},{"floor":17.0,"key":"Shuriken"},{"floor":17.0,"key":"StoneCalendar"},{"floor":23,"key":"Bag of Marbles"},{"floor":26,"key":"Dodecahedron"}],"event_choices":[{"damage_healed":0.0,"max_hp_gain":0.0,"max_hp_loss":0.0,"gold_gain":0.0,"event_name":"Golden Idol","player_choice":"Take Wound","floor":7.0,"gold_loss":0.0,"damage_taken":0.0,"relics_obtained":["Golden Idol"],"cards_obtained":["Injury"]},{"damage_healed":0.0,"max_hp_gain":0.0,"max_hp_loss":0.0,"gold_gain":75.0,"event_name":"World of Goop","player_choice":"Gather Gold","floor":8.0,"gold_loss":0.0,"damage_taken":11.0},{"damage_healed":0.0,"max_hp_gain":0.0,"max_hp_loss":0.0,"gold_gain":0.0,"event_name":"Shining Light","player_choice":"Entered Light","floor":13.0,"gold_loss":0.0,"damage_taken":16.0,"cards_upgraded":["Defend_R","Defend_R"]},{"damage_healed":0.0,"max_hp_gain":0.0,"max_hp_loss":0.0,"gold_gain":0.0,"event_name":"Ghosts","player_choice":"Ignored","floor":21.0,"gold_loss":0.0,"damage_taken":0.0}],"is_beta":false,"boss_relics":[{"not_picked":["Snecko Eye","Black Blood"],"picked":"Calling Bell"}],"items_purged_floors":[5,19],"is_endless":false,"potions_floor_spawned":[2,11,14],"killed_by":"3 Cultists","ascension_level":4}