{"gold_per_floor":[109,109,129,129,139,139,169,169,169,13,13,31,58,76,76,174,174,191,191],"floor_reached":19,"playtime":1113,"items_purged":[],"score":204,"play_id":"20b2e894-2956-4526-9ab5-a060f032445a","local_time":"20190510100718","is_ascension_mode":true,"campfire_choices":[{"data":"Neutralize","floor":6,"key":"SMITH"},{"floor":8,"key":"REST"},{"data":"Dash","floor":11,"key":"SMITH"},{"floor":15,"key":"REST"}],"neow_cost":"NONE","seed_source_timestamp":316455811576300,"circlet_count":0,"master_deck":["Defend_G","Defend_G","Defend_G","Defend_G","Defend_G","Strike_G","Strike_G","Strike_G","Strike_G","Survivor","Neutralize+1","Dodge and Roll","Caltrops","Bane","Dash+1","Dagger Spray","Bouncing Flask+1","PiercingWail+1","After Image+1","Shame","Injury","Regret","Backflip+1"],"relics":["Ring of the Snake","Centennial Puzzle","Letter Opener","Ornamental Fan","Frozen Egg 2","PreservedInsect","Toxic Egg 2","Calling Bell","Regal Pillow","Singing Bowl","Gambling Chip"],"potions_floor_usage":[16,16,16],"damage_taken":[{"damage":2,"enemies":"2 Louse","floor":1,"turns":3},{"damage":4,"enemies":"Small Slimes","floor":3,"turns":3},{"damage":1,"enemies":"Cultist","floor":5,"turns":4},{"damage":42,"enemies":"Lagavulin","floor":7,"turns":10},{"damage":0,"enemies":"2 Fungi Beasts","floor":12,"turns":3},{"damage":13,"enemies":"3 Sentries","floor":13,"turns":7},{"damage":0,"enemies":"Looter","floor":14,"turns":3},{"damage":1,"enemies":"Slime Boss","floor":16,"turns":11},{"damage":17,"enemies":"Spheric Guardian","floor":18,"turns":6},{"damage":53,"enemies":"Masked Bandits","floor":19,"turns":4}],"seed_played":"-970761811344744843","potions_obtained":[{"floor":7,"key":"EssenceOfSteel"},{"floor":12,"key":"Strength Potion"},{"floor":14,"key":"Dexterity Potion"},{"floor":16,"key":"Weak Potion"},{"floor":18,"key":"AttackPotion"}],"is_trial":false,"path_per_floor":["M","?","M","?","M","R","E","R","T","$","R","M","E","M","R","B",null,"M","?"],"character_chosen":"THE_SILENT","items_purchased":["PreservedInsect"],"campfire_rested":2,"item_purchase_floors":[10],"current_hp_per_floor":[68,61,57,57,56,56,14,35,35,35,35,35,22,22,43,42,70,53,0],"gold":191,"neow_bonus":"RANDOM_COMMON_RELIC","is_prod":false,"is_daily":false,"chose_seed":false,"campfire_upgraded":2,"win_rate":0,"timestamp":1557463038,"path_taken":["M","?","M","?","M","R","E","R","T","$","R","M","E","M","R","BOSS","M","?"],"build_version":"2019-01-23","purchased_purges":0,"victory":false,"max_hp_per_floor":[70,70,70,70,70,70,70,70,70,70,70,70,70,70,70,70,70,70,70],"card_choices":[{"not_picked":["Backflip","Bane"],"picked":"Dodge and Roll","floor":1},{"not_picked":["Poisoned Stab","Expertise"],"picked":"Caltrops","floor":3},{"not_picked":["Accuracy","Catalyst"],"picked":"Dash","floor":5},{"not_picked":["Expertise","Outmaneuver","Riddle With Holes"],"picked":"SKIP","floor":7},{"not_picked":["Dodge and Roll","Venomology"],"picked":"Dagger Spray","floor":12},{"not_picked":["Finisher","Blade Dance"],"picked":"Bouncing Flask","floor":13},{"not_picked":["Backflip+1","Distraction+1"],"picked":"PiercingWail+1","floor":14},{"not_picked":["Phantasmal Killer+1","Die Die Die"],"picked":"After Image+1","floor":16},{"not_picked":["Acrobatics+1","PiercingWail+1"],"picked":"Backflip+1","floor":18}],"player_experience":165132,"relics_obtained":[{"floor":7,"key":"Ornamental Fan"},{"floor":9,"key":"Frozen Egg 2"},{"floor":13,"key":"Toxic Egg 2"},{"floor":17,"key":"Regal Pillow"},{"floor":17,"key":"Singing Bowl"},{"floor":17,"key":"Gambling Chip"}],"event_choices":[{"damage_healed":0,"gold_gain":0,"player_choice":"Success","damage_taken":7,"relics_obtained":["Letter Opener"],"max_hp_gain":0,"max_hp_loss":0,"event_name":"Scrap Ooze","floor":2,"gold_loss":0},{"damage_healed":0,"gold_gain":0,"cards_transformed":["Strike_G"],"player_choice":"Transformed","damage_taken":0,"max_hp_gain":0,"max_hp_loss":0,"event_name":"Transmorgrifier","floor":4,"gold_loss":0,"cards_obtained":["Bane"]},{"damage_healed":0,"gold_gain":0,"player_choice":"Fought Bandits","damage_taken":0,"max_hp_gain":0,"max_hp_loss":0,"event_name":"Masked Bandits","floor":19,"gold_loss":0}],"is_beta":false,"boss_relics":[{"not_picked":["Runic Dome","HoveringKite"],"picked":"Calling Bell"}],"items_purged_floors":[],"is_endless":false,"potions_floor_spawned":[7,12,14,16,18],"killed_by":"Masked Bandits","ascension_level":3}