{"path_per_floor":["M","M","M","?","M","R","E","M","T","M","R","M","$","M","R","B",null,"M","$","?","M","M","R","M","M","T","M","M","$","R","$","R"],"character_chosen":"THE_SILENT","items_purchased":["Noxious Fumes","Bag of Marbles","Dash","Backflip","Footwork","Snake Skull"],"gold_per_floor":[109,119,129,129,143,143,171,185,185,205,205,219,38,57,57,136,136,149,74,274,288,300,300,320,334,359,370,380,219,219,64,64],"floor_reached":33,"campfire_rested":1,"playtime":2751,"current_hp_per_floor":[56,53,51,51,41,41,35,32,32,34,34,34,34,36,36,23,53,55,55,55,47,31,31,28,24,24,25,24,24,24,24,42],"items_purged":["Strike_G"],"gold":64,"score":445,"play_id":"9a4847b6-f9ee-4d7f-bad5-e626b8a269c8","is_prod":false,"is_daily":false,"is_ascension_mode":true,"campfire_upgraded":5,"path_taken":["M","M","M","?","M","R","E","?","T","M","R","M","$","M","R","BOSS","M","$","?","M","M","R","M","M","T","M","M","$","R","$","R","BOSS"],"build_version":"2018-02-22-PROD1","purchased_purges":2,"victory":false,"master_deck":["Defend_G","Defend_G+1","Defend_G+1","Defend_G","Defend_G","Strike_G+1","Strike_G+1","Strike_G","Strike_G","Survivor","Neutralize+1","Sucker Punch","PiercingWail","Skewer+1","Outmaneuver","Adrenaline+1","Calculated Gamble","Dagger Throw","Noxious Fumes+1","Acrobatics","Backstab+1","Dagger Throw+1","Underhanded Strike","Dagger Spray","Dash","Backflip","Footwork+1"],"max_hp_per_floor":[66,66,66,63,63,63,63,63,63,63,63,63,63,63,63,63,63,63,63,63,63,63,63,63,63,63,63,63,63,63,63,63],"relics":["Ring of the Snake","War Paint","Spirit Poop","Orichalcum","Blood Vial","Bag of Marbles","Philosopher\u0027s Stone","Whetstone","Snake Skull"],"card_choices":[{"not_picked":["Crippling Poison","Heel Hook"],"picked":"Sucker Punch"},{"not_picked":["Outmaneuver","Deflect"],"picked":"PiercingWail"},{"not_picked":["Acrobatics","Prepared"],"picked":"Skewer"},{"not_picked":["Infinite Blades","Skewer"],"picked":"Outmaneuver"},{"not_picked":["Cloak And Dagger","Concentrate"],"picked":"Adrenaline"},{"not_picked":["Deadly Poison","Cloak And Dagger"],"picked":"Calculated Gamble"},{"not_picked":["Crippling Poison","Sucker Punch"],"picked":"Dagger Throw"},{"not_picked":["Flying Knee","PiercingWail"],"picked":"Acrobatics"},{"not_picked":["Dodge and Roll","Backflip"],"picked":"Backstab"},{"not_picked":["Outmaneuver","Poisoned Stab"],"picked":"Dagger Throw"},{"not_picked":["Deflect","Outmaneuver"],"picked":"Underhanded Strike"},{"not_picked":["Dodge and Roll","Venomology"],"picked":"Dagger Spray"}],"player_experience":494488,"potions_floor_usage":[33],"damage_taken":[{"damage":3.0,"enemies":"Cultist","floor":1.0,"turns":5.0},{"damage":3.0,"enemies":"Jaw Worm","floor":2.0,"turns":5.0},{"damage":2.0,"enemies":"Small Slimes","floor":3.0,"turns":5.0},{"damage":10.0,"enemies":"Exordium Thugs","floor":5.0,"turns":5.0},{"damage":6.0,"enemies":"3 Sentries","floor":7.0,"turns":7.0},{"damage":3.0,"enemies":"Blue Slaver","floor":8.0,"turns":3.0},{"damage":0.0,"enemies":"Large Slime","floor":10.0,"turns":7.0},{"damage":2.0,"enemies":"Exordium Thugs","floor":12.0,"turns":6.0},{"damage":0.0,"enemies":"Red Slaver","floor":14.0,"turns":2.0},{"damage":15.0,"enemies":"The Guardian","floor":16.0,"turns":12.0},{"damage":0.0,"enemies":"3 Byrds","floor":18.0,"turns":4.0},{"damage":10.0,"enemies":"Shell Parasite","floor":21.0,"turns":5.0},{"damage":18.0,"enemies":"3 Cultists","floor":22.0,"turns":5.0},{"damage":5.0,"enemies":"Centurion and Healer","floor":24.0,"turns":6.0},{"damage":6.0,"enemies":"Chosen and Byrds","floor":25.0,"turns":5.0},{"damage":1.0,"enemies":"3 Cultists","floor":27.0,"turns":4.0},{"damage":3.0,"enemies":"Snake Plant","floor":28.0,"turns":3.0},{"damage":55,"enemies":"Collector","floor":33,"turns":5}],"event_choices":[{"event_name":"Bonfire Elementals","player_choice":"CURSE","floor":4.0,"damage_taken":0.0},{"event_name":"The Joust","player_choice":"Bet on Owner","floor":20.0,"damage_taken":0.0}],"boss_relics":[],"potions_floor_spawned":[1,3,5,8,27],"seed_played":"6550595537738802133","killed_by":"Collector","ascension_level":15,"is_trial":false}