{"path_per_floor":["M","?","$","?","M","R","M","R","T","E","T","?","M","M","R","B",null,"M","?","$","M","?","R","?","M","T","?","M","M","$","M","R","B",null,"M","?","?","?","?","R","M","R","T","?","$","T","M","$","R","B"],"character_chosen":"THE_SILENT","items_purchased":["Juzu Bracelet"],"gold_per_floor":[109,59,59,59,72,72,85,85,136,166,189,219,239,253,253,352,352,364,364,135,147,147,147,147,167,167,167,178,198,98,116,116,220,250,262,262,262,262,262,262,274,274,274,274,149,149,161,11,11,11],"floor_reached":51,"campfire_rested":2,"playtime":3341,"current_hp_per_floor":[70,70,70,56,56,56,56,56,56,44,44,44,44,44,44,10,70,60,60,60,55,55,55,55,52,52,52,52,51,51,51,51,51,75,75,75,75,75,75,75,75,75,75,75,75,75,75,75,75,75],"items_purged":["Defend_G","Strike_G","Survivor","Strike_G"],"gold":11,"score":768,"play_id":"52386f68-e2ca-4c2d-9bf5-84e9d1317a48","local_time":"20180315072330","is_prod":false,"is_daily":false,"is_ascension_mode":false,"campfire_upgraded":6,"timestamp":1521120210,"path_taken":["M","?","$","?","M","R","?","R","T","E","?","?","?","M","R","BOSS","M","?","$","M","?","R","?","M","T","?","M","M","$","M","R","BOSS","M","?","?","?","?","R","M","R","T","?","$","?","M","$","R","BOSS"],"build_version":"2018-03-01-PROD1","purchased_purges":4,"victory":true,"master_deck":["Defend_G+1","Defend_G+1","Strike_G+1","Neutralize+1","Heel Hook+1","Escape Plan+1","Backflip+1"],"max_hp_per_floor":[70,70,70,70,70,70,70,70,70,70,70,70,70,70,70,70,70,70,70,70,70,70,70,70,70,70,70,70,70,70,70,70,70,75,75,75,75,75,75,75,75,75,75,75,75,75,75,75,75,75],"relics":["Ring of the Snake","Ancient Tea Set","Frozen Eye","Art of War","Bag of Marbles","Runic Pyramid","Juzu Bracelet","Tingsha","Tiny House","Calipers","Snake Skull"],"card_choices":[{"not_picked":["Dagger Spray","Slice"],"picked":"Heel Hook"},{"not_picked":["Outmaneuver","Expertise"],"picked":"Escape Plan"},{"not_picked":["Riddle With Holes","Dagger Throw"],"picked":"Backflip"}],"player_experience":624827,"potions_floor_usage":[],"damage_taken":[{"damage":0.0,"enemies":"Jaw Worm","floor":1.0,"turns":4.0},{"damage":0.0,"enemies":"Small Slimes","floor":5.0,"turns":4.0},{"damage":0.0,"enemies":"2 Louse","floor":7.0,"turns":2.0},{"damage":12.0,"enemies":"3 Sentries","floor":10.0,"turns":11.0},{"damage":0.0,"enemies":"Exordium Thugs","floor":13.0,"turns":4.0},{"damage":0.0,"enemies":"Red Slaver","floor":14.0,"turns":4.0},{"damage":34.0,"enemies":"The Guardian","floor":16.0,"turns":19.0},{"damage":10.0,"enemies":"2 Thieves","floor":18.0,"turns":4.0},{"damage":5.0,"enemies":"3 Byrds","floor":21.0,"turns":5.0},{"damage":3.0,"enemies":"Snake Plant","floor":25.0,"turns":6.0},{"damage":0.0,"enemies":"3 Cultists","floor":28.0,"turns":3.0},{"damage":1.0,"enemies":"Slaver and Parasite","floor":29.0,"turns":5.0},{"damage":0.0,"enemies":"Snake Plant","floor":31.0,"turns":2.0},{"damage":0.0,"enemies":"Champ","floor":33.0,"turns":2.0},{"damage":0,"enemies":"3 Darklings","floor":35,"turns":2},{"damage":0,"enemies":"Orb Walker","floor":41,"turns":3},{"damage":0,"enemies":"Maw","floor":47,"turns":1},{"damage":0,"enemies":"Donu and Deca","floor":50,"turns":1}],"event_choices":[{"event_name":"The Cleric","player_choice":"Card Removal","floor":2.0,"damage_taken":0.0},{"event_name":"Shining Light","player_choice":"Entered Light","floor":4.0,"damage_taken":0.0},{"event_name":"Dead Adventurer","player_choice":"Searched \u00272\u0027 times","floor":12.0,"damage_taken":0.0},{"event_name":"Vampires","player_choice":"Ignored","floor":19.0,"damage_taken":0.0},{"event_name":"Drug Dealer","player_choice":"Ignored","floor":22.0,"damage_taken":0.0},{"event_name":"Back to Basics","player_choice":"Elegance","floor":24.0,"damage_taken":0.0},{"event_name":"Cursed Tome","player_choice":"Ignored","floor":27.0,"damage_taken":0.0},{"event_name":"Tomb of Lord Red Mask","player_choice":"Ignored","floor":36,"damage_taken":0},{"event_name":"Bonfire Elementals","player_choice":"BASIC","floor":37,"damage_taken":0},{"event_name":"Winding Halls","player_choice":"Writhe","floor":38,"damage_taken":0},{"event_name":"The Woman in Blue","player_choice":"Bought 0 Potions","floor":39,"damage_taken":0},{"event_name":"Fountain of Cleansing","player_choice":"Removed Curse","floor":44,"damage_taken":0}],"boss_relics":[],"potions_floor_spawned":[5,7,10,16,25,29,41],"seed_played":"5839344719059322320","ascension_level":0,"is_trial":false}