{"gold_per_floor":[116,116,132,152,102,102,137,137,137,164,89,103,103,123,123,227,227,247,267,267],"floor_reached":20,"playtime":2254,"items_purged":["Defend_B"],"score":224,"play_id":"41cbea2c-fcd9-4d93-b786-c4e7e47e3199","local_time":"20190122132430","is_ascension_mode":false,"campfire_choices":[{"data":"Hologram","floor":6,"key":"SMITH"},{"data":"Dualcast","floor":8,"key":"SMITH"},{"floor":15,"key":"REST"}],"neow_cost":"TEN_PERCENT_HP_LOSS","seed_source_timestamp":75448570367552,"circlet_count":0,"master_deck":["Strike_B","Strike_B","Defend_B","Defend_B","Zap","Dualcast+1","Hologram+1","Chaos","Biased Cognition","Stack","Skim","Double Energy","Conserve Battery","Hello World","Turbo","Streamline","Creative AI","Streamline+1","Genetic Algorithm"],"relics":["Cracked Core","Ornamental Fan","Ice Cream","Odd Mushroom","Black Star"],"potions_floor_usage":[7,16,19],"damage_taken":[{"damage":0,"enemies":"Small Slimes","floor":1,"turns":4},{"damage":0,"enemies":"Cultist","floor":3,"turns":3},{"damage":0,"enemies":"2 Louse","floor":4,"turns":3},{"damage":15,"enemies":"Lagavulin","floor":7,"turns":5},{"damage":26,"enemies":"The Mushroom Lair","floor":10,"turns":5},{"damage":0,"enemies":"Exordium Wildlife","floor":12,"turns":4},{"damage":4,"enemies":"Blue Slaver","floor":14,"turns":4},{"damage":0,"enemies":"Hexaghost","floor":16,"turns":9},{"damage":22,"enemies":"2 Thieves","floor":18,"turns":4},{"damage":0,"enemies":"Spheric Guardian","floor":19,"turns":3},{"damage":20,"enemies":"3 Cultists","floor":20,"turns":4}],"seed_played":"8866630177290575097","potions_obtained":[{"floor":4,"key":"EssenceOfSteel"},{"floor":7,"key":"Poison Potion"},{"floor":10,"key":"SteroidPotion"},{"floor":12,"key":"Weak Potion"},{"floor":19,"key":"Weak Potion"}],"is_trial":false,"path_per_floor":["M","?","M","M","?","R","E","R","T","?","$","M","T","M","R","B",null,"M","M","M"],"character_chosen":"DEFECT","items_purchased":[],"campfire_rested":1,"item_purchase_floors":[],"current_hp_per_floor":[68,68,68,68,68,68,53,53,53,27,27,27,27,23,43,43,68,46,46,26],"gold":267,"neow_bonus":"REMOVE_TWO","is_prod":false,"is_daily":false,"chose_seed":false,"campfire_upgraded":2,"win_rate":0,"timestamp":1548181470,"path_taken":["M","?","?","M","?","R","E","R","T","?","?","M","?","M","R","BOSS","M","M","M"],"build_version":"2019-01-17v2","purchased_purges":1,"victory":false,"max_hp_per_floor":[68,68,68,68,68,68,68,68,68,68,68,68,68,68,68,68,68,68,68,68],"card_choices":[{"not_picked":["Stack","Leap"],"picked":"Hologram","floor":1},{"not_picked":["Coolheaded","Turbo"],"picked":"Skim","floor":3},{"not_picked":["Stack","Gash"],"picked":"Double Energy","floor":4},{"not_picked":["Reinforced Body","Force Field"],"picked":"Conserve Battery","floor":7},{"not_picked":["Ball Lightning","Steam"],"picked":"Hello World","floor":10},{"not_picked":["Double Energy","Redo"],"picked":"Turbo","floor":12},{"not_picked":["Barrage","Double Energy"],"picked":"Streamline","floor":14},{"not_picked":["Echo Form","Multi-Cast"],"picked":"Creative AI","floor":16},{"not_picked":["Steam","Stack+1"],"picked":"Streamline+1","floor":18},{"not_picked":["Steam","Stack"],"picked":"Genetic Algorithm","floor":19}],"player_experience":1166388,"relics_obtained":[{"floor":7,"key":"Ornamental Fan"},{"floor":9,"key":"Ice Cream"},{"floor":10,"key":"Odd Mushroom"}],"event_choices":[{"damage_healed":0,"gold_gain":0,"player_choice":"3 cards matched","damage_taken":0,"max_hp_gain":0,"max_hp_loss":0,"event_name":"Match and Keep!","floor":2,"gold_loss":0,"cards_obtained":["Chaos","Biased Cognition","Stack"]},{"cards_removed":["Strike_B"],"damage_healed":0,"gold_gain":0,"player_choice":"Card Removal","damage_taken":0,"max_hp_gain":0,"max_hp_loss":0,"event_name":"The Cleric","floor":5,"gold_loss":50},{"damage_healed":0,"gold_gain":0,"player_choice":"Fought Mushrooms","damage_taken":0,"max_hp_gain":0,"max_hp_loss":0,"event_name":"Mushrooms","floor":10,"gold_loss":0}],"is_beta":false,"boss_relics":[{"not_picked":["Tiny House","Orrery"],"picked":"Black Star"}],"items_purged_floors":[11],"is_endless":false,"potions_floor_spawned":[4,7,10,12,19],"killed_by":"3 Cultists","ascension_level":0}