{"gold_per_floor":[12,112,66,78,95,95,114,128,128,154,171,191,219,229,229,330,330,346,117,117,128,128,128,148,160,185,185,185,200,200,39,39,136,136,155,168,168,168],"floor_reached":38,"playtime":9223,"items_purged":[],"score":415,"play_id":"9d196108-58ed-4e6c-82d6-468f20569f86","local_time":"20181125111943","is_ascension_mode":false,"campfire_choices":[{"data":"Armaments","floor":6.0,"key":"SMITH"},{"floor":15,"key":"REST"},{"data":"RitualDagger","floor":23,"key":"SMITH"},{"floor":28,"key":"REST"},{"floor":32,"key":"REST"}],"neow_cost":"NO_GOLD","seed_source_timestamp":0,"circlet_count":0,"master_deck":["Defend_R","Defend_R","Defend_R","Defend_R","Bash","Juggernaut","Armaments+1","Cleave","Iron Wave","Fire Breathing","Clash","Carnage","Entrench","Clothesline","Ghostly Armor","Body Slam","Anger","Feed","Clothesline+1","Metallicize+1","Writhe","Clothesline","RitualDagger+1","Cleave","Cleave","Bite","Bite","Bite","Bite","Bite","Barricade","Offering","Perfected Strike+1","Corruption"],"special_seed":0,"relics":["Burning Blood","Kunai","PreservedInsect","Ginger","Velvet Choker","Strawberry","Centennial Puzzle","Vajra","Lizard Tail"],"potions_floor_usage":[24,33],"damage_taken":[{"damage":7.0,"enemies":"2 Louse","floor":1.0,"turns":4.0},{"damage":6.0,"enemies":"Cultist","floor":4.0,"turns":3.0},{"damage":1.0,"enemies":"Jaw Worm","floor":5.0,"turns":4.0},{"damage":10.0,"enemies":"2 Fungi Beasts","floor":7.0,"turns":4.0},{"damage":21.0,"enemies":"Lots of Slimes","floor":8.0,"turns":4.0},{"damage":26.0,"enemies":"Lagavulin","floor":10.0,"turns":6.0},{"damage":0.0,"enemies":"Blue Slaver","floor":11.0,"turns":3.0},{"damage":18,"enemies":"Exordium Thugs","floor":12,"turns":5},{"damage":11,"enemies":"Gremlin Nob","floor":13,"turns":3},{"damage":12,"enemies":"Exordium Wildlife","floor":14,"turns":5},{"damage":32,"enemies":"Hexaghost","floor":16,"turns":12},{"damage":32,"enemies":"2 Thieves","floor":18,"turns":4},{"damage":6,"enemies":"Chosen","floor":21,"turns":4},{"damage":28,"enemies":"Sentry and Sphere","floor":24,"turns":6},{"damage":23,"enemies":"Centurion and Healer","floor":25,"turns":5},{"damage":10,"enemies":"Snake Plant","floor":29,"turns":4},{"damage":62,"enemies":"Automaton","floor":33,"turns":13},{"damage":33,"enemies":"3 Darklings","floor":35,"turns":6},{"damage":36,"enemies":"3 Shapes","floor":36,"turns":5},{"damage":68,"enemies":"2 Orb Walkers","floor":38,"turns":4}],"seed_played":"-7174738232521881460","potions_obtained":[{"floor":4.0,"key":"FearPotion"},{"floor":7.0,"key":"Dexterity Potion"},{"floor":8.0,"key":"Swift Potion"},{"floor":13,"key":"Swift Potion"},{"floor":24,"key":"SteroidPotion"},{"floor":33,"key":"FearPotion"}],"is_trial":false,"path_per_floor":["M","?","$","M","M","R","M","M","T","E","M","M","M","E","M","R","B",null,"M","$","?","M","?","R","M","M","T","?","R","M","?","$","R","B",null,"M","M","?","?"],"character_chosen":"IRONCLAD","items_purchased":["Cleave","Strawberry","Metallicize","Barricade"],"campfire_rested":3,"item_purchase_floors":[3,19,19,31],"current_hp_per_floor":[79,79,79,79,80,80,76,61,61,41,47,35,30,24,48,22,80,54,61,61,61,55,55,36,22,22,22,49,45,45,45,64,25,65,44,21,21,0],"gold":168,"neow_bonus":"THREE_RARE_CARDS","is_prod":false,"is_daily":false,"chose_seed":false,"campfire_upgraded":2,"win_rate":0.0,"timestamp":1543166383,"path_taken":["M","?","$","?","M","R","M","M","T","E","?","M","E","M","R","BOSS","M","$","?","M","?","R","M","M","T","?","R","?","?","?","R","BOSS","M","M","?","?"],"build_version":"2018-11-15","purchased_purges":0,"victory":false,"max_hp_per_floor":[80,80,80,80,80,80,80,80,80,80,80,80,80,80,80,80,80,80,87,87,87,87,87,90,93,93,93,93,93,65,65,65,65,65,65,68,68,68],"card_choices":[{"not_picked":["Brutality","Impervious"],"picked":"Juggernaut","floor":0.0},{"not_picked":["Rage","Seeing Red"],"picked":"Armaments","floor":1.0},{"not_picked":["Flex","Feel No Pain"],"picked":"Iron Wave","floor":4.0},{"not_picked":["Seeing Red","Flex"],"picked":"Fire Breathing","floor":5.0},{"not_picked":["Shrug It Off","Metallicize"],"picked":"Clash","floor":7.0},{"not_picked":["Rupture","Spot Weakness"],"picked":"Carnage","floor":8.0},{"not_picked":["Sever Soul","Dropkick"],"picked":"Entrench","floor":10.0},{"not_picked":["Body Slam","Warcry"],"picked":"Clothesline","floor":11},{"not_picked":["Flame Barrier","Demon Form"],"picked":"Ghostly Armor","floor":12},{"not_picked":["Shockwave","True Grit"],"picked":"Body Slam","floor":13},{"not_picked":["Flame Barrier","Iron Wave"],"picked":"Anger","floor":14},{"not_picked":["Brutality","Bludgeon"],"picked":"Feed","floor":16},{"not_picked":["Dropkick+1","Sword Boomerang"],"picked":"Clothesline+1","floor":18},{"not_picked":["Combust","Armaments"],"picked":"Clothesline","floor":21},{"not_picked":["Headbutt+1","Heavy Blade"],"picked":"Cleave","floor":24},{"not_picked":["Flame Barrier","Iron Wave"],"picked":"Seeing Red","floor":25},{"not_picked":["Clothesline","Body Slam"],"picked":"Cleave","floor":29},{"not_picked":["Brutality","Barricade"],"picked":"Offering","floor":33},{"not_picked":["Combust+1","Carnage"],"picked":"Perfected Strike+1","floor":35},{"not_picked":["Uppercut+1","Headbutt"],"picked":"Corruption","floor":36}],"player_experience":9074,"relics_obtained":[{"floor":9.0,"key":"Kunai"},{"floor":10.0,"key":"PreservedInsect"},{"floor":13,"key":"Ginger"},{"floor":26,"key":"Vajra"}],"event_choices":[{"damage_healed":0.0,"max_hp_gain":0.0,"max_hp_loss":0.0,"gold_gain":100.0,"event_name":"Golden Shrine","player_choice":"Pray","floor":2.0,"gold_loss":0.0,"damage_taken":0.0},{"damage_healed":0,"gold_gain":0,"player_choice":"Opened","damage_taken":0,"relics_obtained":["Centennial Puzzle"],"max_hp_gain":0,"max_hp_loss":0,"event_name":"The Mausoleum","floor":20,"gold_loss":0,"cards_obtained":["Writhe"]},{"damage_healed":0,"gold_gain":0,"player_choice":"Joined the Cult","damage_taken":6,"max_hp_gain":0,"max_hp_loss":0,"event_name":"Nest","floor":22,"gold_loss":0,"cards_obtained":["RitualDagger"]},{"damage_healed":0,"gold_gain":0,"player_choice":"Upgraded","damage_taken":0,"max_hp_gain":0,"max_hp_loss":0,"event_name":"Upgrade Shrine","floor":27,"gold_loss":0,"cards_upgraded":["Metallicize"]},{"damage_healed":0,"gold_gain":0,"player_choice":"Became a vampire","damage_taken":0,"max_hp_gain":0,"max_hp_loss":28,"event_name":"Vampires","floor":30,"gold_loss":0,"cards_obtained":["Bite","Bite","Bite","Bite","Bite"]},{"cards_removed":["Seeing Red"],"damage_healed":0,"gold_gain":0,"player_choice":"Removed Skill","damage_taken":0,"max_hp_gain":0,"max_hp_loss":0,"event_name":"Falling","floor":37,"gold_loss":0},{"damage_healed":0,"gold_gain":0,"player_choice":"Fight","damage_taken":0,"max_hp_gain":0,"max_hp_loss":0,"event_name":"Mysterious Sphere","floor":38,"gold_loss":0}],"is_beta":false,"boss_relics":[{"not_picked":["Busted Crown","Fusion Hammer"],"picked":"Velvet Choker"},{"not_picked":["Orrery","Mark of Pain"],"picked":"Lizard Tail"}],"items_purged_floors":[],"is_endless":false,"potions_floor_spawned":[4,7,8,12,13,21,24,33,35,36],"killed_by":"2 Orb Walkers","ascension_level":0}