{"gold_per_floor":[112,112,127,127,145,177,177,202,227,227,244,259,115,135,135,234,234,254,254,254,112,211,238,238,248,248,260,278,278,294,310,310,415,415,426,426,426,437,437,437,456,472,472,472,572,572,585,601,601,601],"floor_reached":51,"playtime":2140,"items_purged":["Strike_R"],"score":681,"play_id":"00da9a00-1cbb-4b5e-825d-ecad3514efd2","local_time":"20190513024816","is_ascension_mode":false,"campfire_choices":[{"floor":7,"key":"REST"},{"data":"Shockwave","floor":10,"key":"SMITH"},{"floor":15,"key":"REST"},{"data":"Corruption","floor":24,"key":"SMITH"},{"floor":29,"key":"REST"},{"floor":32,"key":"REST"},{"data":"Limit Break","floor":40,"key":"SMITH"},{"floor":44,"key":"REST"},{"data":"Dark Embrace","floor":46,"key":"SMITH"},{"floor":49,"key":"REST"}],"neow_cost":"NONE","seed_source_timestamp":48309876393810,"circlet_count":0,"master_deck":["Strike_R","Defend_R","Defend_R","Defend_R","Bash","Battle Trance+1","Brutality+1","Rage+1","Whirlwind+1","Disarm","Shockwave+1","Clothesline","Anger","Spot Weakness","Body Slam","Flame Barrier","Inflame","Sword Boomerang","Limit Break+1","Corruption+1","Metallicize","Shrug It Off+1","Armaments+1","Disarm+1","Dark Embrace+1","Sword Boomerang+1","Carnage","Infernal Blade+1","Metallicize+1","Parasite","Intimidate+1"],"relics":["Astrolabe","Potion Belt","Pen Nib","Regal Pillow","Runic Pyramid","Toxic Egg 2","Vajra","Gambling Chip","Black Star","Meat on the Bone","Thread and Needle"],"potions_floor_usage":[50,50,50,50],"damage_taken":[{"damage":0,"enemies":"Small Slimes","floor":1,"turns":4},{"damage":6,"enemies":"Jaw Worm","floor":3,"turns":4},{"damage":0,"enemies":"Cultist","floor":5,"turns":3},{"damage":25,"enemies":"Gremlin Nob","floor":6,"turns":4},{"damage":21,"enemies":"3 Sentries","floor":8,"turns":4},{"damage":4,"enemies":"Looter","floor":11,"turns":3},{"damage":0,"enemies":"Blue Slaver","floor":12,"turns":3},{"damage":8,"enemies":"3 Louse","floor":14,"turns":4},{"damage":33,"enemies":"Hexaghost","floor":16,"turns":6},{"damage":15,"enemies":"Shell Parasite","floor":18,"turns":6},{"damage":30,"enemies":"Slavers","floor":23,"turns":4},{"damage":0,"enemies":"3 Byrds","floor":25,"turns":5},{"damage":6,"enemies":"Cultist and Chosen","floor":27,"turns":4},{"damage":4,"enemies":"Snecko","floor":28,"turns":4},{"damage":13,"enemies":"Centurion and Healer","floor":30,"turns":5},{"damage":7,"enemies":"Snake Plant","floor":31,"turns":4},{"damage":9,"enemies":"Automaton","floor":33,"turns":6},{"damage":21,"enemies":"Orb Walker","floor":35,"turns":6},{"damage":13,"enemies":"3 Shapes","floor":38,"turns":2},{"damage":5,"enemies":"Maw","floor":41,"turns":5},{"damage":18,"enemies":"Spire Growth","floor":42,"turns":5},{"damage":4,"enemies":"Mind Bloom Boss Battle","floor":45,"turns":5},{"damage":0,"enemies":"Writhing Mass","floor":47,"turns":4},{"damage":39,"enemies":"4 Shapes","floor":48,"turns":4},{"damage":42,"enemies":"Donu and Deca","floor":50,"turns":6}],"seed_played":"-5247219535601078851","potions_obtained":[{"floor":1,"key":"SkillPotion"},{"floor":3,"key":"AttackPotion"},{"floor":6,"key":"Strength Potion"},{"floor":14,"key":"Swift Potion"},{"floor":16,"key":"PowerPotion"},{"floor":28,"key":"AttackPotion"},{"floor":48,"key":"Strength Potion"}],"is_trial":false,"path_per_floor":["M","?","M","?","M","E","R","E","T","R","M","M","$","M","R","B",null,"M","?","?","$","?","E","R","M","T","M","M","R","M","M","R","B",null,"M","?","?","M","?","R","M","M","T","R","?","R","M","M","R","B",null],"character_chosen":"IRONCLAD","items_purchased":["Flame Barrier","Inflame","Metallicize"],"campfire_rested":6,"item_purchase_floors":[13,13,21],"current_hp_per_floor":[80,85,79,79,79,54,79,58,58,58,54,54,54,46,85,52,85,70,70,70,70,70,40,40,40,40,34,30,70,57,50,85,76,85,64,64,64,51,51,51,46,28,28,68,64,64,64,37,77,47],"gold":601,"neow_bonus":"BOSS_RELIC","is_prod":false,"is_daily":false,"chose_seed":false,"campfire_upgraded":4,"win_rate":0.0,"timestamp":1557730096,"path_taken":["M","?","M","?","M","E","R","E","T","R","M","?","$","M","R","BOSS","M","?","?","$","?","E","R","M","T","M","M","R","M","M","R","BOSS","M","?","?","M","?","R","M","?","T","R","?","R","M","M","R","BOSS"],"build_version":"2019-01-23","purchased_purges":1,"victory":true,"max_hp_per_floor":[80,85,85,85,85,85,85,85,85,85,85,85,85,85,85,85,85,85,85,85,85,85,85,85,85,85,85,85,85,85,85,85,85,85,85,85,85,85,85,85,85,85,85,85,85,85,85,85,85,85],"card_choices":[{"not_picked":["Intimidate","Combust"],"picked":"Whirlwind","floor":1},{"not_picked":["Shockwave","Warcry"],"picked":"Disarm","floor":3},{"not_picked":["Cleave","Power Through"],"picked":"Shockwave","floor":5},{"not_picked":["True Grit","Iron Wave"],"picked":"Clothesline","floor":6},{"not_picked":["Flex","Entrench"],"picked":"Anger","floor":8},{"not_picked":["Sword Boomerang","Rupture"],"picked":"Spot Weakness","floor":11},{"not_picked":["Bludgeon","Dropkick"],"picked":"Body Slam","floor":12},{"not_picked":["Blood for Blood","Sever Soul"],"picked":"Sword Boomerang","floor":14},{"not_picked":["Dark Embrace","Brutality"],"picked":"Limit Break","floor":16},{"not_picked":["Iron Wave","Sword Boomerang+1","Intimidate+1"],"picked":"SKIP","floor":18},{"not_picked":["Perfected Strike","Headbutt"],"picked":"Shrug It Off+1","floor":23},{"not_picked":["Corruption+1","Blood for Blood+1","Anger"],"picked":"SKIP","floor":25},{"not_picked":["Anger","Ghostly Armor+1","Body Slam"],"picked":"SKIP","floor":27},{"not_picked":["Power Through+1","Blood for Blood+1"],"picked":"Armaments+1","floor":28},{"not_picked":["Limit Break+1","Warcry+1"],"picked":"Disarm+1","floor":30},{"not_picked":["Second Wind+1","Iron Wave","Searing Blow"],"picked":"SKIP","floor":31},{"not_picked":["Reaper","Fiend Fire"],"picked":"Dark Embrace","floor":33},{"not_picked":["True Grit+1","Carnage","Anger+1"],"picked":"SKIP","floor":35},{"not_picked":["Clash+1","Combust+1"],"picked":"Sword Boomerang+1","floor":38},{"not_picked":["Cleave+1","Ghostly Armor+1"],"picked":"Infernal Blade+1","floor":41},{"not_picked":["Rampage+1","Sword Boomerang","Cleave"],"picked":"SKIP","floor":42},{"not_picked":["Flex+1","Pommel Strike+1"],"picked":"Metallicize+1","floor":45},{"not_picked":["Warcry+1","Headbutt"],"picked":"Intimidate+1","floor":47},{"not_picked":["Twin Strike+1","Thunderclap","Heavy Blade+1"],"picked":"SKIP","floor":48}],"player_experience":17594,"relics_obtained":[{"floor":6,"key":"Potion Belt"},{"floor":8,"key":"Pen Nib"},{"floor":9,"key":"Regal Pillow"},{"floor":23,"key":"Vajra"},{"floor":26,"key":"Gambling Chip"},{"floor":43,"key":"Meat on the Bone"},{"floor":45,"key":"Thread and Needle"}],"event_choices":[{"damage_healed":0,"gold_gain":0,"player_choice":"Donut","damage_taken":0,"max_hp_gain":5,"max_hp_loss":0,"event_name":"Big Fish","floor":2,"gold_loss":0},{"damage_healed":0,"gold_gain":0,"player_choice":"Upgraded","damage_taken":0,"max_hp_gain":0,"max_hp_loss":0,"event_name":"Upgrade Shrine","floor":4,"gold_loss":0,"cards_upgraded":["Whirlwind"]},{"damage_healed":0,"gold_gain":0,"player_choice":"Read","damage_taken":0,"max_hp_gain":0,"max_hp_loss":0,"event_name":"The Library","floor":19,"gold_loss":0,"cards_obtained":["Corruption"]},{"damage_healed":0,"gold_gain":0,"player_choice":"Opened","damage_taken":0,"relics_obtained":["Toxic Egg 2"],"max_hp_gain":0,"max_hp_loss":0,"event_name":"The Mausoleum","floor":20,"gold_loss":0},{"damage_healed":0,"gold_gain":99,"player_choice":"Stole From Cult","damage_taken":0,"max_hp_gain":0,"max_hp_loss":0,"event_name":"Nest","floor":22,"gold_loss":0},{"damage_healed":0,"gold_gain":0,"player_choice":"Ignored","damage_taken":0,"max_hp_gain":0,"max_hp_loss":0,"event_name":"Mysterious Sphere","floor":36,"gold_loss":0},{"damage_healed":0,"gold_gain":0,"player_choice":"Ignored","damage_taken":0,"max_hp_gain":0,"max_hp_loss":0,"event_name":"Tomb of Lord Red Mask","floor":37,"gold_loss":0},{"damage_healed":0,"gold_gain":0,"cards_transformed":["Strike_R"],"player_choice":"Transformed","damage_taken":0,"max_hp_gain":0,"max_hp_loss":0,"event_name":"Transmorgrifier","floor":39,"gold_loss":0,"cards_obtained":["Carnage"]},{"damage_healed":0,"gold_gain":0,"player_choice":"Fight","damage_taken":0,"max_hp_gain":0,"max_hp_loss":0,"event_name":"MindBloom","floor":45,"gold_loss":0}],"is_beta":false,"boss_relics":[{"not_picked":["Coffee Dripper","Runic Cube"],"picked":"Runic Pyramid"},{"not_picked":["Snecko Eye","Lizard Tail"],"picked":"Black Star"}],"items_purged_floors":[21],"is_endless":false,"potions_floor_spawned":[1,3,6,14,16,27,28,33,38,41,48],"ascension_level":0}