{"gold_per_floor":[117,117,127,145,145,172,172,191,216,216,226,239,258,116,116,221,221,240,259,279,36,50,64,64,94,118,118,118,118],"floor_reached":29,"playtime":3282,"items_purged":["Strike_G","Strike_G"],"score":249,"play_id":"8ebe4a15-5678-4708-88fa-7d95a0970011","local_time":"20181211020125","is_ascension_mode":false,"campfire_choices":[{"data":"Deadly Poison","floor":7,"key":"SMITH"},{"data":"Envenom","floor":10,"key":"SMITH"},{"floor":15,"key":"REST"},{"floor":24,"key":"REST"}],"neow_cost":"NONE","seed_source_timestamp":1354119230430422,"circlet_count":0,"master_deck":["Defend_G","Defend_G","Defend_G","Defend_G","Strike_G","Strike_G","Survivor","Neutralize+1","Deadly Poison","Outmaneuver+1","Dagger Throw","Envenom+1","Deadly Poison+1","Backflip","Deflect","Footwork","Blur","Prepared","Acrobatics","Noxious Fumes","Blur+1","Noxious Fumes+1"],"relics":["Ring of the Snake","NeowsBlessing","Omamori","Oddly Smooth Stone","Empty Cage","War Paint","Boot"],"potions_floor_usage":[22,25,25,25],"damage_taken":[{"damage":0,"enemies":"Small Slimes","floor":1,"turns":1},{"damage":0,"enemies":"Cultist","floor":3,"turns":1},{"damage":0,"enemies":"Jaw Worm","floor":4,"turns":1},{"damage":25,"enemies":"Gremlin Nob","floor":6,"turns":5},{"damage":6,"enemies":"Blue Slaver","floor":8,"turns":3},{"damage":1,"enemies":"Looter","floor":11,"turns":3},{"damage":10,"enemies":"Exordium Thugs","floor":12,"turns":5},{"damage":3,"enemies":"Exordium Wildlife","floor":13,"turns":4},{"damage":30,"enemies":"Slime Boss","floor":16,"turns":17},{"damage":9,"enemies":"3 Byrds","floor":18,"turns":7},{"damage":0,"enemies":"Shell Parasite","floor":19,"turns":6},{"damage":17,"enemies":"Snake Plant","floor":20,"turns":5},{"damage":9,"enemies":"Sentry and Sphere","floor":22,"turns":8},{"damage":13,"enemies":"Snecko","floor":23,"turns":6},{"damage":16,"enemies":"Gremlin Leader","floor":25,"turns":7},{"damage":44,"enemies":"Slavers","floor":29,"turns":3}],"seed_played":"-6393166879746673701","potions_obtained":[{"floor":4,"key":"Explosive Potion"},{"floor":6,"key":"Explosive Potion"},{"floor":11,"key":"EssenceOfSteel"},{"floor":23,"key":"EssenceOfSteel"},{"floor":25,"key":"FairyPotion"}],"is_trial":false,"path_per_floor":["M","?","M","M","?","E","R","M","T","R","M","M","M","$","R","B",null,"M","M","M","$","M","M","R","E","T","$","?","E"],"character_chosen":"THE_SILENT","items_purchased":["Blur","Noxious Fumes","Blur"],"campfire_rested":2,"item_purchase_floors":[14,21,21],"current_hp_per_floor":[70,70,70,70,70,45,45,39,39,39,38,28,25,25,46,16,70,61,61,44,44,35,22,43,27,27,27,27,0],"gold":118,"neow_bonus":"THREE_ENEMY_KILL","is_prod":false,"is_daily":false,"chose_seed":false,"campfire_upgraded":2,"win_rate":0.0,"timestamp":1544515285,"path_taken":["M","?","?","?","?","E","R","M","T","R","M","M","?","$","R","BOSS","M","M","M","$","?","M","R","E","T","$","?","E"],"build_version":"2018-12-06","purchased_purges":2,"victory":false,"max_hp_per_floor":[70,70,70,70,70,70,70,70,70,70,70,70,70,70,70,70,70,70,70,70,70,70,70,70,70,70,70,70,70],"card_choices":[{"not_picked":["Heel Hook","Outmaneuver"],"picked":"Deadly Poison","floor":1},{"not_picked":["PiercingWail","Escape Plan"],"picked":"Outmaneuver","floor":3},{"not_picked":["Dash","Dagger Spray"],"picked":"Dagger Throw","floor":4},{"not_picked":["Malaise","Reflex"],"picked":"Deadly Poison","floor":6},{"not_picked":["Skewer","Finisher"],"picked":"Backflip","floor":8},{"not_picked":["Dagger Spray","Underhanded Strike","Quick Slash"],"picked":"SKIP","floor":11},{"not_picked":["Outmaneuver","Endless Agony"],"picked":"Deflect","floor":12},{"not_picked":["Bane","Well Laid Plans"],"picked":"Footwork","floor":13},{"not_picked":["Bane+1","PiercingWail"],"picked":"Prepared","floor":18},{"not_picked":["Dodge and Roll+1","Quick Slash","Caltrops+1"],"picked":"SKIP","floor":19},{"not_picked":["Masterful Stab","Expertise+1"],"picked":"Acrobatics","floor":20},{"not_picked":["Slice+1","Expertise+1"],"picked":"Noxious Fumes+1","floor":22},{"not_picked":["Envenom","Infinite Blades","Quick Slash+1"],"picked":"SKIP","floor":23},{"not_picked":["Glass Knife","Bouncing Flask","Escape Plan"],"picked":"SKIP","floor":25}],"player_experience":41224,"relics_obtained":[{"floor":6,"key":"Omamori"},{"floor":9,"key":"Oddly Smooth Stone"},{"floor":25,"key":"War Paint"},{"floor":26,"key":"Boot"}],"event_choices":[{"damage_healed":0,"gold_gain":0,"player_choice":"Upgraded","damage_taken":0,"max_hp_gain":0,"max_hp_loss":0,"event_name":"Upgrade Shrine","floor":2,"gold_loss":0,"cards_upgraded":["Neutralize"]},{"damage_healed":0,"gold_gain":0,"player_choice":"1 cards matched","damage_taken":0,"max_hp_gain":0,"max_hp_loss":0,"event_name":"Match and Keep!","floor":5,"gold_loss":0,"cards_obtained":["Envenom"]},{"damage_healed":0,"gold_gain":0,"player_choice":"1 cards matched","damage_taken":0,"max_hp_gain":0,"max_hp_loss":0,"event_name":"Match and Keep!","floor":5,"gold_loss":0,"cards_obtained":["Envenom"]},{"damage_healed":0,"gold_gain":0,"player_choice":"Ignored","damage_taken":0,"max_hp_gain":0,"max_hp_loss":0,"event_name":"Vampires","floor":28,"gold_loss":0}],"is_beta":false,"boss_relics":[{"not_picked":["Snecko Eye","WristBlade"],"picked":"Empty Cage"}],"items_purged_floors":[14,21],"is_endless":false,"potions_floor_spawned":[4,6,11,12,13,20,23,25],"killed_by":"Slavers","ascension_level":0}