{"path_per_floor":["M","?","M","M","?","R","E","$","T","M","R","?","M","$","R","B",null,"M","?","M","M","?","E","M"],"character_chosen":"DEFECT","items_purchased":["Streamline","Aggregate","Coolheaded","Sweeping Beam"],"gold_per_floor":[116,116,127,138,138,138,165,67,94,114,114,289,305,51,51,155,155,174,174,187,199,199,230,247,247],"floor_reached":25,"campfire_rested":1,"playtime":2103,"item_purchase_floors":[8,14,14,14],"current_hp_per_floor":[37,42,39,39,23,23,10,10,10,9,33,33,32,32,32,23,80,67,67,54,31,80,36,9,0],"items_purged":["Defend_B","Doubt"],"gold":247,"score":223,"play_id":"968da86e-35fa-4716-b081-2bfad4c2a9e7","local_time":"20180601232757","is_prod":false,"is_daily":false,"chose_seed":false,"is_ascension_mode":false,"campfire_upgraded":2,"win_rate":0.0,"timestamp":1527910077,"campfire_choices":[{"data":"Zap","floor":6,"key":"SMITH"},{"floor":11,"key":"REST"},{"data":"Loop","floor":15,"key":"SMITH"}],"path_taken":["M","?","M","M","?","R","E","$","T","M","R","?","?","$","R","BOSS","M","?","M","M","?","E","M","M"],"build_version":"2018-05-31","seed_source_timestamp":2495237596569,"purchased_purges":2,"victory":false,"master_deck":["Strike_B+1","Strike_B","Strike_B","Strike_B","Defend_B","Defend_B","Defend_B+1","Zap+1","Dualcast","Doom and Gloom","Auto Shields","Conserve Battery","Undo","Streamline","Loop+1","Leap","Aggregate","Coolheaded","Sweeping Beam","Machine Learning+1","Steam+1","Fusion","Storm","Beam Cell","BootSequence"],"max_hp_per_floor":[75,80,80,80,80,80,80,80,80,80,80,80,80,80,80,80,80,80,80,80,80,80,80,80,80],"relics":["Cracked Core","Ginger","Lantern","Bag of Marbles","Inserter","Du-Vu Doll"],"card_choices":[{"not_picked":["Hologram","Tempest"],"picked":"Doom and Gloom","floor":1},{"not_picked":["Hologram","Hello World"],"picked":"Auto Shields","floor":3},{"not_picked":["Stack","Compile Driver"],"picked":"Conserve Battery","floor":4},{"not_picked":["Reboot","BootSequence"],"picked":"Undo","floor":7},{"not_picked":["Streamline","Coolheaded"],"picked":"Loop","floor":10},{"not_picked":["Hologram","Reprogram"],"picked":"Leap","floor":13},{"not_picked":["Buffer","All For One"],"picked":"Machine Learning","floor":16},{"not_picked":["BootSequence","Conserve Battery"],"picked":"Steam+1","floor":18},{"not_picked":["Stack","Conserve Battery"],"picked":"Fusion","floor":20},{"not_picked":["Sweeping Beam+1","Capacitor"],"picked":"Storm","floor":21},{"not_picked":["FTL","Stack"],"picked":"Beam Cell","floor":23},{"not_picked":["Fusion+1","Reboot"],"picked":"BootSequence","floor":24}],"player_experience":745556,"potions_floor_usage":[7,7,23],"damage_taken":[{"damage":1,"enemies":"Jaw Worm","floor":1,"turns":4},{"damage":3,"enemies":"Small Slimes","floor":3,"turns":2},{"damage":0,"enemies":"2 Louse","floor":4,"turns":3},{"damage":13,"enemies":"Gremlin Nob","floor":7,"turns":4},{"damage":1,"enemies":"Blue Slaver","floor":10,"turns":3},{"damage":1,"enemies":"3 Louse","floor":13,"turns":2},{"damage":9,"enemies":"Hexaghost","floor":16,"turns":9},{"damage":13,"enemies":"Spheric Guardian","floor":18,"turns":8},{"damage":13,"enemies":"3 Byrds","floor":20,"turns":6},{"damage":23,"enemies":"Snecko","floor":21,"turns":6},{"damage":44,"enemies":"Gremlin Leader","floor":23,"turns":9},{"damage":27,"enemies":"Sentry and Sphere","floor":24,"turns":6},{"damage":11,"enemies":"Snake Plant","floor":25,"turns":3}],"relics_obtained":[{"floor":7,"key":"Lantern"},{"floor":9,"key":"Bag of Marbles"},{"floor":23,"key":"Du-Vu Doll"}],"event_choices":[{"event_name":"Big Fish","player_choice":"Donut","floor":2,"damage_taken":0},{"event_name":"Shining Light","player_choice":"Entered Light","floor":5,"damage_taken":0},{"event_name":"Liars Game","player_choice":"agreed","floor":12,"damage_taken":0},{"event_name":"Upgrade Shrine","player_choice":"Upgraded","floor":19,"damage_taken":0},{"event_name":"Wheel of Change","player_choice":"Full Heal","floor":22,"damage_taken":0}],"boss_relics":[{"not_picked":["Cursed Key","Pandora\u0027s Box"],"picked":"Inserter"}],"items_purged_floors":[8,14],"potions_floor_spawned":[1,3,13,21,23],"seed_played":"1995935813357486769","killed_by":"Snake Plant","ascension_level":0,"potions_obtained":[{"floor":1,"key":"Swift Potion"},{"floor":3,"key":"PowerPotion"},{"floor":13,"key":"Explosive Potion"},{"floor":21,"key":"Poison Potion"},{"floor":23,"key":"SteroidPotion"}],"is_trial":false}