{"path_per_floor":["M","$","M","?","$","R","E","R","T","?","M","M","R","M","R","B",null,"M","$","?","M","M","E","?","R","T","M","R","M","?","M","R","B",null,"M","$","?","?","M","R","?","E","T","R","E","T","$","M","R"],"character_chosen":"THE_SILENT","items_purchased":["Noxious Fumes","Dash","Bane","Matryoshka","Kunai","Bane","Noxious Fumes","Tough Bandages","Mummified Hand","Leg Sweep"],"gold_per_floor":[112,37,49,299,40,40,67,67,116,116,130,148,148,162,162,264,264,277,29,29,47,58,89,89,89,167,185,185,199,199,219,219,324,324,336,54,54,54,74,74,74,108,132,132,166,466,2,20,20],"floor_reached":50,"campfire_rested":5,"playtime":4497,"current_hp_per_floor":[59,59,56,56,56,56,38,38,38,38,38,37,37,36,36,20,55,55,55,55,40,40,26,10,45,45,45,45,39,39,20,55,39,60,50,50,50,50,16,51,43,25,25,60,37,37,37,11,46],"items_purged":["Parasite","Regret"],"gold":20,"score":750,"play_id":"38ea606e-0814-4e02-9585-752ca8fd0ce3","is_prod":false,"is_daily":false,"is_ascension_mode":true,"campfire_upgraded":5,"path_taken":["M","$","?","?","$","R","E","R","T","?","?","M","R","M","R","BOSS","M","$","?","M","M","E","?","R","T","M","R","M","?","M","R","BOSS","M","$","?","?","?","R","?","E","T","R","E","?","$","M","R","BOSS"],"build_version":"2018-02-08-PROD1","purchased_purges":2,"victory":false,"master_deck":["Defend_G","Defend_G","Defend_G","Defend_G","Defend_G","Strike_G","Strike_G","Strike_G","Strike_G","Survivor","Neutralize+1","Expertise","Noxious Fumes+1","Dash+1","Backflip","PiercingWail","Venomology+1","Terror+1","Well Laid Plans","Malaise","Prepared+1","Necronomicurse","Setup+1","Quick Slash","Glass Knife","Prepared+1","Bane","Noxious Fumes","Slice+1","Madness","Madness","Dagger Spray+1","Leg Sweep","Backflip+1"],"max_hp_per_floor":[70,67,67,67,67,67,67,67,67,67,67,67,67,67,67,67,67,67,67,67,67,67,67,67,67,67,67,67,67,67,67,67,67,67,67,67,67,67,67,67,67,67,67,67,69,69,69,69,69],"relics":["Ring of the Snake","Bronze Scales","Art of War","Regal Pillow","Matryoshka","Nloth\u0027s Gift","Frozen Eye","Necronomicon","Happy Flower","The Courier","Runic Dome","Kunai","Unceasing Top","Singing Bowl","Pen Nib","Torii","Old Coin","Tough Bandages","Mummified Hand"],"card_choices":[{"not_picked":["Flechettes","Acrobatics"],"picked":"Expertise"},{"not_picked":["Poisoned Stab","PiercingWail"],"picked":"Backflip"},{"not_picked":["Poisoned Stab","Bouncing Flask"],"picked":"PiercingWail"},{"not_picked":["Quick Slash","Deflect"],"picked":"Venomology"},{"not_picked":["Prepared","Dagger Throw"],"picked":"Terror"},{"not_picked":["PiercingWail","Deflect"],"picked":"Well Laid Plans"},{"not_picked":["All Out Attack","Eviscerate"],"picked":"Malaise"},{"not_picked":["Blade Dance","Poisoned Stab"],"picked":"Prepared"},{"not_picked":["Phantasmal Killer","Outmaneuver"],"picked":"Setup"},{"not_picked":["Slice","Glass Knife"],"picked":"Quick Slash"},{"not_picked":["Venomology","Tactician"],"picked":"Glass Knife"},{"not_picked":["Terror","PiercingWail"],"picked":"Prepared"},{"not_picked":["Acrobatics","Deflect"],"picked":"Slice"},{"not_picked":["Bouncing Flask","Calculated Gamble"],"picked":"Dagger Spray"},{"not_picked":["Expertise","Deflect"],"picked":"Backflip"}],"player_experience":255114,"potions_floor_usage":[45,45,45,50,50,50],"damage_taken":[{"damage":4.0,"enemies":"Blue Slaver","floor":1.0,"turns":5.0},{"damage":3.0,"enemies":"Jaw Worm","floor":3.0,"turns":6.0},{"damage":18.0,"enemies":"Gremlin Nob","floor":7.0,"turns":5.0},{"damage":0.0,"enemies":"Cultist","floor":11.0,"turns":3.0},{"damage":1.0,"enemies":"Exordium Thugs","floor":12.0,"turns":4.0},{"damage":1.0,"enemies":"3 Louse","floor":14.0,"turns":3.0},{"damage":16.0,"enemies":"Hexaghost","floor":16.0,"turns":9.0},{"damage":0.0,"enemies":"Shell Parasite","floor":18.0,"turns":5.0},{"damage":15.0,"enemies":"Chosen","floor":21.0,"turns":5.0},{"damage":0.0,"enemies":"Snecko","floor":22.0,"turns":6.0},{"damage":14.0,"enemies":"Book of Stabbing","floor":23.0,"turns":6.0},{"damage":0.0,"enemies":"Snake Plant","floor":27.0,"turns":5.0},{"damage":6.0,"enemies":"3 Cultists","floor":29.0,"turns":5.0},{"damage":19.0,"enemies":"Sentry and Sphere","floor":31.0,"turns":6.0},{"damage":40.0,"enemies":"Collector","floor":33.0,"turns":12.0},{"damage":10.0,"enemies":"3 Shapes","floor":35.0,"turns":4.0},{"damage":34.0,"enemies":"3 Darklings","floor":39.0,"turns":5.0},{"damage":18.0,"enemies":"2 Orb Walkers","floor":42.0,"turns":5.0},{"damage":25,"enemies":"Giant Head","floor":45,"turns":8},{"damage":26,"enemies":"Sphere and 2 Shapes","floor":48,"turns":5},{"damage":46,"enemies":"Donu and Deca","floor":50,"turns":8}],"event_choices":[{"event_name":"Golden Shrine","player_choice":"Desecrate","floor":4.0,"damage_taken":0.0},{"event_name":"Living Wall","player_choice":"Forget","floor":10.0,"damage_taken":0.0},{"event_name":"N\u0027loth","player_choice":"Traded a Orrery","floor":20.0,"damage_taken":0.0},{"event_name":"Cursed Tome","player_choice":"Obtained Book","floor":24.0,"damage_taken":0.0},{"event_name":"The Lab","player_choice":"Got Potions","floor":30.0,"damage_taken":0.0},{"event_name":"Mysterious Sphere","player_choice":"Ignore","floor":37.0,"damage_taken":0.0},{"event_name":"Winding Halls","player_choice":"Embrace Madness","floor":41.0,"damage_taken":0.0}],"boss_relics":[],"potions_floor_spawned":[3,11,12,21,22,29,31,33,42,48],"seed_played":"4869535320145232732","killed_by":"Donu and Deca","ascension_level":11,"is_trial":false}