{"gold_per_floor":[13,88,52,67,20,38,38,38,65,65,105,180,180,221,221,342,342,366,366,390,390],"floor_reached":21,"playtime":11652,"items_purged":[],"score":204,"play_id":"ba27abd7-f619-476b-9493-8a9f0ff87a44","local_time":"20190513222540","is_ascension_mode":true,"campfire_choices":[{"data":"Well Laid Plans","floor":7,"key":"SMITH"},{"data":"Infinite Blades","floor":10,"key":"SMITH"},{"floor":13,"key":"REST"},{"floor":15,"key":"REST"}],"neow_cost":"NO_GOLD","seed_source_timestamp":109266465123066,"circlet_count":0,"master_deck":["Defend_G","Defend_G","Defend_G","Defend_G","Defend_G","Strike_G","Strike_G","Strike_G","Strike_G","Strike_G","Survivor","Neutralize","Finisher","Well Laid Plans+1","Dodge and Roll","Cloak And Dagger","Infinite Blades+1","Backflip","Calculated Gamble","A Thousand Cuts","Writhe","Backflip"],"relics":["Ring of the Snake","Nunchaku","Golden Idol","Lantern","Juzu Bracelet","Sundial","Cursed Key","StoneCalendar"],"potions_floor_usage":[],"damage_taken":[{"damage":0,"enemies":"Jaw Worm","floor":1,"turns":5},{"damage":0,"enemies":"Cultist","floor":4,"turns":4},{"damage":0,"enemies":"Small Slimes","floor":6,"turns":4},{"damage":37,"enemies":"Gremlin Nob","floor":11,"turns":5},{"damage":4,"enemies":"3 Sentries","floor":14,"turns":9},{"damage":42,"enemies":"Hexaghost","floor":16,"turns":16},{"damage":29,"enemies":"Spheric Guardian","floor":18,"turns":6},{"damage":17,"enemies":"3 Byrds","floor":20,"turns":4},{"damage":21,"enemies":"Snake Plant","floor":21,"turns":2}],"seed_played":"8908600130669280247","potions_obtained":[{"floor":1,"key":"Fire Potion"},{"floor":11,"key":"GhostInAJar"},{"floor":14,"key":"SpeedPotion"}],"is_trial":false,"path_per_floor":["M","?","$","M","$","M","R","?","T","R","E","?","R","E","R","B",null,"M","?","M","M"],"character_chosen":"THE_SILENT","items_purchased":["Well Laid Plans","Cloak And Dagger"],"campfire_rested":2,"item_purchase_floors":[3,5],"current_hp_per_floor":[70,63,63,63,63,63,63,63,63,63,26,15,34,30,49,7,65,36,36,19,0],"gold":390,"neow_bonus":"ONE_RARE_RELIC","is_prod":false,"is_daily":false,"chose_seed":false,"campfire_upgraded":2,"win_rate":0,"timestamp":1557800740,"path_taken":["M","?","$","M","$","?","R","?","T","R","E","?","R","E","R","BOSS","M","?","M","M"],"build_version":"2019-01-23","purchased_purges":0,"victory":false,"max_hp_per_floor":[70,70,70,70,70,70,70,65,65,65,65,65,65,65,65,65,65,65,65,65,65],"card_choices":[{"not_picked":["Terror","Slice"],"picked":"Finisher","floor":1},{"not_picked":["Finisher","Flechettes"],"picked":"Dodge and Roll","floor":4},{"not_picked":["Flying Knee","Heel Hook"],"picked":"Infinite Blades","floor":6},{"not_picked":["Flying Knee","Heel Hook"],"picked":"Backflip","floor":11},{"not_picked":["Doppelganger","Dodge and Roll"],"picked":"Calculated Gamble","floor":14},{"not_picked":["Envenom","Malaise"],"picked":"A Thousand Cuts","floor":16},{"not_picked":["Blade Dance","Masterful Stab","Predator+1"],"picked":"SKIP","floor":18},{"not_picked":["Riddle With Holes","Sucker Punch"],"picked":"Backflip","floor":20}],"player_experience":41532,"relics_obtained":[{"floor":9,"key":"Lantern"},{"floor":11,"key":"Juzu Bracelet"},{"floor":14,"key":"Sundial"}],"event_choices":[{"damage_healed":0,"gold_gain":75,"player_choice":"Touch","damage_taken":7,"max_hp_gain":0,"max_hp_loss":0,"event_name":"FaceTrader","floor":2,"gold_loss":0},{"damage_healed":0,"gold_gain":0,"player_choice":"Lose Max HP","damage_taken":0,"relics_obtained":["Golden Idol"],"max_hp_gain":0,"max_hp_loss":5,"event_name":"Golden Idol","floor":8,"gold_loss":0},{"damage_healed":0,"gold_gain":75,"player_choice":"Gather Gold","damage_taken":11,"max_hp_gain":0,"max_hp_loss":0,"event_name":"World of Goop","floor":12,"gold_loss":0},{"damage_healed":0,"gold_gain":0,"player_choice":"Opened","damage_taken":0,"relics_obtained":["StoneCalendar"],"max_hp_gain":0,"max_hp_loss":0,"event_name":"The Mausoleum","floor":19,"gold_loss":0,"cards_obtained":["Writhe"]}],"is_beta":false,"boss_relics":[{"not_picked":["Orrery","Astrolabe"],"picked":"Cursed Key"}],"items_purged_floors":[],"is_endless":false,"potions_floor_spawned":[1,11,14,20],"killed_by":"Snake Plant","ascension_level":2}