{"path_per_floor":["M","M","$","M","$","R","M","$","T","E","R","M","R","M","R","B",null,"M","M","$","?","M","R","M","M","T","M","R","T","E","M","R","B",null,"M","$","M","M","M","R","M","R","T","?","R","M","M","E","R","B"],"character_chosen":"THE_SILENT","items_purchased":["Footwork","Cloak And Dagger"],"gold_per_floor":[119,139,139,156,5,5,16,16,41,74,74,92,92,105,105,202,202,202,202,51,51,51,51,51,51,51,51,51,51,51,51,51,51,51,51,51,51,51,51,51,51,51,51,51,51,51,51,51,51,51],"floor_reached":51,"campfire_rested":0,"playtime":3946,"current_hp_per_floor":[69,69,69,69,69,69,69,69,69,51,51,51,51,51,51,51,70,70,67,67,67,67,67,67,67,67,67,67,67,67,66,66,66,70,59,59,58,58,58,68,66,70,80,80,80,80,80,80,80,80],"items_purged":["Strike_G","Strike_G"],"gold":51,"score":905,"play_id":"b2fd1859-8aa1-420e-93eb-4bc6be857b8b","local_time":"20180320182014","is_prod":false,"is_daily":false,"is_ascension_mode":false,"campfire_upgraded":11,"timestamp":1521591614,"path_taken":["M","M","?","M","$","R","M","?","T","E","R","M","R","M","R","BOSS","M","M","$","?","M","R","?","M","T","M","R","?","E","M","R","BOSS","M","$","M","M","M","R","M","R","T","?","R","M","M","E","R","BOSS"],"build_version":"2018-03-15","purchased_purges":2,"victory":true,"master_deck":["Defend_G","Defend_G","Defend_G+1","Defend_G","Defend_G+1","Strike_G","Strike_G","Survivor+1","Neutralize+1","Endless Agony","Sucker Punch+1","Footwork+1","Backstab+1","Backstab+1","Flying Knee","Dagger Spray+1","Acrobatics+1","Cloak And Dagger+1","Infinite Blades+1","Cloak And Dagger+1","Backflip+1","Dash","After Image+1","Backflip+1","Quick Slash+1","Cloak And Dagger+1","Terror+1","Backflip+1","Escape Plan"],"max_hp_per_floor":[70,70,70,70,70,70,70,70,70,70,70,70,70,70,70,70,70,70,70,70,70,70,70,70,70,70,70,70,70,70,70,70,70,70,70,70,70,70,70,70,70,70,80,80,80,80,80,80,80,80],"relics":["Ring of the Snake","War Paint","Shuriken","Ectoplasm","Dodecahedron","Matryoshka","Ice Cream","Eternal Feather","Anchor","Pear","Bird Faced Urn"],"card_choices":[{"not_picked":["Acrobatics","Dodge and Roll"],"picked":"Endless Agony"},{"not_picked":["Skewer","Dagger Throw"],"picked":"Sucker Punch"},{"not_picked":["Slice","Sucker Punch"],"picked":"Backstab"},{"not_picked":["Leg Sweep","Skewer"],"picked":"Backstab"},{"not_picked":["Poisoned Stab","PiercingWail"],"picked":"Flying Knee"},{"not_picked":["Poisoned Stab","Tactician"],"picked":"Dagger Spray"},{"not_picked":["Endless Agony","Sucker Punch"],"picked":"Acrobatics"},{"not_picked":["Finisher","Escape Plan"],"picked":"Infinite Blades"},{"not_picked":["Acrobatics","Endless Agony"],"picked":"Cloak And Dagger"},{"not_picked":["Dagger Throw","Catalyst"],"picked":"Backflip"},{"not_picked":["Deflect","Venomology"],"picked":"Dash"},{"not_picked":["Glass Knife","Grand Finale"],"picked":"After Image"},{"not_picked":["Poisoned Stab","Dagger Throw"],"picked":"Backflip"},{"not_picked":["Dagger Spray","Leg Sweep"],"picked":"Quick Slash"},{"not_picked":["Outmaneuver","PiercingWail"],"picked":"Cloak And Dagger"},{"not_picked":["Accuracy","Night Terror"],"picked":"Terror"},{"not_picked":["Bane","Catalyst"],"picked":"Backflip"},{"not_picked":["Poisoned Stab","Bullet Time"],"picked":"Escape Plan"}],"player_experience":749426,"potions_floor_usage":[50,50,50],"damage_taken":[{"damage":1.0,"enemies":"Cultist","floor":1.0,"turns":4.0},{"damage":0.0,"enemies":"2 Louse","floor":2.0,"turns":2.0},{"damage":0.0,"enemies":"Jaw Worm","floor":4.0,"turns":4.0},{"damage":0.0,"enemies":"Gremlin Gang","floor":7.0,"turns":7.0},{"damage":18.0,"enemies":"Lagavulin","floor":10.0,"turns":11.0},{"damage":0.0,"enemies":"Exordium Thugs","floor":12.0,"turns":4.0},{"damage":0.0,"enemies":"Large Slime","floor":14.0,"turns":4.0},{"damage":0.0,"enemies":"The Guardian","floor":16.0,"turns":12.0},{"damage":0.0,"enemies":"3 Byrds","floor":18.0,"turns":4.0},{"damage":3.0,"enemies":"Chosen","floor":19.0,"turns":4.0},{"damage":0.0,"enemies":"Centurion and Healer","floor":22.0,"turns":4.0},{"damage":0.0,"enemies":"Chosen and Byrds","floor":24.0,"turns":5.0},{"damage":0.0,"enemies":"3 Cultists","floor":25.0,"turns":4.0},{"damage":0.0,"enemies":"Sentry and Sphere","floor":27.0,"turns":4.0},{"damage":0.0,"enemies":"Slavers","floor":30.0,"turns":4.0},{"damage":1.0,"enemies":"Snake Plant","floor":31.0,"turns":4.0},{"damage":0.0,"enemies":"Champ","floor":33.0,"turns":9.0},{"damage":11.0,"enemies":"Orb Walker","floor":35.0,"turns":3.0},{"damage":1.0,"enemies":"3 Darklings","floor":37.0,"turns":5.0},{"damage":0.0,"enemies":"Maw","floor":38.0,"turns":7.0},{"damage":0.0,"enemies":"Sphere and 2 Shapes","floor":39.0,"turns":4.0},{"damage":2.0,"enemies":"4 Shapes","floor":41.0,"turns":3.0},{"damage":0.0,"enemies":"Mysterious Sphere","floor":44.0,"turns":3.0},{"damage":0.0,"enemies":"Maw","floor":46.0,"turns":5.0},{"damage":0.0,"enemies":"3 Darklings","floor":47.0,"turns":3.0},{"damage":0.0,"enemies":"Giant Head","floor":48.0,"turns":5.0},{"damage":0,"enemies":"Donu and Deca","floor":50,"turns":7}],"event_choices":[{"event_name":"N\u0027loth","player_choice":"Ignored","floor":21.0,"damage_taken":0.0},{"event_name":"Mysterious Sphere","player_choice":"Fight","floor":44.0,"damage_taken":0.0}],"boss_relics":[],"potions_floor_spawned":[1,10,16,18,22,24,30,39,44,46,47],"seed_played":"-7983082157840449626","ascension_level":0,"is_trial":false}