{"gold_per_floor":[112,132,142,142,142,161,191,207,207,207,218,72,72,83,83,185,185,170,61,78,3,3,3,3],"floor_reached":24,"playtime":5363,"items_purged":["Defend_B"],"score":198,"play_id":"690854af-ddc1-4311-b8b3-ded4faf59d50","local_time":"20181211132020","is_ascension_mode":false,"campfire_choices":[{"floor":10,"key":"RECALL"},{"floor":13,"key":"REST"},{"data":"Fusion","floor":15,"key":"SMITH"},{"data":"Hologram","floor":23,"key":"SMITH"}],"neow_cost":"TEN_PERCENT_HP_LOSS","seed_source_timestamp":135738918636748,"circlet_count":0,"master_deck":["Strike_B","Strike_B","Defend_B","Defend_B","Defend_B","Zap","Dualcast","Machine Learning","Loop","Ball Lightning","Beam Cell","Fusion+1","Recycle","Capacitor","Consume","Gash","Meteor Strike","Conserve Battery+1","Storm","Hologram+1"],"relics":["Cracked Core","Letter Opener","DataDisk","Nuclear Battery"],"potions_floor_usage":[7,8,11,16],"damage_taken":[{"damage":6,"enemies":"Jaw Worm","floor":1,"turns":4},{"damage":0,"enemies":"2 Louse","floor":2,"turns":2},{"damage":7,"enemies":"Small Slimes","floor":3,"turns":3},{"damage":1,"enemies":"2 Fungi Beasts","floor":6,"turns":3},{"damage":48,"enemies":"3 Sentries","floor":7,"turns":8},{"damage":0,"enemies":"Exordium Wildlife","floor":8,"turns":2},{"damage":4,"enemies":"Exordium Thugs","floor":11,"turns":4},{"damage":9,"enemies":"Blue Slaver","floor":14,"turns":4},{"damage":11,"enemies":"Slime Boss","floor":16,"turns":7},{"damage":25,"enemies":"2 Thieves","floor":18,"turns":4},{"damage":21,"enemies":"Chosen","floor":20,"turns":5},{"damage":30,"enemies":"Gremlin Leader","floor":24,"turns":3}],"seed_played":"2320956680473983902","potions_obtained":[{"floor":1,"key":"AttackPotion"},{"floor":2,"key":"GamblersBrew"},{"floor":8,"key":"Regen Potion"},{"floor":14,"key":"Strength Potion"},{"floor":16,"key":"SneckoOil"},{"floor":18,"key":"FearPotion"}],"is_trial":false,"path_per_floor":["M","M","M","?","?","M","E","M","T","R","M","$","R","M","R","B",null,"M","$","M","?","?","R","E"],"character_chosen":"DEFECT","items_purchased":["DataDisk","Storm"],"campfire_rested":1,"item_purchase_floors":[12,19],"current_hp_per_floor":[62,62,55,48,53,52,4,4,4,4,12,12,33,24,24,13,73,48,48,27,27,27,27,0],"gold":3,"neow_bonus":"THREE_RARE_CARDS","is_prod":false,"is_daily":false,"chose_seed":false,"campfire_upgraded":2,"win_rate":0,"timestamp":1544552420,"path_taken":["M","M","M","?","?","M","E","M","T","R","M","$","R","M","R","BOSS","M","$","M","?","?","R","E"],"build_version":"2018-12-06","purchased_purges":1,"victory":false,"max_hp_per_floor":[68,68,68,68,73,73,73,73,73,73,73,73,73,73,73,73,73,73,73,73,73,73,73,73],"card_choices":[{"not_picked":["Reboot","Hyperbeam"],"picked":"Machine Learning","floor":0},{"not_picked":["Beam Cell","Stack"],"picked":"Loop","floor":1},{"not_picked":["Cold Snap","Coolheaded"],"picked":"Ball Lightning","floor":2},{"not_picked":["Turbo","Barrage"],"picked":"Beam Cell","floor":3},{"not_picked":["Rebound","Blizzard"],"picked":"Fusion","floor":6},{"not_picked":["Turbo","Barrage"],"picked":"Recycle","floor":7},{"not_picked":["Defragment","Redo"],"picked":"Capacitor","floor":8},{"not_picked":["Gash","Sunder"],"picked":"Consume","floor":11},{"not_picked":["Streamline","Sweeping Beam"],"picked":"Gash","floor":14},{"not_picked":["Multi-Cast","Seek"],"picked":"Meteor Strike","floor":16},{"not_picked":["Gash","Steam+1"],"picked":"Conserve Battery+1","floor":18},{"not_picked":["Chill","Fusion"],"picked":"Hologram","floor":20}],"player_experience":1123697,"relics_obtained":[{"floor":7,"key":"Letter Opener"}],"event_choices":[{"cards_removed":["Strike_B"],"damage_healed":0,"gold_gain":0,"player_choice":"Card Removal","damage_taken":7,"max_hp_gain":0,"max_hp_loss":0,"event_name":"Golden Wing","floor":4,"gold_loss":0},{"damage_healed":0,"gold_gain":0,"player_choice":"Donut","damage_taken":0,"max_hp_gain":5,"max_hp_loss":0,"event_name":"Big Fish","floor":5,"gold_loss":0},{"cards_removed":["Strike_B"],"damage_healed":0,"gold_gain":0,"player_choice":"Gave Gold","damage_taken":0,"max_hp_gain":0,"max_hp_loss":0,"event_name":"Beggar","floor":21,"gold_loss":75},{"damage_healed":0,"gold_gain":0,"player_choice":"Ignored","damage_taken":0,"max_hp_gain":0,"max_hp_loss":0,"event_name":"Ghosts","floor":22,"gold_loss":0}],"is_beta":false,"boss_relics":[{"not_picked":["White Beast Statue","Pandora\u0027s Box"],"picked":"Nuclear Battery"}],"items_purged_floors":[19],"is_endless":false,"potions_floor_spawned":[1,2,8,14,16,18],"killed_by":"Gremlin Leader","ascension_level":0}