{"gold_per_floor":[116,116,41,141,65,65,97,113,188,207,227,48,62,139,139,139],"floor_reached":16,"playtime":1327,"items_purged":["Strike_G","Strike_G"],"score":100,"play_id":"9cc07c38-3950-47fd-96fc-3224637ad814","local_time":"20181213111802","is_ascension_mode":false,"campfire_choices":[{"data":"Footwork","floor":6.0,"key":"SMITH"},{"floor":15.0,"key":"REST"}],"neow_cost":"NONE","seed_source_timestamp":0,"circlet_count":0,"master_deck":["Defend_G","Defend_G","Defend_G","Defend_G","Defend_G","Strike_G","Strike_G","Strike_G","Survivor","Neutralize+1","Crippling Poison+1","Footwork+1","Acrobatics","Backflip","Deadly Poison","Deflect","Bouncing Flask","Prepared"],"special_seed":0,"relics":["Ring of the Snake","Pen Nib","Darkstone Periapt","Dodecahedron"],"potions_floor_usage":[16,16],"damage_taken":[{"damage":0.0,"enemies":"2 Louse","floor":1.0,"turns":3.0},{"damage":14.0,"enemies":"Lagavulin","floor":7.0,"turns":9.0},{"damage":10.0,"enemies":"Cultist","floor":8.0,"turns":4.0},{"damage":3.0,"enemies":"Jaw Worm","floor":10.0,"turns":4.0},{"damage":4.0,"enemies":"Exordium Thugs","floor":11.0,"turns":3.0},{"damage":1.0,"enemies":"Blue Slaver","floor":13.0,"turns":4.0},{"damage":64,"enemies":"Slime Boss","floor":16,"turns":17}],"seed_played":"6142962175315363701","potions_obtained":[{"floor":1.0,"key":"Poison Potion"},{"floor":10.0,"key":"Energy Potion"},{"floor":11.0,"key":"EssenceOfSteel"}],"is_trial":false,"path_per_floor":["M","?","$","?","$","R","E","M","T","M","M","$","M","T","R","B"],"character_chosen":"THE_SILENT","items_purchased":["Footwork","Bouncing Flask"],"campfire_rested":1,"item_purchase_floors":[5,12],"current_hp_per_floor":[70,70,70,70,70,70,56,46,46,43,39,39,38,38,59,0],"gold":139,"neow_bonus":"UPGRADE_CARD","is_prod":false,"is_daily":false,"chose_seed":false,"campfire_upgraded":1,"win_rate":0.0,"timestamp":1544721482,"path_taken":["M","?","$","?","$","R","E","M","T","?","M","$","M","?","R","BOSS"],"build_version":"2018-12-06","purchased_purges":2,"victory":false,"max_hp_per_floor":[70,70,70,70,70,70,70,70,70,70,70,70,70,70,70,70],"card_choices":[{"not_picked":["All Out Attack","PiercingWail"],"picked":"Crippling Poison","floor":1.0},{"not_picked":["Catalyst","Poisoned Stab"],"picked":"Acrobatics","floor":7.0},{"not_picked":["Sucker Punch","Riddle With Holes"],"picked":"Backflip","floor":8.0},{"not_picked":["Poisoned Stab","PiercingWail"],"picked":"Deadly Poison","floor":10.0},{"not_picked":["Acrobatics","Underhanded Strike"],"picked":"Deflect","floor":11.0},{"not_picked":["Sucker Punch","Leg Sweep"],"picked":"Prepared","floor":13.0}],"player_experience":74533,"relics_obtained":[{"floor":7.0,"key":"Pen Nib"},{"floor":9.0,"key":"Darkstone Periapt"},{"floor":14.0,"key":"Dodecahedron"}],"event_choices":[{"damage_healed":0.0,"max_hp_gain":0.0,"max_hp_loss":0.0,"gold_gain":0.0,"event_name":"Accursed Blacksmith","player_choice":"Forge","floor":2.0,"gold_loss":0.0,"damage_taken":0.0,"cards_upgraded":["Crippling Poison"]},{"damage_healed":0.0,"max_hp_gain":0.0,"max_hp_loss":0.0,"gold_gain":100.0,"event_name":"Golden Shrine","player_choice":"Pray","floor":4.0,"gold_loss":0.0,"damage_taken":0.0}],"is_beta":false,"boss_relics":[],"items_purged_floors":[3,12],"is_endless":false,"potions_floor_spawned":[1,10,11],"killed_by":"Slime Boss","ascension_level":0}