{"path_per_floor":["M","?","M","$","M","R","M","R","T","R","M","$","?","?","R","B",null,"M","M","M","?","M","R","?","R","T","?","M","$","M","M","R","B",null,"M","M","?","M","$","R","M","R","T","M","R","?","M","M","R","B"],"character_chosen":"THE_SILENT","items_purchased":["Cloak And Dagger","Noxious Fumes","Footwork"],"gold_per_floor":[114,114,129,54,65,65,75,75,75,75,91,64,64,64,64,167,167,183,200,216,141,159,159,159,159,159,159,179,4,24,43,43,147,147,162,180,180,191,120,120,139,139,165,185,185,185,202,215,215,215],"floor_reached":51,"campfire_rested":0,"playtime":3912,"current_hp_per_floor":[69,62,57,57,57,57,57,57,57,57,51,51,56,56,56,16,75,67,69,48,48,43,43,43,43,43,43,45,45,47,47,47,1,75,74,75,75,74,74,74,64,64,64,65,65,65,67,60,60,31],"items_purged":["Strike_G","Strike_G"],"gold":215,"score":593,"play_id":"dc859238-0fec-4e56-8b58-d64747e9346b","local_time":"20180325135508","is_prod":false,"is_daily":false,"is_ascension_mode":false,"campfire_upgraded":11,"timestamp":1522007708,"path_taken":["M","?","M","$","M","R","M","R","T","R","M","$","?","?","R","BOSS","M","M","M","?","M","R","?","R","T","?","M","$","M","M","R","BOSS","M","M","?","M","$","R","?","R","T","M","R","?","M","M","R","BOSS"],"build_version":"2018-03-15","purchased_purges":2,"victory":true,"master_deck":["Defend_G","Survivor","Neutralize+1","Cloak And Dagger+1","Bane","Backstab+1","Flying Knee+1","Footwork+1","Cloak And Dagger","Die Die Die","Backflip+1","Blur","Noxious Fumes+1","Poisoned Stab+1","Doppelganger","Night Terror+1","Cloak And Dagger+1","Die Die Die+1","Poisoned Stab+1","Malaise+1","Footwork+1","Footwork+1","Backflip+1","Adrenaline+1","Sucker Punch+1","Dodge and Roll"],"max_hp_per_floor":[70,70,70,70,70,70,70,70,70,70,70,70,75,75,75,75,75,75,75,75,75,75,75,75,75,75,75,75,75,75,75,75,75,75,75,75,75,75,75,75,75,75,75,75,75,75,75,75,75,75],"relics":["White Beast Statue","Du-Vu Doll","Calling Bell","Dream Catcher","Blood Vial","Tingsha","Torii","Astrolabe","Orichalcum"],"card_choices":[{"not_picked":["Poisoned Stab","Deadly Poison"],"picked":"Cloak And Dagger"},{"not_picked":["Dodge and Roll","Quick Slash"],"picked":"Bane"},{"not_picked":["Dagger Throw","Reflex"],"picked":"Backstab"},{"not_picked":["Expertise","Quick Slash"],"picked":"Flying Knee"},{"not_picked":["Deadly Poison","Cloak And Dagger"],"picked":"Footwork"},{"not_picked":["Night Terror","Corpse Explosion"],"picked":"Die Die Die"},{"not_picked":["Reflex","Eviscerate"],"picked":"Concentrate"},{"not_picked":["Backstab","Dagger Spray"],"picked":"Backflip"},{"not_picked":["Deflect","Deadly Poison"],"picked":"Blur"},{"not_picked":["Outmaneuver","Finisher"],"picked":"Poisoned Stab"},{"not_picked":["Unload","Grand Finale"],"picked":"Doppelganger"},{"not_picked":["Quick Slash","Skewer"],"picked":"Poisoned Stab"},{"not_picked":["Backflip","Flying Knee"],"picked":"Malaise"},{"not_picked":["Catalyst","Concentrate"],"picked":"Footwork"},{"not_picked":["Blade Dance","Caltrops"],"picked":"Backflip"},{"not_picked":["Bane","Outmaneuver"],"picked":"Adrenaline"},{"not_picked":["Infinite Blades","Prepared"],"picked":"Sucker Punch"},{"not_picked":["Cloak And Dagger","Crippling Poison"],"picked":"Dodge and Roll"}],"player_experience":838029,"potions_floor_usage":[47,50,50,50],"damage_taken":[{"damage":1.0,"enemies":"Jaw Worm","floor":1.0,"turns":6.0},{"damage":5.0,"enemies":"Small Slimes","floor":3.0,"turns":5.0},{"damage":0.0,"enemies":"Cultist","floor":5.0,"turns":4.0},{"damage":0.0,"enemies":"Looter","floor":7.0,"turns":3.0},{"damage":6.0,"enemies":"Lots of Slimes","floor":11.0,"turns":3.0},{"damage":40.0,"enemies":"Slime Boss","floor":16.0,"turns":23.0},{"damage":8.0,"enemies":"Spheric Guardian","floor":18.0,"turns":6.0},{"damage":0.0,"enemies":"Shell Parasite","floor":19.0,"turns":10.0},{"damage":23.0,"enemies":"Snake Plant","floor":20.0,"turns":6.0},{"damage":7.0,"enemies":"Sentry and Sphere","floor":22.0,"turns":16.0},{"damage":0.0,"enemies":"Centurion and Healer","floor":28.0,"turns":21.0},{"damage":0.0,"enemies":"Snecko","floor":30.0,"turns":6.0},{"damage":2.0,"enemies":"3 Cultists","floor":31.0,"turns":6.0},{"damage":63.0,"enemies":"Collector","floor":33.0,"turns":13.0},{"damage":1.0,"enemies":"Orb Walker","floor":35.0,"turns":4.0},{"damage":0.0,"enemies":"3 Shapes","floor":36.0,"turns":6.0},{"damage":1.0,"enemies":"3 Darklings","floor":38.0,"turns":7.0},{"damage":11.0,"enemies":"4 Shapes","floor":41.0,"turns":5.0},{"damage":1.0,"enemies":"Sphere and 2 Shapes","floor":44.0,"turns":7.0},{"damage":0,"enemies":"Maw","floor":47,"turns":9},{"damage":9,"enemies":"4 Shapes","floor":48,"turns":4},{"damage":31,"enemies":"Donu and Deca","floor":50,"turns":16}],"event_choices":[{"event_name":"Golden Wing","player_choice":"Card Removal","floor":2.0,"damage_taken":0.0},{"event_name":"Big Fish","player_choice":"Donut","floor":13.0,"damage_taken":0.0},{"event_name":"The Lab","player_choice":"Got Potions","floor":14.0,"damage_taken":0.0},{"event_name":"Beggar","player_choice":"Gave Gold","floor":21.0,"damage_taken":0.0},{"event_name":"Purifier","player_choice":"One Purge","floor":24.0,"damage_taken":0.0},{"event_name":"Cursed Tome","player_choice":"Ignored","floor":27.0,"damage_taken":0.0},{"event_name":"Purifier","player_choice":"One Purge","floor":46.0,"damage_taken":0.0}],"boss_relics":[],"potions_floor_spawned":[1,3,5,7,11,16,18,19,20,22,28,30,31,33,35,36,38,41,44,47,48],"seed_played":"3202616025009755437","ascension_level":0,"is_trial":false}