{"gold_per_floor":[115,125,125,99,117,117,142,142,169,185,185,146,160,171,171,275,275,295,311,89,104,121,121],"floor_reached":23,"playtime":2349,"items_purged":[],"score":195,"play_id":"a13ea34c-4f88-4a73-a2f2-def9ffc52709","local_time":"20181125013003","is_ascension_mode":false,"campfire_choices":[{"data":"Cleave","floor":6,"key":"SMITH"},{"floor":8,"key":"REST"},{"floor":15,"key":"REST"}],"neow_cost":"","seed_source_timestamp":275238669198226,"circlet_count":0,"master_deck":["Strike_R","Strike_R","Strike_R","Strike_R","Strike_R+1","Defend_R","Defend_R","Defend_R","Defend_R","Bash","Cleave+1","Pommel Strike+1","Armaments+1","Bloodletting","Barricade","Carnage","Rampage+1","Infernal Blade","Berserk","Second Wind","Cleave","Metallicize","Sword Boomerang+1","Warcry"],"relics":["Burning Blood","Oddly Smooth Stone","Peace Pipe","Bag of Marbles","Sozu","Whetstone"],"potions_floor_usage":[16],"damage_taken":[{"damage":6,"enemies":"Jaw Worm","floor":1,"turns":5},{"damage":5,"enemies":"Cultist","floor":2,"turns":4},{"damage":7,"enemies":"2 Louse","floor":5,"turns":2},{"damage":66,"enemies":"Gremlin Nob","floor":7,"turns":5},{"damage":12,"enemies":"2 Fungi Beasts","floor":10,"turns":3},{"damage":0,"enemies":"3 Louse","floor":13,"turns":2},{"damage":0,"enemies":"Gremlin Gang","floor":14,"turns":2},{"damage":35,"enemies":"The Guardian","floor":16,"turns":17},{"damage":27,"enemies":"Shell Parasite","floor":18,"turns":4},{"damage":3,"enemies":"Chosen","floor":19,"turns":4},{"damage":13,"enemies":"3 Cultists","floor":21,"turns":4},{"damage":26,"enemies":"Snake Plant","floor":22,"turns":4},{"damage":36,"enemies":"Book of Stabbing","floor":23,"turns":5}],"seed_played":"6403950318655522686","potions_obtained":[{"floor":2,"key":"Regen Potion"},{"floor":14,"key":"SpeedPotion"},{"floor":16,"key":"GamblersBrew"}],"is_trial":false,"path_per_floor":["M","M","?","$","M","R","E","R","T","M","?","?","M","M","R","B",null,"M","M","$","M","M","E"],"character_chosen":"IRONCLAD","items_purchased":["Armaments","Metallicize","Whetstone"],"campfire_rested":2,"item_purchase_floors":[4,20,20],"current_hp_per_floor":[80,80,80,80,79,79,19,43,43,37,21,21,27,33,57,43,80,59,62,62,55,35,0],"gold":121,"neow_bonus":"","is_prod":false,"is_daily":false,"chose_seed":false,"campfire_upgraded":1,"win_rate":0.0,"timestamp":1543131003,"path_taken":["M","M","?","$","?","R","E","R","T","M","?","?","M","M","R","BOSS","M","M","$","M","M","E"],"build_version":"2018-11-15","purchased_purges":0,"victory":false,"max_hp_per_floor":[80,80,80,80,80,80,80,80,80,80,80,80,80,80,80,80,80,80,80,80,80,80,80],"card_choices":[{"not_picked":["Iron Wave","Uppercut"],"picked":"Cleave","floor":1},{"not_picked":["Flex","Bloodletting"],"picked":"Pommel Strike","floor":2},{"not_picked":["Shrug It Off","Body Slam"],"picked":"Bloodletting","floor":5},{"not_picked":["Shrug It Off","Pommel Strike"],"picked":"Barricade","floor":7},{"not_picked":["Flex","Pommel Strike"],"picked":"Carnage","floor":10},{"not_picked":["Sever Soul","Armaments"],"picked":"Rampage","floor":13},{"not_picked":["Shrug It Off","Combust"],"picked":"Infernal Blade","floor":14},{"not_picked":["Brutality","Fiend Fire"],"picked":"Berserk","floor":16},{"not_picked":["Armaments","Burning Pact"],"picked":"Second Wind","floor":18},{"not_picked":["Power Through","Anger+1"],"picked":"Cleave","floor":19},{"not_picked":["Shrug It Off","Armaments+1"],"picked":"Sword Boomerang+1","floor":21},{"not_picked":["Combust","Burning Pact"],"picked":"Warcry","floor":22}],"player_experience":0,"relics_obtained":[{"floor":3,"key":"Oddly Smooth Stone"},{"floor":7,"key":"Peace Pipe"},{"floor":9,"key":"Bag of Marbles"}],"event_choices":[{"damage_healed":0,"gold_gain":0,"player_choice":"Relic","damage_taken":0,"max_hp_gain":0,"max_hp_loss":0,"event_name":"Wheel of Change","floor":3,"gold_loss":0},{"damage_healed":0,"gold_gain":0,"player_choice":"Entered Light","damage_taken":16,"max_hp_gain":0,"max_hp_loss":0,"event_name":"Shining Light","floor":11,"gold_loss":0,"cards_upgraded":["Pommel Strike","Armaments"]},{"damage_healed":0,"gold_gain":0,"player_choice":"Left Gold","damage_taken":0,"max_hp_gain":0,"max_hp_loss":0,"event_name":"World of Goop","floor":12,"gold_loss":39}],"is_beta":false,"boss_relics":[{"not_picked":["Runic Dome","Mark of Pain"],"picked":"Sozu"}],"items_purged_floors":[],"is_endless":false,"potions_floor_spawned":[2,14,16,19,21,22],"killed_by":"Book of Stabbing","ascension_level":0}