{"path_per_floor":["M","M","M","?","$","R","E","M","T","?","R","E","M","?","R","B",null,"M","M","?","$","M","R","M","R","T","$","E","R","M","M","R","B",null,"M","?","$","M","M","R","$","R","T","R","M","M","E","M","R","B"],"character_chosen":"THE_SILENT","items_purchased":["Predator","Block Potion","Backflip","Glass Knife","Footwork","Oddly Smooth Stone"],"gold_per_floor":[218,233,247,247,53,53,81,93,117,117,117,142,160,235,235,314,314,328,340,340,267,284,284,300,300,377,184,210,210,224,237,237,309,309,327,327,199,209,227,227,23,23,23,23,38,52,86,105,105,105],"floor_reached":51,"campfire_rested":2,"playtime":6090,"current_hp_per_floor":[57,57,50,50,50,50,24,22,22,22,22,17,19,8,26,15,51,53,55,38,38,29,29,31,31,31,31,33,33,35,37,57,59,66,68,68,68,68,68,68,68,68,68,68,68,68,67,68,68,68],"items_purged":["Parasite","Strike_G","Strike_G","Strike_G","Defend_G"],"gold":105,"score":1372,"play_id":"046bc0ce-e3a5-45c4-bbe9-e5ed040b0ef3","local_time":"20180320143859","is_prod":false,"is_daily":false,"is_ascension_mode":true,"campfire_upgraded":7,"timestamp":1521578339,"path_taken":["M","M","M","?","$","R","E","M","T","?","R","E","M","?","R","BOSS","M","M","?","$","M","R","M","R","T","$","E","R","M","M","R","BOSS","M","?","$","M","M","R","$","R","T","R","M","M","E","M","R","BOSS"],"build_version":"2018-03-15","purchased_purges":5,"victory":true,"master_deck":["Defend_G","Defend_G","Survivor","Neutralize+1","Sucker Punch","Noxious Fumes+1","Blur","Tactician+1","Predator","Dash","Backflip","Cloak And Dagger","Noxious Fumes+1","Bullet Time","Acrobatics","Bouncing Flask","Backflip","Footwork+1","Dagger Throw+1","Glass Knife+1","Skewer","Dash","Night Terror","Dash+1","Footwork+1","Backflip+1","Acrobatics","Predator","Blur"],"max_hp_per_floor":[66,66,66,66,63,63,63,63,63,63,63,63,63,63,63,63,63,63,63,68,68,68,68,68,68,68,68,68,68,68,68,68,68,68,68,68,68,68,68,68,68,68,68,68,68,68,68,68,68,68],"relics":["Ring of the Snake","Smiling Mask","Blood Vial","Thread and Needle","Snecko Eye","Ornamental Fan","Dream Catcher","Sozu","Oddly Smooth Stone","Peace Pipe","Ice Cream"],"card_choices":[{"not_picked":["Finisher","Outmaneuver"],"picked":"Sucker Punch"},{"not_picked":["Poisoned Stab","Terror"],"picked":"Noxious Fumes"},{"not_picked":["Sucker Punch","Eviscerate"],"picked":"Blur"},{"not_picked":["Blur","PiercingWail"],"picked":"Dash"},{"not_picked":["Sucker Punch","Dodge and Roll"],"picked":"Backflip"},{"not_picked":["Distraction","Choke"],"picked":"Cloak And Dagger"},{"not_picked":["Infinite Blades","Acrobatics"],"picked":"Noxious Fumes"},{"not_picked":["A Thousand Cuts","Corpse Explosion"],"picked":"Bullet Time"},{"not_picked":["Dagger Throw","Dodge and Roll"],"picked":"Acrobatics"},{"not_picked":["Quick Slash","Flying Knee"],"picked":"Bouncing Flask"},{"not_picked":["Bane","Infinite Blades"],"picked":"Footwork"},{"not_picked":["Outmaneuver","Sucker Punch"],"picked":"Dagger Throw"},{"not_picked":["Eviscerate","Cloak And Dagger"],"picked":"Skewer"},{"not_picked":["Bane","Prepared"],"picked":"Dash"},{"not_picked":["A Thousand Cuts","Doppelganger"],"picked":"Night Terror"},{"not_picked":["Endless Agony","Prepared"],"picked":"Dash"},{"not_picked":["Outmaneuver","Catalyst"],"picked":"Backflip"},{"not_picked":["Riddle With Holes","Leg Sweep"],"picked":"Acrobatics"},{"not_picked":["Crippling Poison","Blade Dance"],"picked":"Predator"},{"not_picked":["Venomology","Dodge and Roll"],"picked":"Blur"}],"player_experience":743336,"potions_floor_usage":[47,50],"damage_taken":[{"damage":2.0,"enemies":"2 Louse","floor":1.0,"turns":4.0},{"damage":0.0,"enemies":"Cultist","floor":2.0,"turns":4.0},{"damage":7.0,"enemies":"Small Slimes","floor":3.0,"turns":4.0},{"damage":26.0,"enemies":"Gremlin Nob","floor":7.0,"turns":5.0},{"damage":2.0,"enemies":"Exordium Thugs","floor":8.0,"turns":6.0},{"damage":7.0,"enemies":"Lagavulin","floor":12.0,"turns":9.0},{"damage":0.0,"enemies":"2 Fungi Beasts","floor":13.0,"turns":4.0},{"damage":13.0,"enemies":"Slime Boss","floor":16.0,"turns":11.0},{"damage":0.0,"enemies":"3 Byrds","floor":18.0,"turns":4.0},{"damage":0.0,"enemies":"Shell Parasite","floor":19.0,"turns":5.0},{"damage":11.0,"enemies":"Sentry and Sphere","floor":22.0,"turns":5.0},{"damage":0.0,"enemies":"3 Cultists","floor":24.0,"turns":6.0},{"damage":0.0,"enemies":"Book of Stabbing","floor":28.0,"turns":5.0},{"damage":0.0,"enemies":"Cultist and Chosen","floor":30.0,"turns":4.0},{"damage":0.0,"enemies":"Snake Plant","floor":31.0,"turns":3.0},{"damage":0.0,"enemies":"Collector","floor":33.0,"turns":8.0},{"damage":0.0,"enemies":"3 Darklings","floor":35.0,"turns":4.0},{"damage":0.0,"enemies":"3 Shapes","floor":38.0,"turns":4.0},{"damage":0,"enemies":"Maw","floor":39,"turns":6},{"damage":0,"enemies":"3 Darklings","floor":45,"turns":3},{"damage":0,"enemies":"4 Shapes","floor":46,"turns":3},{"damage":1,"enemies":"2 Orb Walkers","floor":47,"turns":5},{"damage":0,"enemies":"Maw","floor":48,"turns":6},{"damage":0,"enemies":"Donu and Deca","floor":50,"turns":7}],"event_choices":[{"event_name":"Transmorgrifier","player_choice":"Transform","floor":4.0,"damage_taken":0.0},{"event_name":"Wheel of Change","player_choice":"Card Removal","floor":10.0,"damage_taken":0.0},{"event_name":"World of Goop","player_choice":"Gather Gold","floor":14.0,"damage_taken":0.0},{"event_name":"Forgotten Altar","player_choice":"Shed Blood","floor":20.0,"damage_taken":0.0},{"event_name":"Mysterious Sphere","player_choice":"Ignore","floor":36.0,"damage_taken":0.0}],"boss_relics":[],"potions_floor_spawned":[1,3,16,22,28,31,35,38,46,48],"seed_played":"4611310044834378175","ascension_level":15,"is_trial":false}