{"gold_per_floor":[110,110,126,136,148,148,180,135,159,175,175,192,205,231,231,329,329,314,314,17,36,53,53],"floor_reached":23,"playtime":1143,"items_purged":[],"score":255,"play_id":"4972c6d3-3ad7-4083-8c2c-2002d988d882","local_time":"20190513002320","is_ascension_mode":false,"campfire_choices":[{"floor":6,"key":"REST"},{"floor":11,"key":"REST"},{"data":"Disarm","floor":15,"key":"SMITH"}],"neow_cost":"NONE","seed_source_timestamp":40618972770764,"circlet_count":0,"master_deck":["Strike_R","Strike_R+1","Strike_R","Strike_R","Strike_R","Defend_R","Defend_R","Defend_R+1","Defend_R","Bash","Disarm+1","Burning Pact","Feed","Battle Trance","Shrug It Off","Metallicize","Flame Barrier","Corruption","Fire Breathing","Disarm","Sword Boomerang","Inflame","Pommel Strike","Thunderclap","Dark Embrace","Feel No Pain"],"relics":["Burning Blood","Orichalcum","Strawberry","Bag of Preparation","Orrery","Enchiridion","Blood Vial"],"potions_floor_usage":[16,16,16],"damage_taken":[{"damage":1,"enemies":"Cultist","floor":1,"turns":4},{"damage":0,"enemies":"Jaw Worm","floor":3,"turns":4},{"damage":1,"enemies":"2 Louse","floor":4,"turns":4},{"damage":27,"enemies":"Lots of Slimes","floor":5,"turns":6},{"damage":50,"enemies":"Lagavulin","floor":7,"turns":6},{"damage":2,"enemies":"Blue Slaver","floor":10,"turns":8},{"damage":2,"enemies":"2 Fungi Beasts","floor":12,"turns":7},{"damage":2,"enemies":"Looter","floor":13,"turns":4},{"damage":25,"enemies":"Gremlin Nob","floor":14,"turns":6},{"damage":43,"enemies":"Slime Boss","floor":16,"turns":17},{"damage":22,"enemies":"2 Thieves","floor":18,"turns":4},{"damage":34,"enemies":"Spheric Guardian","floor":21,"turns":8},{"damage":19,"enemies":"Snecko","floor":22,"turns":7},{"damage":49,"enemies":"Slavers","floor":23,"turns":4}],"seed_played":"2473766603570825191","potions_obtained":[{"floor":4,"key":"EssenceOfSteel"},{"floor":5,"key":"Explosive Potion"},{"floor":12,"key":"EssenceOfSteel"},{"floor":16,"key":"Fire Potion"},{"floor":22,"key":"SkillPotion"}],"is_trial":false,"path_per_floor":["M","?","M","M","M","R","E","$","T","M","R","M","M","E","R","B",null,"M","?","$","M","M","E"],"character_chosen":"IRONCLAD","items_purchased":["Shrug It Off","Dark Embrace","Blood Vial"],"campfire_rested":2,"item_purchase_floors":[8,20,20],"current_hp_per_floor":[88,70,76,81,60,86,45,45,52,59,89,96,103,87,87,50,110,94,78,78,55,44,0],"gold":53,"neow_bonus":"TEN_PERCENT_HP_BONUS","is_prod":false,"is_daily":false,"chose_seed":false,"campfire_upgraded":1,"win_rate":0.0,"timestamp":1557721400,"path_taken":["M","?","M","M","M","R","E","$","T","M","R","M","M","E","R","BOSS","M","?","$","M","M","E"],"build_version":"2019-01-23","purchased_purges":0,"victory":false,"max_hp_per_floor":[88,88,88,88,88,88,91,91,98,101,101,104,107,110,110,110,110,110,110,110,113,113,113],"card_choices":[{"not_picked":["Warcry","Dual Wield","Perfected Strike"],"picked":"SKIP","floor":1},{"not_picked":["Warcry","Body Slam"],"picked":"Disarm","floor":3},{"not_picked":["Dual Wield","Twin Strike"],"picked":"Burning Pact","floor":4},{"not_picked":["Entrench","True Grit"],"picked":"Feed","floor":5},{"not_picked":["Perfected Strike","Rampage"],"picked":"Battle Trance","floor":7},{"not_picked":["Perfected Strike","Rage"],"picked":"Metallicize","floor":10},{"not_picked":["Clash","Uppercut"],"picked":"Flame Barrier","floor":12},{"not_picked":["Clothesline","Searing Blow"],"picked":"Corruption","floor":13},{"not_picked":["Rampage","Seeing Red"],"picked":"Fire Breathing","floor":14},{"not_picked":["Corruption","Iron Wave"],"picked":"Disarm","floor":17},{"not_picked":["Perfected Strike","Flex"],"picked":"Sword Boomerang","floor":17},{"not_picked":["Bloodletting","Combust"],"picked":"Inflame","floor":17},{"not_picked":["Iron Wave","Corruption"],"picked":"Pommel Strike","floor":17},{"not_picked":["Clash","Flex"],"picked":"Thunderclap","floor":17},{"not_picked":["Cleave+1","Flame Barrier+1","Rampage+1"],"picked":"SKIP","floor":18},{"not_picked":["Reckless Charge","Ghostly Armor"],"picked":"Feel No Pain","floor":21},{"not_picked":["Shrug It Off","Hemokinesis","Battle Trance"],"picked":"SKIP","floor":22}],"player_experience":9998,"relics_obtained":[{"floor":7,"key":"Orichalcum"},{"floor":9,"key":"Strawberry"},{"floor":14,"key":"Bag of Preparation"},{"floor":19,"key":"Enchiridion"}],"event_choices":[{"damage_healed":0,"gold_gain":0,"player_choice":"Entered Light","damage_taken":18,"max_hp_gain":0,"max_hp_loss":0,"event_name":"Shining Light","floor":2,"gold_loss":0,"cards_upgraded":["Defend_R","Strike_R"]},{"damage_healed":0,"gold_gain":0,"player_choice":"Obtained Book","damage_taken":16,"max_hp_gain":0,"max_hp_loss":0,"event_name":"Cursed Tome","floor":19,"gold_loss":0}],"is_beta":false,"boss_relics":[{"not_picked":["Sozu","Fusion Hammer"],"picked":"Orrery"}],"items_purged_floors":[],"is_endless":false,"potions_floor_spawned":[4,5,12,13,16,22],"killed_by":"Slavers","ascension_level":0}