{"path_per_floor":["M","M","M","M","?","R","E","R","T","R","E","$","M","M","R","B",null,"M","?","M","$","?","R","E","M","T","M","M","R","$","M","R","B",null,"M","M","?","?","$","R","?","R","T","M","R","$","M"],"character_chosen":"THE_SILENT","items_purchased":["Noxious Fumes","Regal Pillow","Ice Cream","Fire Potion"],"gold_per_floor":[112,130,143,155,155,155,189,189,234,234,265,6,21,34,34,129,129,147,397,420,16,16,16,51,70,70,84,105,105,105,124,124,222,222,246,260,260,260,135,135,135,135,135,149,149,101,125],"floor_reached":48,"campfire_rested":6,"playtime":3582,"current_hp_per_floor":[54,51,51,51,51,51,9,28,28,47,16,16,9,5,38,33,55,39,39,39,39,39,62,41,43,43,42,44,44,44,44,68,24,57,42,22,22,22,22,57,57,57,57,44,44,44,15],"items_purged":["Parasite","Regret","Strike_G"],"gold":125,"score":680,"play_id":"d3bfb4d8-ad65-4a54-9d0a-e594fcc15916","is_prod":false,"is_daily":false,"is_ascension_mode":true,"campfire_upgraded":4,"path_taken":["M","M","M","M","?","R","E","R","T","R","E","$","M","M","R","BOSS","M","?","M","$","?","R","E","M","T","M","M","R","?","M","R","BOSS","M","M","?","?","$","R","?","R","T","M","R","$","?","M"],"build_version":"2018-02-08-PROD1","purchased_purges":3,"victory":false,"master_deck":["Defend_G","Defend_G","Defend_G","Defend_G","Defend_G","Strike_G","Strike_G","Strike_G","Neutralize+1","Sucker Punch+1","Footwork+1","Quick Slash","Noxious Fumes+1","Backflip","Terror","Die Die Die","Dagger Spray+1","Bane","Backflip","Backflip","Adrenaline+1","Skewer+1","Prepared+1","Caltrops+1","Dash"],"max_hp_per_floor":[70,70,70,70,65,65,65,65,65,65,65,62,62,62,62,62,62,62,62,62,62,62,62,64,66,66,66,68,68,68,68,68,68,68,68,68,68,68,68,68,68,68,68,68,68,68,68],"relics":["Ring of the Snake","Golden Idol","Dodecahedron","Pen Nib","Mercury Hourglass","Regal Pillow","Runic Dome","Ice Cream","Singing Bowl","Torii","White Beast Statue","Tingsha"],"card_choices":[{"not_picked":["Crippling Poison","Deadly Poison"],"picked":"Sucker Punch"},{"not_picked":["PiercingWail","Prepared"],"picked":"Footwork"},{"not_picked":["Prepared","Acrobatics"],"picked":"Quick Slash"},{"not_picked":["Escape Plan","Backstab"],"picked":"Backflip"},{"not_picked":["Predator","Masterful Stab"],"picked":"Terror"},{"not_picked":["Glass Knife","Burst"],"picked":"Die Die Die"},{"not_picked":["Deadly Poison","Choke"],"picked":"Dagger Spray"},{"not_picked":["Cloak And Dagger","Outmaneuver"],"picked":"Backflip"},{"not_picked":["Riddle With Holes","Dodge and Roll"],"picked":"Backflip"},{"not_picked":["Venomology","Tactician"],"picked":"Adrenaline"},{"not_picked":["Bane","Cloak And Dagger"],"picked":"Skewer"},{"not_picked":["Masterful Stab","Predator"],"picked":"Prepared"},{"not_picked":["Outmaneuver","Footwork"],"picked":"Caltrops"},{"not_picked":["Concentrate","Accuracy"],"picked":"Dash"}],"player_experience":293820,"potions_floor_usage":[44,48,48,48],"damage_taken":[{"damage":9.0,"enemies":"Cultist","floor":1.0,"turns":6.0},{"damage":3.0,"enemies":"2 Louse","floor":2.0,"turns":4.0},{"damage":0.0,"enemies":"Small Slimes","floor":3.0,"turns":3.0},{"damage":0.0,"enemies":"Gremlin Gang","floor":4.0,"turns":7.0},{"damage":42.0,"enemies":"Lagavulin","floor":7.0,"turns":14.0},{"damage":31.0,"enemies":"Gremlin Nob","floor":11.0,"turns":5.0},{"damage":7.0,"enemies":"Exordium Thugs","floor":13.0,"turns":4.0},{"damage":4.0,"enemies":"Exordium Wildlife","floor":14.0,"turns":6.0},{"damage":5.0,"enemies":"The Guardian","floor":16.0,"turns":11.0},{"damage":16.0,"enemies":"Spheric Guardian","floor":18.0,"turns":5.0},{"damage":0.0,"enemies":"3 Byrds","floor":20.0,"turns":3.0},{"damage":23.0,"enemies":"Gremlin Leader","floor":24.0,"turns":6.0},{"damage":0.0,"enemies":"Centurion and Healer","floor":25.0,"turns":6.0},{"damage":1.0,"enemies":"Snecko","floor":27.0,"turns":4.0},{"damage":0.0,"enemies":"3 Cultists","floor":28.0,"turns":4.0},{"damage":0.0,"enemies":"Sentry and Sphere","floor":31.0,"turns":3.0},{"damage":44.0,"enemies":"Collector","floor":33.0,"turns":9.0},{"damage":15,"enemies":"3 Shapes","floor":35,"turns":7},{"damage":20,"enemies":"3 Darklings","floor":36,"turns":5},{"damage":13,"enemies":"4 Shapes","floor":44,"turns":4},{"damage":29,"enemies":"Sphere and 2 Shapes","floor":47,"turns":7},{"damage":19,"enemies":"3 Darklings","floor":48,"turns":2}],"event_choices":[{"event_name":"Golden Idol","player_choice":"Lose Max HP","floor":5.0,"damage_taken":0.0},{"event_name":"Golden Shrine","player_choice":"Desecrate","floor":19.0,"damage_taken":0.0},{"event_name":"Transmorgrifier","player_choice":"Transform","floor":22.0,"damage_taken":0.0},{"event_name":"Upgrade Shrine","player_choice":"Upgraded","floor":37,"damage_taken":0},{"event_name":"Tomb of Lord Red Mask","player_choice":"Ignored","floor":38,"damage_taken":0}],"boss_relics":[],"potions_floor_spawned":[2,11,14,20,24,25,27,35,36,44,47],"seed_played":"-7162104971662271480","killed_by":"3 Darklings","ascension_level":13,"is_trial":false}