{"gold_per_floor":[112,123,123,123,144,179,179,213,213,213,138,159,59,59,59,179,179,198,198,188,188,211,211,211],"floor_reached":24,"playtime":2001,"items_purged":["Strike_R","Defend_R"],"score":204,"play_id":"7a7c7a71-e979-4383-bbae-77a8c40c2335","local_time":"20181210181004","is_ascension_mode":false,"campfire_choices":[{"floor":7,"key":"REST"},{"floor":15,"key":"REST"},{"floor":23,"key":"REST"}],"neow_cost":"TEN_PERCENT_HP_LOSS","seed_source_timestamp":1327145002206630,"circlet_count":0,"master_deck":["Strike_R","Strike_R","Strike_R","Strike_R","Defend_R","Defend_R","Defend_R","Bash","Bludgeon","Pommel Strike","Shrug It Off","Clothesline","Heavy Blade","Inflame","Searing Blow","Reaper","Flex+1","Sword Boomerang"],"relics":["Black Blood","Vajra","Golden Idol","Pantograph","Champion Belt","Bag of Preparation","FaceOfCleric","Sundial"],"potions_floor_usage":[22,24,24],"damage_taken":[{"damage":1,"enemies":"Cultist","floor":1,"turns":3},{"damage":0,"enemies":"2 Louse","floor":2,"turns":2},{"damage":5,"enemies":"Small Slimes","floor":5,"turns":2},{"damage":23,"enemies":"Gremlin Nob","floor":6,"turns":4},{"damage":37,"enemies":"Lagavulin","floor":8,"turns":6},{"damage":2,"enemies":"Red Slaver","floor":12,"turns":3},{"damage":71,"enemies":"Hexaghost","floor":16,"turns":9},{"damage":25,"enemies":"Spheric Guardian","floor":18,"turns":4},{"damage":24,"enemies":"2 Thieves","floor":20,"turns":4},{"damage":50,"enemies":"Cultist and Chosen","floor":22,"turns":7},{"damage":80,"enemies":"Gremlin Leader","floor":24,"turns":7}],"seed_played":"1557230211222714464","potions_obtained":[{"floor":5,"key":"BloodPotion"},{"floor":12,"key":"LiquidBronze"},{"floor":18,"key":"LiquidBronze"}],"is_trial":false,"path_per_floor":["M","M","?","?","M","E","R","E","T","?","$","M","$","?","R","B",null,"M","?","M","T","M","R","E"],"character_chosen":"IRONCLAD","items_purchased":[],"campfire_rested":3,"item_purchase_floors":[],"current_hp_per_floor":[72,72,69,51,52,35,56,25,25,25,25,29,29,29,50,8,73,59,59,46,46,15,37,0],"gold":211,"neow_bonus":"THREE_RARE_CARDS","is_prod":false,"is_daily":false,"chose_seed":false,"campfire_upgraded":0,"win_rate":0.0,"timestamp":1544487004,"path_taken":["M","M","?","?","M","E","R","E","T","?","$","M","?","?","R","BOSS","M","?","M","?","M","R","E"],"build_version":"2018-12-06","purchased_purges":2,"victory":false,"max_hp_per_floor":[72,72,72,72,72,72,72,72,72,72,72,72,72,72,72,73,73,74,74,75,75,76,76,76],"card_choices":[{"not_picked":["Dark Embrace","Berserk"],"picked":"Bludgeon","floor":0},{"not_picked":["Warcry","Twin Strike"],"picked":"Pommel Strike","floor":1},{"not_picked":["True Grit","Pommel Strike"],"picked":"Shrug It Off","floor":2},{"not_picked":["Burning Pact","True Grit"],"picked":"Clothesline","floor":5},{"not_picked":["Offering","Cleave"],"picked":"Heavy Blade","floor":6},{"not_picked":["Power Through","Heavy Blade"],"picked":"Inflame","floor":8},{"not_picked":["Clothesline","Pommel Strike"],"picked":"Searing Blow","floor":12},{"not_picked":["Barricade","Offering"],"picked":"Reaper","floor":16},{"not_picked":["Warcry","Pommel Strike"],"picked":"Flex+1","floor":18},{"not_picked":["Anger","Uppercut","True Grit"],"picked":"SKIP","floor":20},{"not_picked":["Clash","Shrug It Off+1"],"picked":"Sword Boomerang","floor":22}],"player_experience":31562,"relics_obtained":[{"floor":6,"key":"Pantograph"},{"floor":8,"key":"Champion Belt"},{"floor":9,"key":"Bag of Preparation"},{"floor":21,"key":"Sundial"}],"event_choices":[{"damage_healed":0,"gold_gain":0,"player_choice":"Success","damage_taken":3,"relics_obtained":["Vajra"],"max_hp_gain":0,"max_hp_loss":0,"event_name":"Scrap Ooze","floor":3,"gold_loss":0},{"damage_healed":0,"gold_gain":0,"player_choice":"Take Damage","damage_taken":18,"relics_obtained":["Golden Idol"],"max_hp_gain":0,"max_hp_loss":0,"event_name":"Golden Idol","floor":4,"gold_loss":0},{"damage_healed":0,"gold_gain":0,"player_choice":"Ignored","damage_taken":0,"max_hp_gain":0,"max_hp_loss":0,"event_name":"Liars Game","floor":10,"gold_loss":0},{"damage_healed":0,"gold_gain":0,"player_choice":"Trade","damage_taken":0,"relics_obtained":["FaceOfCleric"],"max_hp_gain":0,"max_hp_loss":0,"event_name":"FaceTrader","floor":14,"gold_loss":0},{"damage_healed":0,"gold_gain":0,"player_choice":"Ignored","damage_taken":0,"max_hp_gain":0,"max_hp_loss":0,"event_name":"Ghosts","floor":19,"gold_loss":0}],"is_beta":false,"boss_relics":[{"not_picked":["Eternal Feather","Runic Dome"],"picked":"Black Blood"}],"items_purged_floors":[11,13],"is_endless":false,"potions_floor_spawned":[5,12,18],"killed_by":"Gremlin Leader","ascension_level":0}