{"gold_per_floor":[140,151,151,2,16,16,50,50,50,71,96,96,128,141,141,240,240,252,152,162,181,129,157,157,157],"floor_reached":25,"playtime":2707,"items_purged":["Strike_R","Strike_R"],"score":287,"play_id":"0aca16de-d067-44a6-8333-c6559bd87206","local_time":"20190510002439","is_ascension_mode":true,"campfire_choices":[{"data":"Heavy Blade","floor":6.0,"key":"SMITH"},{"data":"Bash","floor":8.0,"key":"SMITH"},{"floor":12,"key":"REST"},{"floor":15,"key":"REST"}],"neow_cost":"NONE","seed_source_timestamp":0,"circlet_count":0,"master_deck":["Strike_R","Strike_R","Defend_R","Defend_R","Defend_R","Defend_R","Bash+1","Heavy Blade+1","Metallicize","Inflame","Pommel Strike","Spot Weakness","True Grit","Immolate","Shockwave","Feed","Shrug It Off","True Grit"],"special_seed":0,"relics":["Burning Blood","Tiny Chest","Paper Frog","Matryoshka","Odd Mushroom","Shuriken","Regal Pillow","Sozu","Bottled Tornado","Enchiridion"],"potions_floor_usage":[],"damage_taken":[{"damage":11.0,"enemies":"2 Louse","floor":1.0,"turns":3.0},{"damage":6.0,"enemies":"Jaw Worm","floor":2.0,"turns":5.0},{"damage":0.0,"enemies":"Small Slimes","floor":5.0,"turns":3.0},{"damage":8.0,"enemies":"Gremlin Nob","floor":7.0,"turns":3.0},{"damage":25.0,"enemies":"The Mushroom Lair","floor":10.0,"turns":5.0},{"damage":42.0,"enemies":"3 Sentries","floor":11.0,"turns":8.0},{"damage":29,"enemies":"Lagavulin","floor":13,"turns":5},{"damage":8,"enemies":"Blue Slaver","floor":14,"turns":3},{"damage":48,"enemies":"The Guardian","floor":16,"turns":6},{"damage":20,"enemies":"Shell Parasite","floor":18,"turns":5},{"damage":14,"enemies":"Chosen","floor":20,"turns":4},{"damage":0,"enemies":"Snecko","floor":21,"turns":3},{"damage":32,"enemies":"Gremlin Leader","floor":23,"turns":7},{"damage":33,"enemies":"Sentry and Sphere","floor":25,"turns":5}],"seed_played":"-424083811566408125","potions_obtained":[{"floor":1.0,"key":"Regen Potion"},{"floor":7.0,"key":"Strength Potion"},{"floor":13,"key":"Ancient Potion"},{"floor":14,"key":"SneckoOil"}],"is_trial":false,"path_per_floor":["M","M","?","$","M","R","E","R","T","?","E","R","E","M","R","B",null,"M","$","M","M","$","E","?","M"],"character_chosen":"IRONCLAD","items_purchased":["Inflame","Shrug It Off"],"campfire_rested":2,"item_purchase_floors":[4,22],"current_hp_per_floor":[75,75,75,75,80,80,78,78,78,68,32,56,33,31,70,28,80,69,69,61,70,70,44,28,0],"gold":157,"neow_bonus":"RANDOM_COMMON_RELIC","is_prod":false,"is_daily":false,"chose_seed":false,"campfire_upgraded":2,"win_rate":0,"timestamp":1557465879,"path_taken":["M","M","?","$","M","R","E","R","T","?","E","R","E","M","R","BOSS","M","$","M","M","$","E","?","M"],"build_version":"2019-01-23","purchased_purges":2,"victory":false,"max_hp_per_floor":[80,80,80,80,80,80,80,80,80,80,80,80,80,80,80,80,80,83,83,83,86,86,86,86,86],"card_choices":[{"not_picked":["Corruption","Twin Strike"],"picked":"Heavy Blade","floor":1.0},{"not_picked":["Rage","Dropkick"],"picked":"Metallicize","floor":2.0},{"not_picked":["Twin Strike","Headbutt"],"picked":"Pommel Strike","floor":5.0},{"not_picked":["Metallicize","Heavy Blade"],"picked":"Spot Weakness","floor":7.0},{"not_picked":["Thunderclap","Warcry"],"picked":"True Grit","floor":10.0},{"not_picked":["Clothesline","Iron Wave"],"picked":"Immolate","floor":11.0},{"not_picked":["Seeing Red","Clothesline","Anger"],"picked":"SKIP","floor":13},{"not_picked":["Pommel Strike","Searing Blow"],"picked":"Shockwave","floor":14},{"not_picked":["Barricade","Fiend Fire"],"picked":"Feed","floor":16},{"not_picked":["Clash","Combust","Thunderclap"],"picked":"SKIP","floor":18},{"not_picked":["Dropkick+1","Twin Strike","Flex"],"picked":"SKIP","floor":20},{"not_picked":["Reckless Charge","Flex+1","Searing Blow"],"picked":"SKIP","floor":21},{"not_picked":["Searing Blow+1","Burning Pact"],"picked":"True Grit","floor":23}],"player_experience":157394,"relics_obtained":[{"floor":7.0,"key":"Paper Frog"},{"floor":9.0,"key":"Matryoshka"},{"floor":10.0,"key":"Odd Mushroom"},{"floor":11.0,"key":"Shuriken"},{"floor":13,"key":"Regal Pillow"},{"floor":23,"key":"Bottled Tornado"},{"floor":24,"key":"Enchiridion"}],"event_choices":[{"cards_removed":["Strike_R"],"damage_healed":0.0,"max_hp_gain":0.0,"max_hp_loss":0.0,"gold_gain":0.0,"event_name":"Living Wall","player_choice":"Forget","floor":3.0,"gold_loss":0.0,"damage_taken":0.0},{"damage_healed":0.0,"max_hp_gain":0.0,"max_hp_loss":0.0,"gold_gain":0.0,"event_name":"Mushrooms","player_choice":"Fought Mushrooms","floor":10.0,"gold_loss":0.0,"damage_taken":0.0},{"damage_healed":0,"gold_gain":0,"player_choice":"Obtained Book","damage_taken":16,"max_hp_gain":0,"max_hp_loss":0,"event_name":"Cursed Tome","floor":24,"gold_loss":0}],"is_beta":false,"boss_relics":[{"not_picked":["Calling Bell","Black Star"],"picked":"Sozu"}],"items_purged_floors":[4,19],"is_endless":false,"potions_floor_spawned":[1,7,13,14,18,21],"killed_by":"Sentry and Sphere","ascension_level":4}