{"gold_per_floor":[119,137,62,80,155,155,180,198,272,272,172,172,246,269,269,389,389,379,423,423,423,443,443,467,467,467,467,490,509,509,509,509,509],"floor_reached":33,"playtime":2270,"items_purged":["Strike_G","Strike_G"],"score":280,"play_id":"fe9085aa-6148-488b-8483-98c68ecb42fe","local_time":"20181213152518","is_ascension_mode":false,"campfire_choices":[{"data":"Poisoned Stab","floor":6,"key":"SMITH"},{"floor":10,"key":"REST"},{"floor":15,"key":"REST"},{"floor":23,"key":"REST"},{"floor":25,"key":"REST"},{"floor":27,"key":"REST"},{"floor":30,"key":"REST"},{"data":"A Thousand Cuts","floor":32,"key":"SMITH"}],"neow_cost":"NONE","seed_source_timestamp":0,"circlet_count":0,"master_deck":["Defend_G+1","Defend_G+1","Defend_G+1","Defend_G+1","Defend_G+1","Strike_G+1","Strike_G+1","Strike_G+1","Survivor","Neutralize","Poisoned Stab+1","Terror","Backflip","A Thousand Cuts+1","Acrobatics","Injury","Bouncing Flask","Flying Knee","Storm of Steel","Calculated Gamble+1","Poisoned Stab","Quick Slash+1","Decay","Bouncing Flask+1","Ghostly","Ghostly","Ghostly","Ghostly","Ghostly"],"special_seed":0,"relics":["Ring of the Snake","NeowsBlessing","Nunchaku","Question Card","Golden Idol","Tiny Chest","Cursed Key","Red Mask","Vajra"],"potions_floor_usage":[16,19,29],"damage_taken":[{"damage":0.0,"enemies":"Jaw Worm","floor":1.0,"turns":1.0},{"damage":0.0,"enemies":"2 Louse","floor":2.0,"turns":1.0},{"damage":0.0,"enemies":"Small Slimes","floor":4.0,"turns":1.0},{"damage":20,"enemies":"Lagavulin","floor":7,"turns":7},{"damage":3,"enemies":"3 Louse","floor":8,"turns":4},{"damage":41,"enemies":"3 Sentries","floor":13,"turns":10},{"damage":2,"enemies":"Looter","floor":14,"turns":4},{"damage":41,"enemies":"The Guardian","floor":16,"turns":10},{"damage":17,"enemies":"2 Thieves","floor":18,"turns":4},{"damage":32,"enemies":"Masked Bandits","floor":19,"turns":4},{"damage":18,"enemies":"3 Byrds","floor":22,"turns":4},{"damage":16,"enemies":"Centurion and Healer","floor":24,"turns":8},{"damage":10,"enemies":"Shelled Parasite and Fungi","floor":28,"turns":4},{"damage":0,"enemies":"Snake Plant","floor":29,"turns":3},{"damage":41,"enemies":"Automaton","floor":33,"turns":6}],"seed_played":"1090541192005207876","potions_obtained":[{"floor":4.0,"key":"Explosive Potion"},{"floor":13,"key":"Regen Potion"},{"floor":18,"key":"FearPotion"},{"floor":22,"key":"Poison Potion"},{"floor":24,"key":"Ancient Potion"},{"floor":29,"key":"Dexterity Potion"}],"is_trial":false,"path_per_floor":["M","M","$","M","?","R","E","M","T","R","$","?","E","M","R","B",null,"M","?","?","?","M","R","M","R","T","R","M","M","R","?","R","B"],"character_chosen":"THE_SILENT","items_purchased":[],"campfire_rested":6,"item_purchase_floors":[],"current_hp_per_floor":[70,70,70,70,59,59,39,36,36,57,57,57,16,14,35,9,70,53,21,21,21,3,24,8,29,29,50,40,40,61,35,35,0],"gold":509,"neow_bonus":"THREE_ENEMY_KILL","is_prod":false,"is_daily":false,"chose_seed":false,"campfire_upgraded":2,"win_rate":0.0,"timestamp":1544736318,"path_taken":["M","M","$","M","?","R","E","M","T","R","$","?","E","M","R","BOSS","M","?","?","?","M","R","M","R","T","R","M","M","R","?","R","BOSS"],"build_version":"2018-12-06","purchased_purges":2,"victory":false,"max_hp_per_floor":[70,70,70,70,70,70,70,70,70,70,70,70,70,70,70,70,70,70,70,70,70,70,70,70,70,70,70,70,70,70,35,35,35],"card_choices":[{"not_picked":["Flying Knee","Dagger Spray"],"picked":"Poisoned Stab","floor":1.0},{"not_picked":["Bane","Tactician"],"picked":"Terror","floor":2.0},{"not_picked":["Sucker Punch","Predator"],"picked":"Backflip","floor":4.0},{"not_picked":["Sucker Punch","PiercingWail"],"picked":"A Thousand Cuts","floor":7},{"not_picked":["Distraction","Finisher"],"picked":"Acrobatics","floor":8},{"not_picked":["Predator","Well Laid Plans","Cloak And Dagger"],"picked":"Bouncing Flask","floor":13},{"not_picked":["Blade Dance","Backstab","Predator"],"picked":"Flying Knee","floor":14},{"not_picked":["Glass Knife","A Thousand Cuts","Corpse Explosion"],"picked":"Storm of Steel","floor":16},{"not_picked":["Riddle With Holes","Terror","Underhanded Strike","Sucker Punch"],"picked":"SKIP","floor":18},{"not_picked":["Masterful Stab","Deflect","Well Laid Plans"],"picked":"Calculated Gamble+1","floor":19},{"not_picked":["Dagger Spray","Expertise","Calculated Gamble"],"picked":"Poisoned Stab","floor":22},{"not_picked":["Terror","Finisher+1","Masterful Stab"],"picked":"Quick Slash+1","floor":24},{"not_picked":["Riddle With Holes+1","Acrobatics","Deflect"],"picked":"Bouncing Flask+1","floor":28},{"not_picked":["Flechettes","Heel Hook","Doppelganger","Poisoned Stab"],"picked":"SKIP","floor":29}],"player_experience":83148,"relics_obtained":[{"floor":7,"key":"Nunchaku"},{"floor":9,"key":"Question Card"},{"floor":13,"key":"Tiny Chest"},{"floor":19,"key":"Red Mask"},{"floor":26,"key":"Vajra"}],"event_choices":[{"damage_healed":0.0,"max_hp_gain":0.0,"max_hp_loss":0.0,"gold_gain":75.0,"event_name":"World of Goop","player_choice":"Gather Gold","floor":5.0,"gold_loss":0.0,"damage_taken":11.0},{"damage_healed":0,"gold_gain":0,"player_choice":"Take Wound","damage_taken":0,"relics_obtained":["Golden Idol"],"max_hp_gain":0,"max_hp_loss":0,"event_name":"Golden Idol","floor":12,"gold_loss":0,"cards_obtained":["Injury"]},{"damage_healed":0,"gold_gain":0,"player_choice":"Fought Bandits","damage_taken":0,"max_hp_gain":0,"max_hp_loss":0,"event_name":"Masked Bandits","floor":19,"gold_loss":0},{"damage_healed":0,"gold_gain":0,"player_choice":"Simplicity","damage_taken":0,"max_hp_gain":0,"max_hp_loss":0,"event_name":"Back to Basics","floor":20,"gold_loss":0,"cards_upgraded":["Defend_G","Defend_G","Defend_G","Defend_G","Defend_G","Strike_G","Strike_G","Strike_G"]},{"damage_healed":0,"gold_gain":0,"player_choice":"Ignored","damage_taken":0,"max_hp_gain":0,"max_hp_loss":0,"event_name":"Cursed Tome","floor":21,"gold_loss":0},{"damage_healed":0,"gold_gain":0,"player_choice":"Became a Ghost","damage_taken":0,"max_hp_gain":0,"max_hp_loss":35,"event_name":"Ghosts","floor":31,"gold_loss":0,"cards_obtained":["Ghostly","Ghostly","Ghostly","Ghostly","Ghostly"]}],"is_beta":false,"boss_relics":[{"not_picked":["Black Star","Runic Dome"],"picked":"Cursed Key"}],"items_purged_floors":[3,11],"is_endless":false,"potions_floor_spawned":[4,13,18,22,24,29],"killed_by":"Automaton","ascension_level":0}