{"path_per_floor":["M","M","M","$","M","E","R","E","T","?","E","M","E","M","R","B",null,"M","?","M","M","M","E","M","?","T","E","M","E","M","M","R","B",null,"M","M","?","M","?","R","$","M","T","E","M","E","?","M","R","B"],"character_chosen":"DEFECT","items_purchased":["Thread and Needle","Tempest","Fission+1","War Paint","Dodecahedron","Finesse+1"],"gold_per_floor":[363,373,386,42,60,95,95,129,129,379,408,425,456,474,474,570,570,581,581,599,609,626,660,676,676,700,725,744,801,818,835,835,938,938,950,964,1016,1026,1026,1026,351,361,412,443,457,487,487,507,507,507],"floor_reached":51,"campfire_rested":1,"playtime":6734,"item_purchase_floors":[4,4,41,41,41,41],"current_hp_per_floor":[38,37,37,37,41,55,55,58,58,58,50,54,52,58,58,47,85,81,81,85,75,66,39,30,30,30,21,27,8,18,22,62,65,85,85,85,60,62,85,85,85,83,89,76,80,91,101,101,101,59],"items_purged":["Regret"],"gold":507,"score":893,"play_id":"a2ac28e9-f3e6-44ab-be16-414559163e4e","local_time":"20180605134339","is_prod":false,"is_daily":false,"chose_seed":false,"is_ascension_mode":true,"campfire_upgraded":4,"win_rate":0,"timestamp":1528220619,"campfire_choices":[{"data":"Electrodynamics","floor":7,"key":"SMITH"},{"data":"Double Energy","floor":15,"key":"SMITH"},{"floor":32,"key":"REST"},{"data":"Machine Learning","floor":40,"key":"SMITH"},{"data":"Creative AI","floor":49,"key":"SMITH"}],"path_taken":["M","M","M","$","M","E","R","E","T","?","E","M","E","?","R","BOSS","M","?","M","?","M","E","M","?","T","E","M","E","M","?","R","BOSS","M","M","?","M","?","R","$","M","T","E","?","E","?","M","R","BOSS"],"build_version":"2018-05-31","seed_source_timestamp":119548698474421,"purchased_purges":1,"victory":true,"master_deck":["Defend_B+1","Defend_B","Defend_B","Defend_B","Zap+1","Dualcast","Double Energy+1","Undo","Self Repair","Tempest","Glacier","Electrodynamics+1","Go for the Eyes+1","Chaos+1","Storm","Stack+1","Hologram+1","Creative AI+1","Capacitor+1","Conserve Battery+1","Zap+1","Defragment+1","Ball Lightning","White Noise+1","Consume+1","Melter+1","Bite","Bite","Bite","Bite","Bite","Auto Shields+1","Fusion+1","Steam+1","Rebound","Machine Learning+1","Barrage","Leap+1","Beam Cell+1","Loop+1","Fission+1","Finesse+1","Hello World+1","Pain","Lockon+1","Scrape+1","Streamline+1","Meteor Strike"],"max_hp_per_floor":[75,75,75,75,75,85,85,85,85,85,85,85,85,85,85,85,85,85,85,85,85,85,85,85,85,85,85,85,85,85,85,85,85,85,85,85,85,85,85,85,85,85,91,91,91,91,101,101,101,101],"relics":["Cracked Core","Thread and Needle","Pear","Regal Pillow","Whetstone","Toxic Egg 2","Black Star","Darkstone Periapt","Smiling Mask","Happy Flower","Anchor","Bag of Preparation","Potion Belt","Tiny Chest","Cursed Key","Sundial","War Paint","Dodecahedron","Omamori","Gambling Chip","Dead Branch","Turnip","Bird Faced Urn"],"card_choices":[{"not_picked":["Skim","Leap"],"picked":"Double Energy","floor":1},{"not_picked":["Cold Snap","Sweeping Beam"],"picked":"Undo","floor":2},{"not_picked":["Chill","Stack"],"picked":"Self Repair","floor":3},{"not_picked":["Steam","Doom and Gloom"],"picked":"Glacier","floor":5},{"not_picked":["Conserve Battery","Cold Snap"],"picked":"Electrodynamics","floor":6},{"not_picked":["Gash","Hologram"],"picked":"Go for the Eyes","floor":8},{"not_picked":["Hyperbeam","Redo"],"picked":"Chaos","floor":11},{"not_picked":["Hello World","Tempest+1"],"picked":"Storm","floor":12},{"not_picked":["Sweeping Beam","Doom and Gloom"],"picked":"Stack+1","floor":13},{"not_picked":["Double Energy+1","Coolheaded+1"],"picked":"Hologram+1","floor":14},{"not_picked":["Biased Cognition","Reboot+1"],"picked":"Creative AI","floor":16},{"not_picked":["Streamline","Leap+1"],"picked":"Capacitor+1","floor":18},{"not_picked":["Self Repair","Gash+1"],"picked":"Defragment+1","floor":20},{"not_picked":["Cold Snap","Barrage"],"picked":"Ball Lightning","floor":21},{"not_picked":["Self Repair","Turbo+1"],"picked":"White Noise+1","floor":22},{"not_picked":["Go for the Eyes+1","Capacitor+1"],"picked":"Consume+1","floor":23},{"not_picked":["Storm+1","Static Discharge"],"picked":"Melter+1","floor":24},{"not_picked":["Electrodynamics","Genetic Algorithm+1"],"picked":"Auto Shields+1","floor":27},{"not_picked":["Steam+1","Static Discharge"],"picked":"Fusion+1","floor":28},{"not_picked":["Chaos+1","Capacitor"],"picked":"Steam+1","floor":29},{"not_picked":["Hologram+1","Ball Lightning"],"picked":"Rebound","floor":30},{"not_picked":["Recycle+1","Barrage"],"picked":"Machine Learning","floor":31},{"not_picked":["Multi-Cast+1","All For One"],"picked":"Creative AI","floor":33},{"not_picked":["Defragment+1","Sweeping Beam"],"picked":"Barrage","floor":35},{"not_picked":["Conserve Battery+1","Cold Snap"],"picked":"Leap+1","floor":36},{"not_picked":["Turbo+1","Hello World+1"],"picked":"Beam Cell+1","floor":37},{"not_picked":["Rip and Tear","Hologram+1"],"picked":"Loop+1","floor":38},{"not_picked":["Conserve Battery+1","Go for the Eyes"],"picked":"Hello World+1","floor":42},{"not_picked":["Streamline","Stack+1"],"picked":"Lockon+1","floor":44},{"not_picked":["Gash+1","Compile Driver"],"picked":"Scrape+1","floor":45},{"not_picked":["Conserve Battery+1","Scrape"],"picked":"Streamline+1","floor":46},{"not_picked":["Gash+1","Ball Lightning"],"picked":"Meteor Strike","floor":48}],"player_experience":778606,"potions_floor_usage":[6,6,11,16,18,22,29,31,33,37,44,46,50,50,50],"damage_taken":[{"damage":0,"enemies":"Small Slimes","floor":1,"turns":2},{"damage":1,"enemies":"Cultist","floor":2,"turns":4},{"damage":0,"enemies":"2 Louse","floor":3,"turns":2},{"damage":3,"enemies":"Red Slaver","floor":5,"turns":4},{"damage":3,"enemies":"Gremlin Nob","floor":6,"turns":6},{"damage":4,"enemies":"Lagavulin","floor":8,"turns":7},{"damage":15,"enemies":"Gremlin Nob","floor":11,"turns":6},{"damage":3,"enemies":"Looter","floor":12,"turns":4},{"damage":9,"enemies":"3 Sentries","floor":13,"turns":3},{"damage":3,"enemies":"Gremlin Gang","floor":14,"turns":2},{"damage":20,"enemies":"Hexaghost","floor":16,"turns":11},{"damage":11,"enemies":"2 Thieves","floor":18,"turns":3},{"damage":3,"enemies":"Shell Parasite","floor":20,"turns":5},{"damage":17,"enemies":"Sentry and Sphere","floor":21,"turns":6},{"damage":18,"enemies":"Slaver and Parasite","floor":22,"turns":5},{"damage":29,"enemies":"Slavers","floor":23,"turns":5},{"damage":11,"enemies":"Snake Plant","floor":24,"turns":5},{"damage":28,"enemies":"Book of Stabbing","floor":27,"turns":7},{"damage":7,"enemies":"Centurion and Healer","floor":28,"turns":5},{"damage":25,"enemies":"Slavers","floor":29,"turns":3},{"damage":1,"enemies":"Sentry and Sphere","floor":30,"turns":4},{"damage":0,"enemies":"Snecko","floor":31,"turns":4},{"damage":22,"enemies":"Collector","floor":33,"turns":9},{"damage":0,"enemies":"3 Shapes","floor":35,"turns":6},{"damage":0,"enemies":"Orb Walker","floor":36,"turns":3},{"damage":38,"enemies":"Mysterious Sphere","floor":37,"turns":6},{"damage":0,"enemies":"Sphere and 2 Shapes","floor":38,"turns":3},{"damage":13,"enemies":"3 Darklings","floor":42,"turns":5},{"damage":24,"enemies":"Giant Head","floor":44,"turns":8},{"damage":0,"enemies":"4 Shapes","floor":45,"turns":5},{"damage":1,"enemies":"2 Orb Walkers","floor":46,"turns":6},{"damage":6,"enemies":"Sphere and 2 Shapes","floor":48,"turns":5},{"damage":77,"enemies":"Awakened One","floor":50,"turns":11}],"relics_obtained":[{"floor":6,"key":"Pear"},{"floor":8,"key":"Regal Pillow"},{"floor":9,"key":"Whetstone"},{"floor":11,"key":"Toxic Egg 2"},{"floor":13,"key":"Blood Vial"},{"floor":23,"key":"Darkstone Periapt"},{"floor":23,"key":"Smiling Mask"},{"floor":26,"key":"Happy Flower"},{"floor":27,"key":"Anchor"},{"floor":27,"key":"Bag of Preparation"},{"floor":29,"key":"Potion Belt"},{"floor":29,"key":"Tiny Chest"},{"floor":37,"key":"Sundial"},{"floor":43,"key":"Omamori"},{"floor":44,"key":"Gambling Chip"},{"floor":44,"key":"Dead Branch"},{"floor":46,"key":"Turnip"},{"floor":46,"key":"Bird Faced Urn"}],"event_choices":[{"event_name":"Golden Shrine","player_choice":"Desecrate","floor":10,"damage_taken":0},{"event_name":"Match and Keep!","player_choice":"2 cards matched","floor":19,"damage_taken":0},{"event_name":"Vampires","player_choice":"Became a vampire (Vial)","floor":25,"damage_taken":0},{"event_name":"Mysterious Sphere","player_choice":"Fight","floor":37,"damage_taken":0},{"event_name":"Wheel of Change","player_choice":"Full Heal","floor":39,"damage_taken":0},{"event_name":"Bonfire Elementals","player_choice":"RARE","floor":47,"damage_taken":0}],"boss_relics":[{"not_picked":["Snecko Eye","Philosopher\u0027s Stone"],"picked":"Black Star"},{"not_picked":["Sozu","Astrolabe"],"picked":"Cursed Key"}],"items_purged_floors":[41],"potions_floor_spawned":[1,3,6,8,13,14,20,27,28,30,31,33,36,38,44,48],"seed_played":"2100785473363958681","ascension_level":1,"potions_obtained":[{"floor":1,"key":"SpeedPotion"},{"floor":3,"key":"LiquidBronze"},{"floor":6,"key":"GamblersBrew"},{"floor":8,"key":"Weak Potion"},{"floor":13,"key":"Weak Potion"},{"floor":14,"key":"Fire Potion"},{"floor":20,"key":"SkillPotion"},{"floor":27,"key":"PowerPotion"},{"floor":28,"key":"PowerPotion"},{"floor":30,"key":"SpeedPotion"},{"floor":31,"key":"FearPotion"},{"floor":33,"key":"FearPotion"},{"floor":36,"key":"Weak Potion"},{"floor":38,"key":"GamblersBrew"},{"floor":44,"key":"SmokeBomb"},{"floor":48,"key":"LiquidBronze"}],"is_trial":false}