{"path_per_floor":["M","M","T","?","?","R","?","R","T","E","R","E","M","$","R","B",null,"M","?","M","?","M","R","E","R","T","M","$","M","T","M","R"],"character_chosen":"THE_SILENT","items_purchased":["Finesse"],"gold_per_floor":[142,162,185,185,185,185,155,155,180,209,209,241,252,75,75,151,151,140,140,160,160,177,177,206,206,206,220,120,135,135,149,149],"floor_reached":33,"campfire_rested":1,"playtime":2346,"current_hp_per_floor":[61,57,57,50,67,67,67,67,67,62,62,56,58,58,58,9,62,49,49,41,41,31,31,7,24,24,57,57,59,59,50,50],"items_purged":["Strike_G","Defend_G"],"gold":149,"score":476,"play_id":"8eebff76-f4a0-4e9b-9186-033484a9d677","is_prod":false,"is_daily":false,"is_ascension_mode":true,"campfire_upgraded":5,"path_taken":["M","M","?","?","?","R","?","R","T","E","R","E","M","$","R","BOSS","M","?","M","?","M","R","E","R","T","M","$","M","?","M","R","BOSS"],"build_version":"2018-02-08-PROD1","purchased_purges":2,"victory":false,"master_deck":["Defend_G","Defend_G","Defend_G","Defend_G","Survivor+1","Neutralize+1","Quick Slash+1","Caltrops+1","Finesse","Die Die Die","Backflip","Backflip+1","Quick Slash+1","Bite","Bite","Bite","Bite","Bite","Die Die Die","Terror+1"],"max_hp_per_floor":[70,70,70,67,67,67,67,67,67,67,67,67,69,69,69,69,77,77,77,79,55,57,57,57,57,57,57,57,59,59,61,61],"relics":["Ring of the Snake","Tiny Chest","Bag of Preparation","Oddly Smooth Stone","Ornamental Fan","Singing Bowl","Orrery","Bottled Flame","Tough Bandages","Shovel","Omamori"],"card_choices":[{"not_picked":["Setup","Infinite Blades"],"picked":"Quick Slash"},{"not_picked":["Predator","Slice"],"picked":"Caltrops"},{"not_picked":["Envenom","Unload"],"picked":"Die Die Die"},{"not_picked":["Flying Knee","Underhanded Strike"],"picked":"Backflip"},{"not_picked":["Slice","Malaise"],"picked":"Backflip"},{"not_picked":["Deflect","Backflip"],"picked":"Die Die Die"},{"not_picked":["Setup","Quick Slash"],"picked":"Terror"}],"player_experience":290851,"potions_floor_usage":[33,33,33],"damage_taken":[{"damage":2.0,"enemies":"Cultist","floor":1.0,"turns":5.0},{"damage":4.0,"enemies":"Jaw Worm","floor":2.0,"turns":5.0},{"damage":5.0,"enemies":"Lagavulin","floor":10.0,"turns":7.0},{"damage":6.0,"enemies":"3 Sentries","floor":12.0,"turns":9.0},{"damage":0.0,"enemies":"2 Louse","floor":13.0,"turns":3.0},{"damage":49.0,"enemies":"Hexaghost","floor":16.0,"turns":12.0},{"damage":13.0,"enemies":"2 Thieves","floor":18.0,"turns":4.0},{"damage":22.0,"enemies":"Chosen","floor":20.0,"turns":6.0},{"damage":22.0,"enemies":"Snecko","floor":22.0,"turns":7.0},{"damage":30.0,"enemies":"Book of Stabbing","floor":24.0,"turns":7.0},{"damage":0.0,"enemies":"Centurion and Healer","floor":27.0,"turns":11.0},{"damage":9.0,"enemies":"Slaver and Parasite","floor":29.0,"turns":7.0},{"damage":15.0,"enemies":"Snecko","floor":31.0,"turns":5.0},{"damage":104,"enemies":"Automaton","floor":33,"turns":14}],"event_choices":[{"event_name":"Golden Wing","player_choice":"Card Removal","floor":4.0,"damage_taken":0.0},{"event_name":"Big Fish","player_choice":"Banana","floor":5.0,"damage_taken":0.0},{"event_name":"The Woman in Blue","player_choice":"Bought 2 Potions","floor":7.0,"damage_taken":0.0},{"event_name":"Duplicator","player_choice":"One dupe","floor":19.0,"damage_taken":0.0},{"event_name":"Vampires","player_choice":"Became a vampire","floor":21.0,"damage_taken":0.0}],"boss_relics":[],"potions_floor_spawned":[1,10,16,22,24,27,31],"seed_played":"-8328998760191312721","killed_by":"Automaton","ascension_level":13,"is_trial":false}