{"path_per_floor":["M","M","M","M","$","R","T","R","T","?","M","R","E","M","R","B",null,"M","?","?","M","$","R","E","R","T","M","M","M","?","M","R","B",null,"M","?","M","?","?","R","M","R","T","$","T","R","$","?","R","B"],"character_chosen":"THE_SILENT","items_purchased":["Backflip","Cloak And Dagger","Blur","Backflip","Noxious Fumes"],"gold_per_floor":[110,124,143,162,41,41,120,120,120,100,114,114,143,158,158,262,262,272,272,272,290,145,145,178,178,203,217,231,245,160,177,177,274,274,290,290,303,403,456,456,469,469,469,393,393,393,143,0,0,0],"floor_reached":51,"campfire_rested":1,"playtime":3088,"current_hp_per_floor":[69,69,69,62,62,62,62,62,62,62,61,61,53,53,53,36,70,52,52,39,39,39,39,28,65,65,64,54,53,53,53,53,33,75,75,75,63,63,55,65,65,75,75,75,89,89,89,89,89,24],"items_purged":["Strike_G","Strike_G","Strike_G"],"gold":0,"score":665,"play_id":"046ead56-fa17-44c2-9b38-f77adb92d9db","local_time":"20180323083622","is_prod":false,"is_daily":false,"is_ascension_mode":false,"campfire_upgraded":7,"timestamp":1521815782,"path_taken":["M","M","M","M","$","R","?","R","T","?","M","R","E","M","R","BOSS","M","?","?","?","$","R","E","R","T","M","M","M","?","M","R","BOSS","M","?","?","?","?","R","M","R","T","$","?","R","$","?","R","BOSS"],"build_version":"2018-03-15","purchased_purges":3,"victory":true,"master_deck":["Defend_G","Defend_G","Defend_G","Defend_G","Defend_G","Strike_G","Strike_G","Survivor","Neutralize+1","Caltrops+1","Flying Knee","Predator+1","Dagger Throw","Backflip+1","Flying Knee","Noxious Fumes+1","Die Die Die+1","Acrobatics+1","Calculated Gamble","Cloak And Dagger+1","Tools of the Trade+1","Malaise+1","Backflip+1","Flying Knee+1","PiercingWail+1","Sucker Punch+1","Blur+1","Backflip+1","Noxious Fumes+1"],"max_hp_per_floor":[70,70,70,70,70,70,70,70,70,70,70,70,70,70,70,70,70,70,70,75,75,75,75,75,75,75,75,75,75,75,75,75,75,75,75,75,75,75,75,75,75,75,75,75,89,89,89,89,89,89],"relics":["Ring of the Snake","Frozen Egg 2","Girya","Regal Pillow","Sozu","Bottled Lightning","Dream Catcher","Ginger","Eternal Feather","Bird Faced Urn","Dead Branch","Mango","Red Mask"],"card_choices":[{"not_picked":["Underhanded Strike","Bouncing Flask"],"picked":"Caltrops"},{"not_picked":["Bane","Outmaneuver"],"picked":"Flying Knee"},{"not_picked":["Underhanded Strike","Flying Knee"],"picked":"Predator"},{"not_picked":["Choke","Slice"],"picked":"Dagger Throw"},{"not_picked":["Sucker Punch","Acrobatics"],"picked":"Flying Knee"},{"not_picked":["Escape Plan","Prepared"],"picked":"Noxious Fumes"},{"not_picked":["Bullet Time","Burst"],"picked":"Die Die Die"},{"not_picked":["Crippling Poison","Prepared"],"picked":"Acrobatics"},{"not_picked":["Outmaneuver","Accuracy"],"picked":"Calculated Gamble"},{"not_picked":["Deadly Poison","Prepared"],"picked":"Tools of the Trade"},{"not_picked":["Escape Plan","Blur"],"picked":"Malaise"},{"not_picked":["Outmaneuver","Dodge and Roll"],"picked":"Backflip"},{"not_picked":["Outmaneuver","Slice"],"picked":"Flying Knee"},{"not_picked":["Flying Knee","Deadly Poison"],"picked":"PiercingWail"},{"not_picked":["Endless Agony","Dagger Spray"],"picked":"Sucker Punch"}],"player_experience":787529,"potions_floor_usage":[50,50],"damage_taken":[{"damage":1.0,"enemies":"Cultist","floor":1.0,"turns":4.0},{"damage":0.0,"enemies":"Small Slimes","floor":2.0,"turns":4.0},{"damage":0.0,"enemies":"Jaw Worm","floor":3.0,"turns":3.0},{"damage":7.0,"enemies":"Exordium Thugs","floor":4.0,"turns":6.0},{"damage":1.0,"enemies":"Exordium Wildlife","floor":11.0,"turns":4.0},{"damage":8.0,"enemies":"Lagavulin","floor":13.0,"turns":5.0},{"damage":0.0,"enemies":"Large Slime","floor":14.0,"turns":3.0},{"damage":17.0,"enemies":"Hexaghost","floor":16.0,"turns":6.0},{"damage":18.0,"enemies":"Shell Parasite","floor":18.0,"turns":3.0},{"damage":0.0,"enemies":"Chosen","floor":21.0,"turns":3.0},{"damage":11.0,"enemies":"Book of Stabbing","floor":24.0,"turns":5.0},{"damage":1.0,"enemies":"Centurion and Healer","floor":27.0,"turns":4.0},{"damage":10.0,"enemies":"Snake Plant","floor":28.0,"turns":3.0},{"damage":1.0,"enemies":"Chosen and Byrds","floor":29.0,"turns":4.0},{"damage":0.0,"enemies":"Cultist and Chosen","floor":31.0,"turns":4.0},{"damage":20.0,"enemies":"Automaton","floor":33.0,"turns":11.0},{"damage":0.0,"enemies":"3 Shapes","floor":35.0,"turns":4.0},{"damage":12.0,"enemies":"3 Darklings","floor":37.0,"turns":5.0},{"damage":8.0,"enemies":"Mysterious Sphere","floor":39.0,"turns":5.0},{"damage":6.0,"enemies":"Sphere and 2 Shapes","floor":41.0,"turns":5.0},{"damage":73,"enemies":"Awakened One","floor":50,"turns":17}],"event_choices":[{"event_name":"The Woman in Blue","player_choice":"Bought 1 Potion","floor":10.0,"damage_taken":0.0},{"event_name":"Vampires","player_choice":"Ignored","floor":19.0,"damage_taken":0.0},{"event_name":"Forgotten Altar","player_choice":"Shed Blood","floor":20.0,"damage_taken":0.0},{"event_name":"Addict","player_choice":"Obtained Relic","floor":30.0,"damage_taken":0.0},{"event_name":"Upgrade Shrine","player_choice":"Upgraded","floor":36.0,"damage_taken":0.0},{"event_name":"Golden Shrine","player_choice":"Pray","floor":38.0,"damage_taken":0.0},{"event_name":"Mysterious Sphere","player_choice":"Fight","floor":39.0,"damage_taken":0.0},{"event_name":"Tomb of Lord Red Mask","player_choice":"Paid","floor":48.0,"damage_taken":0.0}],"boss_relics":[],"potions_floor_spawned":[2,4,13,27,28,31,35,37],"seed_played":"5946589033671804975","ascension_level":0,"is_trial":false}