{"path_per_floor":["M","?","M","M","M","E","R","?","T","M","E","M","M"],"character_chosen":"DEFECT","items_purchased":[],"gold_per_floor":[111,111,131,148,166,194,194,269,296,310,338,348,367,367],"floor_reached":14,"campfire_rested":0,"playtime":816,"item_purchase_floors":[],"current_hp_per_floor":[74,67,60,60,53,45,45,34,34,28,16,16,15,0],"items_purged":[],"gold":367,"score":104,"play_id":"15112da9-c22a-44c7-a31f-72d8d6a0c0e2","local_time":"20180603133353","is_prod":false,"is_daily":false,"chose_seed":false,"is_ascension_mode":false,"campfire_upgraded":1,"win_rate":0.0,"timestamp":1528047233,"campfire_choices":[{"data":"Dualcast","floor":7,"key":"SMITH"}],"path_taken":["M","?","M","M","M","E","R","?","T","M","E","M","M","E"],"build_version":"2018-05-31","seed_source_timestamp":44528370234027,"purchased_purges":0,"victory":false,"master_deck":["Strike_B","Strike_B","Strike_B","Defend_B","Defend_B","Defend_B","Defend_B","Zap","Dualcast+1","Electrodynamics","Scrape","BootSequence","Ball Lightning","Static Discharge","Streamline","Loop","Chill","Beam Cell","Undo"],"max_hp_per_floor":[75,75,75,75,75,75,75,75,75,75,75,75,75,75],"relics":["Cracked Core","Dream Catcher","Lantern","Happy Flower"],"card_choices":[{"not_picked":["Lockon","Sweeping Beam"],"picked":"Scrape","floor":1},{"not_picked":["Double Energy","Steam Power"],"picked":"BootSequence","floor":3},{"not_picked":["Stack","Compile Driver"],"picked":"Ball Lightning","floor":4},{"not_picked":["Compile Driver","Cold Snap"],"picked":"Static Discharge","floor":5},{"not_picked":["Ball Lightning","Scrape"],"picked":"Streamline","floor":6},{"not_picked":["Skim","Hologram"],"picked":"Loop","floor":10},{"not_picked":["Conserve Battery","Double Energy"],"picked":"Chill","floor":11},{"not_picked":["Leap","Static Discharge"],"picked":"Beam Cell","floor":12},{"not_picked":["Coolheaded","Electrodynamics"],"picked":"Undo","floor":13}],"player_experience":762066,"potions_floor_usage":[10,11,11],"damage_taken":[{"damage":1,"enemies":"Jaw Worm","floor":1,"turns":4},{"damage":7,"enemies":"Small Slimes","floor":3,"turns":3},{"damage":0,"enemies":"2 Louse","floor":4,"turns":1},{"damage":7,"enemies":"Blue Slaver","floor":5,"turns":3},{"damage":8,"enemies":"3 Sentries","floor":6,"turns":3},{"damage":6,"enemies":"Large Slime","floor":10,"turns":2},{"damage":12,"enemies":"Gremlin Nob","floor":11,"turns":4},{"damage":0,"enemies":"2 Fungi Beasts","floor":12,"turns":1},{"damage":1,"enemies":"Exordium Wildlife","floor":13,"turns":3},{"damage":24,"enemies":"Lagavulin","floor":14,"turns":3}],"relics_obtained":[{"floor":6,"key":"Dream Catcher"},{"floor":9,"key":"Lantern"},{"floor":11,"key":"Happy Flower"}],"event_choices":[{"event_name":"Golden Wing","player_choice":"Card Removal","floor":2,"damage_taken":0},{"event_name":"World of Goop","player_choice":"Gather Gold","floor":8,"damage_taken":0}],"boss_relics":[],"items_purged_floors":[],"potions_floor_spawned":[1,4,5],"seed_played":"135276219645017756","killed_by":"Lagavulin","ascension_level":0,"potions_obtained":[{"floor":1,"key":"Weak Potion"},{"floor":4,"key":"Energy Potion"},{"floor":5,"key":"FearPotion"}],"is_trial":false}