{"path_per_floor":["M","M","?","$","?","R","E","R","T","M","E","R","M","E","R","B",null,"M","M","?","?","M","R","M","R","T","$","R","M","M","?","R","B",null,"M","?","M","$","?","R","M","R","T","M","E","?","E","M","R","B"],"character_chosen":"THE_SILENT","items_purchased":["Noxious Fumes","Footwork","Deflect","Bronze Scales"],"gold_per_floor":[112,132,207,95,95,95,127,127,127,141,175,175,189,214,214,286,286,251,264,464,464,480,480,498,498,523,333,333,348,362,362,362,440,440,455,503,514,240,0,0,12,12,87,103,132,132,161,177,177,177],"floor_reached":51,"campfire_rested":2,"playtime":7068,"current_hp_per_floor":[59,53,42,42,23,41,35,35,35,34,33,33,37,36,36,43,58,44,35,35,63,53,53,63,63,63,63,63,62,63,63,63,44,58,63,58,63,63,63,63,63,63,63,63,56,56,46,37,55,51],"items_purged":["Parasite","Strike_G","All Out Attack"],"gold":177,"score":1014,"play_id":"981e6de3-18be-4478-bad9-9ee35495f948","is_prod":false,"is_daily":false,"is_ascension_mode":true,"campfire_upgraded":8,"path_taken":["M","M","?","$","?","R","E","R","T","M","E","R","M","E","R","BOSS","M","M","?","?","M","R","M","R","T","$","R","?","M","?","R","BOSS","M","?","M","$","?","R","M","R","T","M","E","?","E","M","R","BOSS"],"build_version":"2018-02-15-PROD1","purchased_purges":3,"victory":true,"master_deck":["Defend_G","Defend_G+1","Defend_G+1","Defend_G","Defend_G+1","Neutralize+1","Backflip","Footwork+1","Noxious Fumes+1","Predator","Sucker Punch+1","Terror+1","Backflip","Venomology+1","Dodge and Roll+1","Footwork+1","Backflip+1","Catalyst+1","Footwork+1","Deflect","Escape Plan","Dodge and Roll","Burst+1","Bane","Well Laid Plans+1","Backflip"],"max_hp_per_floor":[66,66,66,63,63,63,63,63,63,63,63,63,63,63,63,63,63,63,63,63,63,63,63,63,63,63,63,63,63,63,63,63,63,63,63,63,63,63,63,63,63,63,63,63,63,63,63,63,63,63],"relics":["Question Card","War Paint","Dead Branch","Bird Faced Urn","Ancient Tea Set","Astrolabe","Omamori","Velvet Choker","Girya","Bronze Scales","Red Mask","Mercury Hourglass","Shuriken","Snake Skull"],"card_choices":[{"not_picked":["PiercingWail","Deflect","Acrobatics"],"picked":"Backflip"},{"not_picked":["PiercingWail","Distraction","Backflip"],"picked":"Footwork"},{"not_picked":["Dodge and Roll","Bane","Acrobatics"],"picked":"Predator"},{"not_picked":["Riddle With Holes","Poisoned Stab","Backstab"],"picked":"Sucker Punch"},{"not_picked":["Sucker Punch","Blade Dance","Riddle With Holes"],"picked":"Terror"},{"not_picked":["Bane","Deflect","Predator"],"picked":"Backflip"},{"not_picked":["Noxious Fumes","Bouncing Flask","Flying Knee"],"picked":"Footwork"},{"not_picked":["Riddle With Holes","Quick Slash","Eviscerate"],"picked":"Backflip"},{"not_picked":["PiercingWail","Underhanded Strike","Eviscerate"],"picked":"Catalyst"},{"not_picked":["Finisher","Dagger Spray","Prepared"],"picked":"Escape Plan"},{"not_picked":["Flying Knee","Bane","Blade Dance"],"picked":"Dodge and Roll"},{"not_picked":["Venomology","Envenom","Corpse Explosion"],"picked":"Burst"},{"not_picked":["Acrobatics","Cloak And Dagger","Deadly Poison"],"picked":"Bane"},{"not_picked":["PiercingWail","Choke","Unload"],"picked":"Well Laid Plans"},{"not_picked":["Choke","Eviscerate","Deflect"],"picked":"Backflip"}],"player_experience":367665,"potions_floor_usage":[48,50,50,50],"damage_taken":[{"damage":0.0,"enemies":"2 Louse","floor":1.0,"turns":5.0},{"damage":6.0,"enemies":"Jaw Worm","floor":2.0,"turns":9.0},{"damage":6.0,"enemies":"3 Sentries","floor":7.0,"turns":9.0},{"damage":1.0,"enemies":"Small Slimes","floor":10.0,"turns":4.0},{"damage":1.0,"enemies":"Lagavulin","floor":11.0,"turns":11.0},{"damage":0.0,"enemies":"Looter","floor":13.0,"turns":4.0},{"damage":5.0,"enemies":"3 Sentries","floor":14.0,"turns":6.0},{"damage":11.0,"enemies":"Hexaghost","floor":16.0,"turns":9.0},{"damage":16.0,"enemies":"2 Thieves","floor":18.0,"turns":5.0},{"damage":11.0,"enemies":"3 Byrds","floor":19.0,"turns":4.0},{"damage":10.0,"enemies":"3 Cultists","floor":22.0,"turns":5.0},{"damage":1.0,"enemies":"Centurion and Healer","floor":24.0,"turns":9.0},{"damage":7.0,"enemies":"Cultist and Chosen","floor":29.0,"turns":8.0},{"damage":0.0,"enemies":"Snake Plant","floor":30.0,"turns":5.0},{"damage":19.0,"enemies":"Champ","floor":33.0,"turns":19.0},{"damage":0.0,"enemies":"3 Shapes","floor":35.0,"turns":4.0},{"damage":5.0,"enemies":"Mysterious Sphere","floor":36.0,"turns":7.0},{"damage":0.0,"enemies":"Orb Walker","floor":37.0,"turns":4.0},{"damage":8.0,"enemies":"Sphere and 2 Shapes","floor":41.0,"turns":6.0},{"damage":0.0,"enemies":"3 Darklings","floor":44.0,"turns":5.0},{"damage":7.0,"enemies":"Giant Head","floor":45.0,"turns":8.0},{"damage":18.0,"enemies":"2 Orb Walkers","floor":47.0,"turns":7.0},{"damage":31,"enemies":"4 Shapes","floor":48,"turns":7},{"damage":14,"enemies":"Time Eater","floor":50,"turns":17}],"event_choices":[{"event_name":"World of Goop","player_choice":"Gather Gold","floor":3.0,"damage_taken":0.0},{"event_name":"Shining Light","player_choice":"Entered Light","floor":5.0,"damage_taken":0.0},{"event_name":"The Joust","player_choice":"Bet on Owner","floor":20.0,"damage_taken":0.0},{"event_name":"Wheel of Change","player_choice":"Full Heal","floor":21.0,"damage_taken":0.0},{"event_name":"Bonfire Elementals","player_choice":"BASIC","floor":31.0,"damage_taken":0.0},{"event_name":"Mysterious Sphere","player_choice":"Fight","floor":36.0,"damage_taken":0.0},{"event_name":"Tomb of Lord Red Mask","player_choice":"Paid","floor":39.0,"damage_taken":0.0}],"boss_relics":[],"potions_floor_spawned":[7,11,13,14,19,29,30,33,35,36,44,47,48],"seed_played":"-2223356128192995006","ascension_level":15,"is_trial":false}