{"path_per_floor":["M","M","$","?","?","R","E","R","T","R","?","M","R","$","R","B",null,"M","?","?","M","M","R","M","R","T","R","M","?","M","M","R","B",null],"character_chosen":"THE_SILENT","items_purchased":["Noxious Fumes","Dagger Spray"],"gold_per_floor":[115,135,31,31,31,31,64,64,64,64,64,81,81,6,6,104,104,117,42,42,60,76,76,91,91,115,115,131,131,148,163,163,258,258],"floor_reached":35,"campfire_rested":4,"playtime":2478,"current_hp_per_floor":[63,63,63,56,56,56,56,56,56,56,38,38,38,38,38,35,59,51,51,39,21,16,37,13,34,34,55,32,32,17,17,38,9,56],"items_purged":["Parasite"],"gold":258,"score":512,"play_id":"5fcb8ead-5c0b-4d53-85ba-5c42f4622362","is_prod":false,"is_daily":false,"is_ascension_mode":true,"campfire_upgraded":5,"path_taken":["M","M","?","?","?","R","E","R","T","R","?","M","R","$","R","BOSS","M","?","?","?","M","R","M","R","T","R","M","?","M","M","R","BOSS","M"],"build_version":"2018-02-08-PROD1","purchased_purges":1,"victory":false,"master_deck":["Defend_G","Defend_G","Defend_G","Defend_G","Defend_G","Strike_G","Strike_G","Strike_G","Strike_G","Survivor","Neutralize+1","Caltrops+1","Backstab+1","Noxious Fumes+1","Dagger Spray+1","Escape Plan","Adrenaline","Distraction+1","Footwork","Malaise+1","PiercingWail+1","Backflip+1","Wraith Form"],"max_hp_per_floor":[70,70,70,70,70,70,70,70,70,70,70,70,70,67,67,67,67,67,67,72,72,72,72,72,72,72,72,72,72,72,72,72,72,72],"relics":["Ring of the Snake","NeowsBlessing","Darkstone Periapt","Frozen Eye","Mummified Hand","Philosopher\u0027s Stone","Dream Catcher","Black Star"],"card_choices":[{"not_picked":["Blur","Setup"],"picked":"Caltrops"},{"not_picked":["Dodge and Roll","Deadly Poison"],"picked":"Backstab"},{"not_picked":["Bane","Choke"],"picked":"Escape Plan"},{"not_picked":["Doppelganger","Phantasmal Killer"],"picked":"Adrenaline"},{"not_picked":["Endless Agony","Dagger Throw"],"picked":"Distraction"},{"not_picked":["Dagger Throw","PiercingWail"],"picked":"Footwork"},{"not_picked":["Slice","Prepared"],"picked":"Malaise"},{"not_picked":["Dodge and Roll","Wraith Form"],"picked":"PiercingWail"},{"not_picked":["Deflect","Footwork"],"picked":"Backflip"},{"not_picked":["After Image","Venomology"],"picked":"Wraith Form"}],"player_experience":266212,"potions_floor_usage":[16,16,22,22,30,33],"damage_taken":[{"damage":0,"enemies":"Blue Slaver","floor":1,"turns":1},{"damage":0,"enemies":"Jaw Worm","floor":2,"turns":1},{"damage":0,"enemies":"Lagavulin","floor":7,"turns":2},{"damage":0,"enemies":"Cultist","floor":12,"turns":3},{"damage":3,"enemies":"Hexaghost","floor":16,"turns":9},{"damage":8,"enemies":"Shell Parasite","floor":18,"turns":4},{"damage":18,"enemies":"Spheric Guardian","floor":21,"turns":5},{"damage":5,"enemies":"3 Cultists","floor":22,"turns":4},{"damage":24,"enemies":"Snake Plant","floor":24,"turns":4},{"damage":23,"enemies":"Centurion and Healer","floor":28,"turns":9},{"damage":15,"enemies":"3 Cultists","floor":30,"turns":6},{"damage":0,"enemies":"Snake Plant","floor":31,"turns":3},{"damage":29,"enemies":"Automaton","floor":33,"turns":14},{"damage":57,"enemies":"3 Darklings","floor":35,"turns":3}],"event_choices":[{"event_name":"Wheel of Change","player_choice":"Damage","floor":4,"damage_taken":0},{"event_name":"The Cleric","player_choice":"Leave","floor":5,"damage_taken":0},{"event_name":"Scrap Ooze","player_choice":"success","floor":11,"damage_taken":18},{"event_name":"Beggar","player_choice":"Gave Gold","floor":19,"damage_taken":0},{"event_name":"Forgotten Altar","player_choice":"Shed Blood","floor":20,"damage_taken":0},{"event_name":"N\u0027loth","player_choice":"Ignored","floor":29,"damage_taken":0}],"boss_relics":[{"not_picked":["Eternal Feather","Tiny House"],"picked":"Philosopher\u0027s Stone"},{"not_picked":["Runic Pyramid","The Specimen"],"picked":"Black Star"}],"potions_floor_spawned":[1,2,12,18,22,30],"seed_played":"6050014758111303050","killed_by":"3 Darklings","ascension_level":11,"is_trial":false}