{"path_per_floor":["M","$","?","M","?","R","E","R","T","E","?","M","E","M","R","B",null,"M","?","$","M","$","R","E","R","T","M","$","E","R","E","R","B",null,"M","$","?","M","$","E","R","E","T","E","M","R","?","$","R","B"],"character_chosen":"THE_SILENT","items_purchased":["Dash","Noxious Fumes","Backflip","Dash","Footwork"],"gold_per_floor":[119,38,38,52,52,52,84,84,84,114,114,133,158,173,173,273,273,290,290,96,111,11,11,43,43,43,54,16,74,74,102,102,198,198,208,45,45,57,57,91,91,126,198,226,245,245,245,95,95,95],"floor_reached":51,"campfire_rested":4,"playtime":4980,"current_hp_per_floor":[62,62,55,55,55,55,20,41,41,32,32,32,41,39,39,25,64,55,55,55,49,49,57,42,50,50,47,47,32,65,61,71,42,68,53,53,43,36,36,30,65,32,32,13,13,48,48,48,60,29],"items_purged":["Strike_G","Strike_G","Defend_G","Defend_G"],"gold":95,"score":817,"play_id":"b24306dd-eafe-451f-ae0a-fb577b6c8c2e","is_prod":false,"is_daily":false,"is_ascension_mode":true,"campfire_upgraded":6,"path_taken":["M","$","?","M","?","R","E","R","T","E","?","M","E","M","R","BOSS","M","?","?","?","?","R","E","R","T","M","$","E","R","E","R","BOSS","M","$","?","M","$","E","R","E","T","E","M","R","?","$","R","BOSS"],"build_version":"2018-02-08-PROD1","purchased_purges":4,"victory":true,"master_deck":["Defend_G","Defend_G+1","Defend_G+1","Strike_G","Survivor","Neutralize+1","Flying Knee","Dash+1","Quick Slash","Cloak And Dagger","Sucker Punch","Sucker Punch+1","Dagger Spray","Tools of the Trade","Deflect","Footwork+1","Noxious Fumes+1","Backflip","Deflect+1","Terror+1","Dash","Expertise+1","Backflip+1","Die Die Die","Burst","Footwork+1","Madness","Madness","Leg Sweep+1","Escape Plan+1","Quick Slash"],"max_hp_per_floor":[70,70,70,70,70,70,70,70,70,70,70,70,77,77,77,77,77,77,77,77,77,77,77,77,77,77,77,77,77,77,77,77,77,77,77,77,77,77,77,77,77,77,77,77,77,77,77,77,77,77],"relics":["Black Star","Bronze Scales","Vajra","Snake Skull","Ornamental Fan","Dodecahedron","War Paint","Strawberry","Eternal Feather","Dream Catcher","Orichalcum","Gremlin Horn","Juzu Bracelet","Tiny Chest","Lantern","Bag of Preparation","Cursed Key","Omamori","Bag of Marbles","Gambling Chip","Peace Pipe","Frozen Egg 2","Anchor","Happy Flower"],"card_choices":[{"not_picked":["Poisoned Stab","Acrobatics"],"picked":"Flying Knee"},{"not_picked":["Glass Knife","Slice"],"picked":"Quick Slash"},{"not_picked":["Setup","PiercingWail"],"picked":"Cloak And Dagger"},{"not_picked":["Escape Plan","Endless Agony"],"picked":"Sucker Punch"},{"not_picked":["Storm of Steel","Prepared"],"picked":"Sucker Punch"},{"not_picked":["Acrobatics","Deadly Poison"],"picked":"Dagger Spray"},{"not_picked":["Tactician","Doppelganger"],"picked":"Tools of the Trade"},{"not_picked":["Reflex","Outmaneuver"],"picked":"Deflect"},{"not_picked":["Riddle With Holes","Slice"],"picked":"Deflect"},{"not_picked":["Deflect","Deadly Poison"],"picked":"Terror"},{"not_picked":["Prepared","Infinite Blades"],"picked":"Expertise"},{"not_picked":["Well Laid Plans","PiercingWail"],"picked":"Backflip"},{"not_picked":["Tactician","Deadly Poison"],"picked":"Die Die Die"},{"not_picked":["Tactician","Glass Knife"],"picked":"Burst"},{"not_picked":["Backflip","Cloak And Dagger"],"picked":"Leg Sweep"},{"not_picked":["Poisoned Stab","Quick Slash"],"picked":"Escape Plan"},{"not_picked":["Flechettes","Terror"],"picked":"Quick Slash"}],"player_experience":229175,"potions_floor_usage":[42,50,50,50],"damage_taken":[{"damage":1.0,"enemies":"Small Slimes","floor":1.0,"turns":5.0},{"damage":0.0,"enemies":"2 Louse","floor":4.0,"turns":2.0},{"damage":35.0,"enemies":"Lagavulin","floor":7.0,"turns":12.0},{"damage":9.0,"enemies":"Gremlin Nob","floor":10.0,"turns":4.0},{"damage":0.0,"enemies":"Jaw Worm","floor":12.0,"turns":2.0},{"damage":13.0,"enemies":"Lagavulin","floor":13.0,"turns":5.0},{"damage":2.0,"enemies":"3 Louse","floor":14.0,"turns":2.0},{"damage":14.0,"enemies":"The Guardian","floor":16.0,"turns":12.0},{"damage":9.0,"enemies":"Chosen","floor":18.0,"turns":5.0},{"damage":6.0,"enemies":"3 Byrds","floor":21.0,"turns":4.0},{"damage":15.0,"enemies":"Book of Stabbing","floor":24.0,"turns":7.0},{"damage":3.0,"enemies":"Centurion and Healer","floor":27.0,"turns":6.0},{"damage":15.0,"enemies":"Slavers","floor":29.0,"turns":6.0},{"damage":4.0,"enemies":"Book of Stabbing","floor":31.0,"turns":6.0},{"damage":29.0,"enemies":"Automaton","floor":33.0,"turns":10.0},{"damage":15.0,"enemies":"3 Darklings","floor":35.0,"turns":4.0},{"damage":7.0,"enemies":"3 Shapes","floor":38.0,"turns":5.0},{"damage":6.0,"enemies":"Giant Head","floor":40.0,"turns":11.0},{"damage":33,"enemies":"2 Orb Walkers","floor":42,"turns":6},{"damage":19,"enemies":"Nemesis","floor":44,"turns":10},{"damage":0,"enemies":"3 Darklings","floor":45,"turns":5},{"damage":31,"enemies":"Time Eater","floor":50,"turns":15}],"event_choices":[{"event_name":"Golden Wing","player_choice":"Card Removal","floor":3.0,"damage_taken":0.0},{"event_name":"Liars Game","player_choice":"disagreed","floor":5.0,"damage_taken":0.0},{"event_name":"Shining Light","player_choice":"Ignored","floor":11.0,"damage_taken":0.0},{"event_name":"The Library","player_choice":"Read","floor":19.0,"damage_taken":0.0},{"event_name":"Winding Halls","player_choice":"Embrace Madness","floor":37.0,"damage_taken":0.0}],"boss_relics":[],"potions_floor_spawned":[7,10,12,13,24,27,29,42,44,45],"seed_played":"-7554300769528464732","ascension_level":7,"is_trial":false}