{"path_per_floor":["M","$","?","T","M","R","M","R","T","?","R","?","M","$","R","B",null,"M","M","?","$","?","E","R","M","T","$","R","?","R","M","R","B",null,"M","M","$","M","?","R","M","R","T","E","?","M","M","M","R","B"],"character_chosen":"THE_SILENT","items_purchased":["Dash","Snake Skull","Burst","Bouncing Flask"],"gold_per_floor":[117,6,6,6,23,23,41,41,41,41,41,41,62,62,62,187,187,201,224,255,105,105,138,138,152,152,4,4,4,4,23,23,154,154,169,187,116,135,135,135,153,153,153,184,253,272,288,306,306,306],"floor_reached":51,"campfire_rested":2,"playtime":3278,"current_hp_per_floor":[57,57,45,59,57,57,57,57,57,57,57,37,37,37,37,24,81,81,77,77,77,77,68,68,56,56,56,56,56,56,52,81,69,81,81,81,81,80,80,80,80,80,80,45,33,32,32,32,71,64],"items_purged":["Pain"],"gold":306,"score":736,"play_id":"754618b2-0820-4bf8-8665-cf63e2365c4e","local_time":"20180408182813","is_prod":false,"is_daily":false,"is_ascension_mode":false,"campfire_upgraded":9,"timestamp":1523233693,"path_taken":["M","$","?","?","?","R","M","R","T","?","R","?","?","?","R","BOSS","M","M","?","$","?","E","R","?","T","$","R","?","R","?","R","BOSS","M","M","$","M","?","R","M","R","T","E","?","M","M","?","R","BOSS"],"build_version":"2018-04-04","purchased_purges":1,"victory":true,"master_deck":["Survivor","Neutralize+1","Cloak And Dagger+1","Dash+1","Deadly Poison+1","Poisoned Stab+1","Catalyst+1","Quick Slash+1","PiercingWail","Prepared","Backflip","Deadly Poison","Escape Plan","Catalyst+1","Finisher","Dodge and Roll","Prepared+1","Backflip","Burst+1","Bane+1","Leg Sweep","Bouncing Flask+1","Blur+1","Backflip+1","Deflect+1","Acrobatics+1","Outmaneuver","Backflip+1","Poisoned Stab+1"],"max_hp_per_floor":[70,70,70,84,84,84,84,84,84,81,81,81,81,81,81,81,81,81,81,81,81,81,81,81,81,81,81,81,81,81,81,81,81,81,81,81,81,81,81,81,81,81,81,81,81,81,81,81,81,81],"relics":["Calling Bell","Sundial","Dream Catcher","Matryoshka","Regal Pillow","Lantern","Mango","Orichalcum","Frozen Egg 2","Golden Idol","Pandora\u0027s Box","Red Mask","Snake Skull","Bronze Scales","Happy Flower","Sozu","Ice Cream","Whetstone","Ginger"],"card_choices":[{"not_picked":["Flying Knee","Reflex"],"picked":"Cloak And Dagger","floor":1.0},{"not_picked":["Outmaneuver","Calculated Gamble"],"picked":"Deadly Poison","floor":5.0},{"not_picked":["Reflex","Underhanded Strike"],"picked":"Poisoned Stab","floor":7.0},{"not_picked":["Venomology","Grand Finale"],"picked":"Die Die Die","floor":16.0},{"not_picked":["Slice","Dagger Spray"],"picked":"Dodge and Roll","floor":18.0},{"not_picked":["Quick Slash","Underhanded Strike"],"picked":"Prepared","floor":20.0},{"not_picked":["Flying Knee","Poisoned Stab"],"picked":"Backflip","floor":25.0},{"not_picked":["Calculated Gamble","Prepared"],"picked":"Bane","floor":32.0},{"not_picked":["Masterful Stab","Bane"],"picked":"Leg Sweep","floor":35},{"not_picked":["Accuracy","Poisoned Stab"],"picked":"Blur","floor":38},{"not_picked":["Dagger Throw","Escape Plan"],"picked":"Backflip","floor":41},{"not_picked":["Dagger Spray","Quick Slash"],"picked":"Deflect","floor":44},{"not_picked":["Quick Slash","Setup"],"picked":"Acrobatics","floor":45},{"not_picked":["Bane","Predator"],"picked":"Outmaneuver","floor":46},{"not_picked":["Masterful Stab","Backstab"],"picked":"Backflip","floor":47},{"not_picked":["Accuracy","Reflex"],"picked":"Poisoned Stab","floor":49}],"player_experience":1019916,"potions_floor_usage":[45,46,50],"damage_taken":[{"damage":13.0,"enemies":"Cultist","floor":1.0,"turns":4.0},{"damage":2.0,"enemies":"Jaw Worm","floor":5.0,"turns":5.0},{"damage":0.0,"enemies":"2 Louse","floor":7.0,"turns":3.0},{"damage":0.0,"enemies":"Exordium Wildlife","floor":13.0,"turns":4.0},{"damage":13.0,"enemies":"The Guardian","floor":16.0,"turns":11.0},{"damage":0.0,"enemies":"Chosen","floor":18.0,"turns":3.0},{"damage":4.0,"enemies":"2 Thieves","floor":19.0,"turns":3.0},{"damage":0.0,"enemies":"Masked Bandits","floor":20.0,"turns":3.0},{"damage":9.0,"enemies":"Slavers","floor":23.0,"turns":7.0},{"damage":12.0,"enemies":"Cultist and Chosen","floor":25.0,"turns":4.0},{"damage":4.0,"enemies":"Snake Plant","floor":31.0,"turns":2.0},{"damage":12.0,"enemies":"Champ","floor":33.0,"turns":8.0},{"damage":0,"enemies":"Flame Bruiser 1 Orb","floor":35,"turns":2},{"damage":0,"enemies":"3 Shapes","floor":36,"turns":2},{"damage":1,"enemies":"Spire Growth","floor":38,"turns":4},{"damage":0,"enemies":"Sphere and 2 Shapes","floor":41,"turns":4},{"damage":35,"enemies":"2 Orb Walkers","floor":44,"turns":4},{"damage":12,"enemies":"Mysterious Sphere","floor":45,"turns":5},{"damage":1,"enemies":"Flame Bruiser 2 Orb","floor":46,"turns":3},{"damage":0,"enemies":"Maw","floor":47,"turns":3},{"damage":0,"enemies":"4 Shapes","floor":48,"turns":5},{"damage":16,"enemies":"Awakened One","floor":50,"turns":12}],"event_choices":[{"event_name":"Scrap Ooze","player_choice":"success","floor":3.0,"damage_taken":12.0},{"event_name":"Fountain of Cleansing","player_choice":"Removed Curse","floor":10.0,"damage_taken":0.0},{"event_name":"Golden Idol","player_choice":"Take Damage","floor":12.0,"damage_taken":0.0},{"event_name":"Beggar","player_choice":"Ignored","floor":22.0,"damage_taken":0.0},{"event_name":"Back to Basics","player_choice":"Elegance","floor":29.0,"damage_taken":0.0},{"event_name":"Mysterious Sphere","player_choice":"Fight","floor":45,"damage_taken":0}],"boss_relics":[{"not_picked":["Philosopher\u0027s Stone","Lizard Tail"],"picked":"Sozu"}],"potions_floor_spawned":[5,7,18,19,23,31,38,41,45,48],"seed_played":"5348945990523903460","ascension_level":0,"is_trial":false}