{"gold_per_floor":[114,132,147,147,167,167,194,94,94,124,136,136,151,171,171,171],"floor_reached":16,"playtime":746,"items_purged":["Strike_R"],"score":120,"play_id":"36e7950b-b438-4ce8-8cd7-5c1102aacd00","local_time":"20190513233842","is_ascension_mode":true,"campfire_choices":[{"data":"Searing Blow","floor":6,"key":"SMITH"},{"floor":12,"key":"REST"},{"floor":15,"key":"REST"}],"neow_cost":"NONE","seed_source_timestamp":124738269112560,"circlet_count":0,"master_deck":["Strike_R","Strike_R","Strike_R","Defend_R+1","Defend_R","Defend_R","Defend_R","Bash","Battle Trance","Searing Blow+1","Cleave","Pommel Strike","Offering","Warcry+1","True Grit","Clothesline","Sword Boomerang"],"relics":["Burning Blood","Smiling Mask","War Paint","Mummified Hand"],"potions_floor_usage":[16],"damage_taken":[{"damage":11,"enemies":"Jaw Worm","floor":1,"turns":4},{"damage":5,"enemies":"Cultist","floor":2,"turns":4},{"damage":7,"enemies":"2 Louse","floor":3,"turns":4},{"damage":11,"enemies":"2 Fungi Beasts","floor":5,"turns":3},{"damage":28,"enemies":"3 Sentries","floor":7,"turns":9},{"damage":47,"enemies":"Lagavulin","floor":10,"turns":6},{"damage":5,"enemies":"3 Louse","floor":11,"turns":3},{"damage":6,"enemies":"Blue Slaver","floor":13,"turns":3},{"damage":12,"enemies":"Large Slime","floor":14,"turns":6},{"damage":67,"enemies":"Hexaghost","floor":16,"turns":10}],"seed_played":"-2501028430919025023","potions_obtained":[{"floor":2,"key":"Swift Potion"},{"floor":3,"key":"SteroidPotion"},{"floor":7,"key":"Fire Potion"}],"is_trial":false,"path_per_floor":["M","M","M","?","M","R","E","$","T","E","M","R","M","M","R","B"],"character_chosen":"IRONCLAD","items_purchased":["Warcry"],"campfire_rested":2,"item_purchase_floors":[8],"current_hp_per_floor":[83,84,83,83,78,78,56,56,56,15,16,42,42,36,62,0],"gold":171,"neow_bonus":"TEN_PERCENT_HP_BONUS","is_prod":false,"is_daily":false,"chose_seed":false,"campfire_upgraded":1,"win_rate":0,"timestamp":1557805122,"path_taken":["M","M","M","?","M","R","E","$","T","E","M","R","?","M","R","BOSS"],"build_version":"2019-01-23","purchased_purges":1,"victory":false,"max_hp_per_floor":[88,88,88,88,88,88,88,88,88,88,88,88,88,88,88,88],"card_choices":[{"not_picked":["Thunderclap","Twin Strike"],"picked":"Battle Trance","floor":1},{"not_picked":["Pommel Strike","Metallicize"],"picked":"Searing Blow","floor":2},{"not_picked":["Bloodletting","Havoc"],"picked":"Cleave","floor":3},{"not_picked":["Body Slam","Searing Blow"],"picked":"Pommel Strike","floor":5},{"not_picked":["Clothesline","Carnage"],"picked":"Offering","floor":7},{"not_picked":["Sentinel","Double Tap","Pommel Strike"],"picked":"SKIP","floor":10},{"not_picked":["Sentinel","Metallicize"],"picked":"True Grit","floor":11},{"not_picked":["Anger","Clash"],"picked":"Clothesline","floor":13},{"not_picked":["Thunderclap","Brutality"],"picked":"Sword Boomerang","floor":14}],"player_experience":54672,"relics_obtained":[{"floor":7,"key":"Smiling Mask"},{"floor":9,"key":"War Paint"},{"floor":10,"key":"Mummified Hand"}],"event_choices":[{"cards_removed":["Strike_R"],"damage_healed":0,"gold_gain":0,"player_choice":"Offered Basic","damage_taken":0,"max_hp_gain":0,"max_hp_loss":0,"event_name":"Bonfire Elementals","floor":4,"gold_loss":0}],"is_beta":false,"boss_relics":[],"items_purged_floors":[8],"is_endless":false,"potions_floor_spawned":[2,3,7,13,14],"killed_by":"Hexaghost","ascension_level":1}