{"path_per_floor":["M","M","?","$","M","E","R","M","T","E","R","?","M","?","R","B",null,"M","M","?","M","M","R"],"character_chosen":"DEFECT","items_purchased":["Loop","Amplify","Sweeping Beam"],"gold_per_floor":[115,134,309,7,19,51,51,65,90,124,124,124,94,94,94,220,220,235,254,254,279,303,303,303],"floor_reached":24,"campfire_rested":3,"playtime":2324,"item_purchase_floors":[4,4,4],"current_hp_per_floor":[69,69,69,69,69,51,51,51,58,30,54,54,54,21,45,10,82,70,50,50,44,22,46,0],"items_purged":["Doubt"],"gold":303,"score":206,"play_id":"40685c78-74c2-4abe-bcc2-76916b6e7dba","local_time":"20180531213118","is_prod":false,"is_daily":false,"chose_seed":false,"is_ascension_mode":false,"campfire_upgraded":1,"win_rate":0.0,"timestamp":1527816678,"campfire_choices":[{"data":"Storm","floor":7,"key":"SMITH"},{"floor":11,"key":"REST"},{"floor":15,"key":"REST"},{"floor":23,"key":"REST"}],"path_taken":["M","M","?","$","?","E","R","M","T","E","R","?","M","?","R","BOSS","M","M","?","M","M","R","E"],"build_version":"2018-05-31","seed_source_timestamp":198874759349138,"purchased_purges":1,"victory":false,"master_deck":["Strike_B","Strike_B","Strike_B","Strike_B","Defend_B","Defend_B","Defend_B+1","Defend_B","Zap","Dualcast+1","Coolheaded","Storm+1","Loop","Amplify","Sweeping Beam","Melter","Darkness","Genetic Algorithm","Fission","Stack","Injury","Tempest","Lockon","All For One","Self Repair","Capacitor","Heatsinks","Ball Lightning+1","Gash","Compile Driver"],"max_hp_per_floor":[75,75,75,75,75,75,75,75,82,82,82,82,82,82,82,82,82,82,82,82,82,82,82,82],"relics":["Cracked Core","War Paint","Strawberry","Dream Catcher","Golden Idol","Orichalcum","Nuclear Battery"],"card_choices":[{"not_picked":["Redo","Rip and Tear"],"picked":"Coolheaded","floor":1},{"not_picked":["Beam Cell","Rip and Tear"],"picked":"Storm","floor":2},{"not_picked":["Double Energy","Barrage"],"picked":"Melter","floor":5},{"not_picked":["Steam Power","Ball Lightning"],"picked":"Darkness","floor":6},{"not_picked":["Fusion","Steam"],"picked":"Genetic Algorithm","floor":8},{"not_picked":["Storm","Ball Lightning"],"picked":"Fission","floor":10},{"not_picked":["Chaos","Hologram"],"picked":"Stack","floor":11},{"not_picked":["Cold Snap","Scrape"],"picked":"Tempest","floor":13},{"not_picked":["Doom and Gloom","Go for the Eyes"],"picked":"Lockon","floor":15},{"not_picked":["Thunder Strike","Seek"],"picked":"All For One","floor":16},{"not_picked":["Darkness","Melter"],"picked":"Self Repair","floor":18},{"not_picked":["Coolheaded","Self Repair+1"],"picked":"Capacitor","floor":19},{"not_picked":["Coolheaded","Capacitor"],"picked":"Ball Lightning+1","floor":21},{"not_picked":["Cold Snap","Ball Lightning+1"],"picked":"Gash","floor":22},{"not_picked":["Coolheaded","Gash"],"picked":"Compile Driver","floor":23}],"player_experience":732864,"potions_floor_usage":[6,16,24],"damage_taken":[{"damage":6,"enemies":"Jaw Worm","floor":1,"turns":3},{"damage":0,"enemies":"2 Louse","floor":2,"turns":3},{"damage":0,"enemies":"Cultist","floor":5,"turns":3},{"damage":18,"enemies":"Gremlin Nob","floor":6,"turns":4},{"damage":0,"enemies":"Large Slime","floor":8,"turns":3},{"damage":28,"enemies":"Lagavulin","floor":10,"turns":4},{"damage":0,"enemies":"Looter","floor":13,"turns":4},{"damage":35,"enemies":"The Guardian","floor":16,"turns":15},{"damage":12,"enemies":"Spheric Guardian","floor":18,"turns":4},{"damage":27,"enemies":"Shell Parasite","floor":19,"turns":8},{"damage":13,"enemies":"Snake Plant","floor":21,"turns":3},{"damage":29,"enemies":"Slaver and Parasite","floor":22,"turns":6},{"damage":46,"enemies":"Book of Stabbing","floor":24,"turns":5}],"relics_obtained":[{"floor":6,"key":"War Paint"},{"floor":9,"key":"Strawberry"},{"floor":10,"key":"Dream Catcher"}],"event_choices":[{"event_name":"Liars Game","player_choice":"agreed","floor":3,"damage_taken":0},{"event_name":"Golden Idol","player_choice":"Take Wound","floor":12,"damage_taken":0},{"event_name":"Scrap Ooze","player_choice":"success","floor":14,"damage_taken":33},{"event_name":"The Library","player_choice":"Read","floor":20,"damage_taken":0}],"boss_relics":[{"not_picked":["Runic Pyramid","Calling Bell"],"picked":"Nuclear Battery"}],"items_purged_floors":[4],"potions_floor_spawned":[2,10,21],"seed_played":"7616665304023870615","killed_by":"Book of Stabbing","ascension_level":0,"potions_obtained":[{"floor":2,"key":"AttackPotion"},{"floor":10,"key":"EssenceOfSteel"},{"floor":21,"key":"Explosive Potion"}],"is_trial":false}