{"path_per_floor":["M","M","M","M","M","R","M","R","T","$","M","$","M","M","R","B",null,"M","$","?","T","M","R","M","$","T","M","M","M","R","M","R"],"character_chosen":"THE_SILENT","items_purchased":["Happy Flower","Choke"],"gold_per_floor":[112,123,143,154,164,164,177,177,177,34,45,45,56,74,74,152,152,171,98,98,98,113,113,125,125,175,188,207,222,222,232,232],"floor_reached":33,"campfire_rested":2,"playtime":2792,"current_hp_per_floor":[53,53,53,19,14,32,32,32,32,32,31,31,30,23,23,11,50,41,41,41,41,41,41,36,36,43,43,42,34,34,34,55],"items_purged":[],"gold":232,"score":432,"play_id":"0bbc18a0-3ef9-4239-a901-1fd4fc7258e1","local_time":"20180309075928","is_prod":false,"is_daily":false,"is_ascension_mode":true,"campfire_upgraded":4,"timestamp":1520607568,"path_taken":["M","M","M","M","M","R","M","R","T","$","M","?","M","?","R","BOSS","M","$","?","?","M","R","M","$","T","M","M","M","R","M","R","BOSS"],"build_version":"2018-03-01-PROD1","purchased_purges":1,"victory":false,"master_deck":["Defend_G","Defend_G","Defend_G","Defend_G","Defend_G","Strike_G","Strike_G","Strike_G","Strike_G","Strike_G","Survivor","Neutralize+1","Sucker Punch","Malaise+1","Dagger Throw","Dagger Spray+1","Quick Slash","Backflip+1","Escape Plan","Choke","Writhe","Blur","Dagger Throw","Quick Slash","Choke"],"max_hp_per_floor":[63,63,63,63,63,63,63,63,63,63,63,63,63,63,63,63,63,63,63,63,63,63,63,63,63,70,70,70,70,70,70,70],"relics":["Ring of the Snake","Torii","Happy Flower","Snecko Eye","Vajra","Thread and Needle","Strawberry"],"card_choices":[{"not_picked":["Eviscerate","Bane"],"picked":"Sucker Punch"},{"not_picked":["Dagger Spray","Quick Slash"],"picked":"Malaise"},{"not_picked":["Acrobatics","Deflect"],"picked":"Dagger Throw"},{"not_picked":["Deflect","Finisher"],"picked":"Dagger Spray"},{"not_picked":["Choke","Dodge and Roll"],"picked":"Quick Slash"},{"not_picked":["Burst","All Out Attack"],"picked":"Backflip"},{"not_picked":["Bane","Bouncing Flask"],"picked":"Escape Plan"},{"not_picked":["Finisher","Deadly Poison"],"picked":"Blur"},{"not_picked":["Deadly Poison","Prepared"],"picked":"Dagger Throw"},{"not_picked":["Concentrate","Escape Plan"],"picked":"Quick Slash"},{"not_picked":["Deadly Poison","Slice"],"picked":"Choke"}],"player_experience":528589,"potions_floor_usage":[16,16,24,27,28,33,33],"damage_taken":[{"damage":6,"enemies":"Cultist","floor":1,"turns":5},{"damage":0,"enemies":"Small Slimes","floor":2,"turns":5},{"damage":0,"enemies":"2 Louse","floor":3,"turns":4},{"damage":34,"enemies":"Lots of Slimes","floor":4,"turns":6},{"damage":5,"enemies":"Exordium Wildlife","floor":5,"turns":4},{"damage":0,"enemies":"2 Fungi Beasts","floor":7,"turns":4},{"damage":1,"enemies":"Blue Slaver","floor":11,"turns":4},{"damage":1,"enemies":"Large Slime","floor":13,"turns":6},{"damage":7,"enemies":"Gremlin Gang","floor":14,"turns":3},{"damage":12,"enemies":"Hexaghost","floor":16,"turns":16},{"damage":9,"enemies":"2 Thieves","floor":18,"turns":4},{"damage":0,"enemies":"Chosen","floor":22,"turns":3},{"damage":5,"enemies":"Snake Plant","floor":24,"turns":5},{"damage":0,"enemies":"Centurion and Healer","floor":27,"turns":9},{"damage":1,"enemies":"Cultist and Chosen","floor":28,"turns":9},{"damage":8,"enemies":"Snake Plant","floor":29,"turns":6},{"damage":0,"enemies":"3 Cultists","floor":31,"turns":5},{"damage":100,"enemies":"Automaton","floor":33,"turns":12}],"event_choices":[{"event_name":"The Mausoleum","player_choice":"Yes","floor":20,"damage_taken":0}],"boss_relics":[{"not_picked":["Question Card","Calling Bell"],"picked":"Snecko Eye"}],"potions_floor_spawned":[1,5,11,14,16,18,27,31],"seed_played":"-1052546139034759951","killed_by":"Automaton","ascension_level":15,"is_trial":false}