{"gold_per_floor":[116,116,116,134,153,183,183,215,238,251,251,271,271,289,289,389,389,401,401,412,50,64,64],"floor_reached":23,"playtime":2426,"items_purged":[],"score":228,"play_id":"b1bf1919-5616-45d2-85b9-f14ae6a8dc42","local_time":"20181125185733","is_ascension_mode":false,"campfire_choices":[{"floor":13,"key":"REST"},{"data":"Feed","floor":15,"key":"SMITH"}],"neow_cost":"NONE","seed_source_timestamp":33499507739434,"circlet_count":0,"master_deck":["Strike_R","Strike_R","Strike_R","Strike_R","Strike_R","Defend_R","Defend_R","Defend_R","Defend_R","Bash","Feed+1","Armaments+1","Ghostly Armor","Perfected Strike+1","Fire Breathing","Clash","Clothesline","Flame Barrier+1","Metallicize+1","Berserk+1","Shrug It Off","Body Slam","Sever Soul","Double Tap"],"relics":["Burning Blood","Ancient Tea Set","Orichalcum","Happy Flower","Astrolabe","Charon\u0027s Ashes"],"potions_floor_usage":[8,23,23,23],"damage_taken":[{"damage":7,"enemies":"2 Louse","floor":1,"turns":3},{"damage":6,"enemies":"Jaw Worm","floor":4,"turns":5},{"damage":15,"enemies":"Cultist","floor":5,"turns":7},{"damage":43,"enemies":"Gremlin Nob","floor":6,"turns":5},{"damage":19,"enemies":"Lagavulin","floor":8,"turns":8},{"damage":9,"enemies":"Large Slime","floor":10,"turns":8},{"damage":0,"enemies":"2 Fungi Beasts","floor":12,"turns":2},{"damage":6,"enemies":"Lots of Slimes","floor":14,"turns":4},{"damage":44,"enemies":"The Guardian","floor":16,"turns":12},{"damage":24,"enemies":"Spheric Guardian","floor":18,"turns":6},{"damage":0,"enemies":"Chosen","floor":20,"turns":5},{"damage":26,"enemies":"Snake Plant","floor":22,"turns":4},{"damage":74,"enemies":"Gremlin Leader","floor":23,"turns":9}],"seed_played":"-5072834721101651805","potions_obtained":[{"floor":4,"key":"Ancient Potion"},{"floor":5,"key":"AttackPotion"},{"floor":6,"key":"AttackPotion"},{"floor":10,"key":"SneckoOil"},{"floor":18,"key":"EntropicBrew"}],"is_trial":false,"path_per_floor":["M","?","?","M","M","E","?","E","T","M","?","M","R","M","R","B",null,"M","?","M","$","M","E"],"character_chosen":"IRONCLAD","items_purchased":["Charon\u0027s Ashes","Sever Soul"],"campfire_rested":1,"item_purchase_floors":[21,21],"current_hp_per_floor":[82,82,87,91,85,51,51,38,38,38,38,44,74,78,78,40,105,87,87,93,93,73,0],"gold":64,"neow_bonus":"ONE_RANDOM_RARE_CARD","is_prod":false,"is_daily":false,"chose_seed":false,"campfire_upgraded":1,"win_rate":0.0,"timestamp":1543193853,"path_taken":["M","?","?","M","M","E","?","E","T","?","?","M","R","M","R","BOSS","M","?","M","$","M","E"],"build_version":"2018-11-15","purchased_purges":0,"victory":false,"max_hp_per_floor":[83,83,88,92,95,98,98,98,98,101,101,101,101,105,105,105,105,105,105,105,105,105,105],"card_choices":[{"not_picked":["Clash","Iron Wave"],"picked":"Armaments","floor":1},{"not_picked":["Body Slam","Sword Boomerang"],"picked":"Ghostly Armor","floor":4},{"not_picked":["Inflame","Clash"],"picked":"Perfected Strike","floor":5},{"not_picked":["Sword Boomerang","Berserk"],"picked":"Impervious","floor":6},{"not_picked":["Armaments","Hemokinesis"],"picked":"Headbutt","floor":8},{"not_picked":["Ghostly Armor","Combust"],"picked":"Fire Breathing","floor":10},{"not_picked":["Shockwave","Pummel"],"picked":"Clash","floor":12},{"not_picked":["Iron Wave","Cleave"],"picked":"Clothesline","floor":14},{"not_picked":["Dark Embrace","Reaper"],"picked":"Limit Break","floor":16},{"not_picked":["Twin Strike","Intimidate"],"picked":"Shrug It Off","floor":18},{"not_picked":["Rupture","Warcry+1"],"picked":"Body Slam","floor":20},{"not_picked":["Cleave","Shrug It Off+1"],"picked":"Double Tap","floor":22}],"player_experience":18297,"relics_obtained":[{"floor":6,"key":"Ancient Tea Set"},{"floor":8,"key":"Orichalcum"},{"floor":9,"key":"Happy Flower"}],"event_choices":[{"damage_healed":0,"gold_gain":0,"player_choice":"Leave","damage_taken":0,"max_hp_gain":0,"max_hp_loss":0,"event_name":"The Cleric","floor":2,"gold_loss":0},{"damage_healed":0,"gold_gain":0,"player_choice":"Donut","damage_taken":0,"max_hp_gain":5,"max_hp_loss":0,"event_name":"Big Fish","floor":3,"gold_loss":0},{"damage_healed":0,"gold_gain":0,"player_choice":"Upgraded","damage_taken":0,"max_hp_gain":0,"max_hp_loss":0,"event_name":"Upgrade Shrine","floor":7,"gold_loss":0,"cards_upgraded":["Armaments"]},{"damage_healed":0,"gold_gain":0,"player_choice":"Grow","damage_taken":0,"max_hp_gain":0,"max_hp_loss":0,"event_name":"Living Wall","floor":11,"gold_loss":0,"cards_upgraded":["Perfected Strike"]},{"damage_healed":0,"gold_gain":0,"player_choice":"Ignored","damage_taken":0,"max_hp_gain":0,"max_hp_loss":0,"event_name":"The Mausoleum","floor":19,"gold_loss":0}],"is_beta":false,"boss_relics":[{"not_picked":["Busted Crown","Coffee Dripper"],"picked":"Astrolabe"}],"items_purged_floors":[],"is_endless":false,"potions_floor_spawned":[4,5,6,10,12,18,22],"killed_by":"Gremlin Leader","ascension_level":0}