{"path_per_floor":["M","M","?","?","M","R","M","R","T","R","M","E","M","$","R","B",null,"M","M","$","?","M","R","?","E","T","E","$","M","R","M","R","B",null,"M","?","B"],"character_chosen":"THE_SILENT","items_purchased":["Cloak And Dagger","Catalyst"],"gold_per_floor":[10,26,26,26,44,44,56,56,79,79,94,127,146,24,24,127,127,140,159,87,87,100,100,100,130,156,186,86,103,103,118,118,213,213,225,225,225],"floor_reached":38,"campfire_rested":0,"playtime":3133,"current_hp_per_floor":[70,66,66,66,66,66,64,64,64,64,60,70,70,70,70,70,70,64,61,61,61,66,66,66,66,66,64,64,63,63,59,59,61,74,70,70,62],"items_purged":["Strike_G","Skewer"],"gold":225,"score":765,"play_id":"194bf590-ef1e-4660-bef7-2d4beb7b7f24","local_time":"20180402183540","is_prod":false,"is_daily":false,"is_ascension_mode":false,"campfire_upgraded":7,"timestamp":1522715740,"path_taken":["M","M","?","?","M","R","M","R","T","R","?","E","M","?","R","BOSS","M","M","$","?","?","R","?","E","T","E","?","?","R","M","R","BOSS","M","?","BOSS"],"build_version":"2018-03-29","purchased_purges":2,"victory":true,"master_deck":["Survivor","Neutralize+1","Footwork+1","Venomology+1","Backflip","Finisher+1","Flying Knee","Deflect","Poisoned Stab","Cloak And Dagger+1","After Image","Calculated Gamble","Backflip","Backflip","Skewer","Noxious Fumes+1","Dagger Throw","Poisoned Stab+1","Footwork+1","Catalyst+1","Outmaneuver+1","Terror+1","Phantasmal Killer","Backflip+1"],"max_hp_per_floor":[70,70,70,70,70,70,70,70,70,70,70,70,70,70,70,70,70,70,70,70,70,70,70,70,70,70,72,72,72,72,74,74,74,74,74,74,74],"relics":["Ring of the Snake","Du-Vu Doll","Snake Skull","Bag of Preparation","Pandora\u0027s Box","Blood Vial","Happy Flower","Singing Bowl","Runic Pyramid"],"card_choices":[{"not_picked":["Well Laid Plans","Choke"],"picked":"Footwork","floor":2.0},{"not_picked":["Masterful Stab","Acrobatics"],"picked":"Backflip","floor":5.0},{"not_picked":["Backflip","Calculated Gamble"],"picked":"Finisher","floor":7},{"not_picked":["Distraction","Quick Slash"],"picked":"Flying Knee","floor":11},{"not_picked":["Riddle With Holes","Dagger Spray"],"picked":"Deflect","floor":12},{"not_picked":["Calculated Gamble","Dagger Spray"],"picked":"Poisoned Stab","floor":13},{"not_picked":["Storm of Steel","Bullet Time"],"picked":"After Image","floor":16},{"not_picked":["Bane","Backflip"],"picked":"Poisoned Stab","floor":18},{"not_picked":["Dodge and Roll","Eviscerate"],"picked":"Footwork","floor":19},{"not_picked":["Prepared","Acrobatics"],"picked":"Outmaneuver","floor":22},{"not_picked":["Predator","PiercingWail"],"picked":"Terror","floor":29},{"not_picked":["Unload","Grand Finale"],"picked":"Phantasmal Killer","floor":33},{"not_picked":["PiercingWail","Calculated Gamble"],"picked":"Backflip","floor":35}],"player_experience":975536,"potions_floor_usage":[7,11,12,12,12,16,16,18,19,22,25,25,27,29,29,31,35,35,37,37,37],"damage_taken":[{"damage":0.0,"enemies":"2 Louse","floor":1.0,"turns":2.0},{"damage":4.0,"enemies":"Cultist","floor":2.0,"turns":6.0},{"damage":0.0,"enemies":"Jaw Worm","floor":5.0,"turns":6.0},{"damage":2,"enemies":"Looter","floor":7,"turns":4},{"damage":4,"enemies":"Gremlin Gang","floor":11,"turns":4},{"damage":0,"enemies":"3 Sentries","floor":12,"turns":6},{"damage":0,"enemies":"Exordium Wildlife","floor":13,"turns":3},{"damage":0,"enemies":"The Guardian","floor":16,"turns":13},{"damage":6,"enemies":"Chosen","floor":18,"turns":5},{"damage":3,"enemies":"Shell Parasite","floor":19,"turns":4},{"damage":10,"enemies":"Centurion and Healer","floor":22,"turns":6},{"damage":0,"enemies":"Gremlin Leader","floor":25,"turns":6},{"damage":18,"enemies":"Slavers","floor":27,"turns":6},{"damage":3,"enemies":"Cultist and Chosen","floor":29,"turns":6},{"damage":8,"enemies":"Snake Plant","floor":31,"turns":4},{"damage":0,"enemies":"Automaton","floor":33,"turns":8},{"damage":4,"enemies":"3 Darklings","floor":35,"turns":5},{"damage":10,"enemies":"Time Eater","floor":37,"turns":8}],"event_choices":[{"event_name":"Transmorgrifier","player_choice":"Transform","floor":3.0,"damage_taken":0.0},{"event_name":"Upgrade Shrine","player_choice":"Upgraded","floor":4.0,"damage_taken":0.0},{"event_name":"Purifier","player_choice":"One Purge","floor":21,"damage_taken":0},{"event_name":"Vampires","player_choice":"Ignored","floor":24,"damage_taken":0},{"event_name":"SecretPortal","player_choice":"Took Portal.","floor":36,"damage_taken":0}],"boss_relics":[{"not_picked":["Black Star","Sozu"],"picked":"Pandora\u0027s Box"},{"not_picked":["Calling Bell","White Beast Statue"],"picked":"Runic Pyramid"}],"potions_floor_spawned":[1,2,11,13,18,19,22,27,33,35],"seed_played":"537372127661715045","ascension_level":0,"is_trial":false}