{"path_per_floor":["M","?","$","M","?","R","E","$","T","E","R","T","?","M","R","B",null,"M","?","M","?","M","R","E","$","T","R","?","M","?","M","R","B",null,"M","M","$","M","?","R","E","R","T","R","M","M","E","T","R","B"],"character_chosen":"THE_SILENT","items_purchased":["Footwork","Backflip","Caltrops","Lantern"],"gold_per_floor":[118,293,96,114,114,114,147,47,122,149,149,173,203,221,221,323,323,278,278,278,278,278,278,278,278,278,278,278,278,278,278,278,278,278,278,278,52,52,0,0,0,0,0,0,0,0,0,0,0,0],"floor_reached":51,"campfire_rested":2,"playtime":5798,"current_hp_per_floor":[63,63,63,63,56,56,56,56,56,50,50,50,50,50,50,41,61,49,49,49,46,38,38,29,29,29,42,26,34,34,41,41,21,45,42,33,33,36,36,36,27,42,42,42,47,51,51,51,51,51],"items_purged":["Doubt","Parasite"],"gold":0,"score":935,"play_id":"acb5cb9b-8d3b-4335-9daf-99649504401c","is_prod":false,"is_daily":false,"is_ascension_mode":true,"campfire_upgraded":8,"path_taken":["M","?","$","M","?","R","E","?","T","E","R","?","?","M","R","BOSS","M","?","M","?","M","R","E","$","T","R","?","M","?","M","R","BOSS","M","M","$","M","?","R","E","R","T","R","M","M","E","?","R","BOSS"],"build_version":"2018-02-08-PROD1","purchased_purges":4,"victory":true,"master_deck":["Defend_G","Defend_G","Defend_G","Defend_G","Defend_G","Survivor","Neutralize+1","Well Laid Plans+1","Footwork+1","Backflip+1","Dagger Throw","Predator","Venomology+1","Infinite Blades+1","Terror+1","Backstab+1","Bite+1","Bite","Bite","Bite","Bite","Slice","Footwork+1","After Image+1","Envenom","Expertise+1","Quick Slash","Caltrops+1","Dagger Throw","Backflip+1","Leg Sweep+1","Escape Plan+1"],"max_hp_per_floor":[70,70,70,70,70,70,70,67,67,67,67,67,67,67,67,67,67,67,67,67,46,46,46,46,46,46,46,46,46,46,46,46,46,51,51,51,51,51,51,51,51,51,51,51,51,51,51,51,51,51],"relics":["Ring of the Snake","NeowsBlessing","Whetstone","Tiny Chest","Juzu Bracelet","Ancient Tea Set","Ectoplasm","Mummified Hand","War Paint","Nilry\u0027s Codex","Tiny House","Lantern","Red Mask","Prayer Wheel","Bag of Marbles","Bottled Flame","Bag of Preparation"],"card_choices":[{"not_picked":["Poisoned Stab","PiercingWail"],"picked":"Well Laid Plans"},{"not_picked":["Backstab","Calculated Gamble"],"picked":"Dagger Throw"},{"not_picked":["Poisoned Stab","Masterful Stab"],"picked":"Predator"},{"not_picked":["Storm of Steel","Envenom"],"picked":"Venomology"},{"not_picked":["Cloak And Dagger","Finisher"],"picked":"Infinite Blades"},{"not_picked":["PiercingWail","Setup"],"picked":"Backstab"},{"not_picked":["Choke","Outmaneuver"],"picked":"Slice"},{"not_picked":["Cloak And Dagger","Deflect"],"picked":"Footwork"},{"not_picked":["Quick Slash","Cloak And Dagger"],"picked":"After Image"},{"not_picked":["Die Die Die","Unload"],"picked":"Envenom"},{"not_picked":["Flechettes","Heel Hook"],"picked":"Expertise"},{"not_picked":["Backstab","Skewer"],"picked":"Quick Slash"},{"not_picked":["Flying Knee","Underhanded Strike"],"picked":"Dagger Throw"},{"not_picked":["Accuracy","Doppelganger"],"picked":"Backflip"},{"not_picked":["Expertise","Sucker Punch"],"picked":"Leg Sweep"},{"not_picked":["PiercingWail","Deadly Poison"],"picked":"Escape Plan"}],"player_experience":244084,"potions_floor_usage":[18,18,22,24,24,31,31,33,33,33,33,35,36,36,41,45,46,47,50,50,50,50],"damage_taken":[{"damage":0.0,"enemies":"Cultist","floor":1.0,"turns":1.0},{"damage":0.0,"enemies":"Jaw Worm","floor":4.0,"turns":1.0},{"damage":0.0,"enemies":"Lagavulin","floor":7.0,"turns":1.0},{"damage":6.0,"enemies":"3 Sentries","floor":10.0,"turns":9.0},{"damage":0.0,"enemies":"2 Louse","floor":14.0,"turns":3.0},{"damage":9,"enemies":"Slime Boss","floor":16,"turns":12},{"damage":12,"enemies":"2 Thieves","floor":18,"turns":3},{"damage":0,"enemies":"Chosen","floor":20,"turns":4},{"damage":20,"enemies":"Sentry and Sphere","floor":22,"turns":7},{"damage":21,"enemies":"Slavers","floor":24,"turns":6},{"damage":0,"enemies":"Snecko","floor":29,"turns":4},{"damage":7,"enemies":"Cultist and Chosen","floor":31,"turns":7},{"damage":40,"enemies":"Champ","floor":33,"turns":13},{"damage":16,"enemies":"3 Shapes","floor":35,"turns":7},{"damage":22,"enemies":"3 Darklings","floor":36,"turns":5},{"damage":12,"enemies":"4 Shapes","floor":38,"turns":6},{"damage":24,"enemies":"Nemesis","floor":41,"turns":7},{"damage":4,"enemies":"Sphere and 2 Shapes","floor":45,"turns":4},{"damage":0,"enemies":"Maw","floor":46,"turns":6},{"damage":1,"enemies":"Giant Head","floor":47,"turns":9},{"damage":0,"enemies":"Donu and Deca","floor":50,"turns":8}],"event_choices":[{"event_name":"Liars Game","player_choice":"agreed","floor":2.0,"damage_taken":0.0},{"event_name":"Golden Wing","player_choice":"Card Removal","floor":5.0,"damage_taken":0.0},{"event_name":"Dead Adventurer","player_choice":"Searched \u00272\u0027 times","floor":13.0,"damage_taken":0.0},{"event_name":"The Library","player_choice":"Read","floor":19,"damage_taken":0},{"event_name":"Vampires","player_choice":"Became a vampire","floor":21,"damage_taken":0},{"event_name":"Cursed Tome","player_choice":"Obtained Book","floor":28,"damage_taken":0},{"event_name":"Drug Dealer","player_choice":"Ignored","floor":30,"damage_taken":0},{"event_name":"Tomb of Lord Red Mask","player_choice":"Paid","floor":39,"damage_taken":0}],"boss_relics":[{"not_picked":["Runic Dome","White Beast Statue"],"picked":"Ectoplasm"},{"not_picked":["Calling Bell","Astrolabe"],"picked":"Tiny House"}],"potions_floor_spawned":[7,16,18,29,31,35,38,41],"seed_played":"-7965820000709449205","ascension_level":10,"is_trial":false}