{"gold_per_floor":[111,127,143,157,176,176,204,204,274,290,93,154,174,202,202,302,302,320,355,370,83,83,83,83],"floor_reached":24,"playtime":972,"items_purged":[],"score":208,"play_id":"02fc55ec-0081-49d6-8122-847def231a61","local_time":"20190513000053","is_ascension_mode":false,"campfire_choices":[{"floor":6,"key":"REST"},{"floor":8,"key":"REST"},{"floor":15,"key":"REST"},{"floor":23,"key":"REST"}],"neow_cost":"PERCENT_DAMAGE","seed_source_timestamp":39443025327729,"circlet_count":0,"master_deck":["Strike_B","Strike_B","Defend_B","Defend_B","Defend_B","Defend_B","Zap","Dualcast","Reboot","Storm","Force Field","Go for the Eyes","Ball Lightning","Doom and Gloom","Coolheaded","Darkness","Chaos","White Noise","Fission","Go for the Eyes","Glacier+1","Decay"],"relics":["Cracked Core","Ancient Tea Set","Bottled Flame","Toolbox","Gambling Chip","Nuclear Battery","Red Mask","Torii"],"potions_floor_usage":[],"damage_taken":[{"damage":0,"enemies":"Cultist","floor":1,"turns":4},{"damage":8,"enemies":"Jaw Worm","floor":2,"turns":6},{"damage":0,"enemies":"Small Slimes","floor":3,"turns":4},{"damage":7,"enemies":"Blue Slaver","floor":4,"turns":6},{"damage":10,"enemies":"Looter","floor":5,"turns":4},{"damage":19,"enemies":"Lagavulin","floor":7,"turns":7},{"damage":6,"enemies":"3 Louse","floor":10,"turns":5},{"damage":13,"enemies":"Red Slaver","floor":13,"turns":2},{"damage":32,"enemies":"3 Sentries","floor":14,"turns":6},{"damage":3,"enemies":"Slime Boss","floor":16,"turns":12},{"damage":12,"enemies":"Shell Parasite","floor":18,"turns":8},{"damage":37,"enemies":"Masked Bandits","floor":19,"turns":5},{"damage":22,"enemies":"Chosen","floor":20,"turns":5},{"damage":26,"enemies":"Shelled Parasite and Fungi","floor":24,"turns":4}],"seed_played":"6591127038361346589","potions_obtained":[{"floor":2,"key":"Poison Potion"},{"floor":4,"key":"Ancient Potion"},{"floor":5,"key":"Strength Potion"}],"is_trial":false,"path_per_floor":["M","M","M","M","M","R","E","R","T","M","$","?","M","E","R","B",null,"M","?","M","$","?","R","M"],"character_chosen":"DEFECT","items_purchased":["Toolbox","Torii"],"campfire_rested":4,"item_purchase_floors":[11,21],"current_hp_per_floor":[54,46,46,39,29,51,32,54,54,48,48,48,35,3,25,22,75,63,26,4,4,4,26,0],"gold":83,"neow_bonus":"TRANSFORM_TWO_CARDS","is_prod":false,"is_daily":false,"chose_seed":false,"campfire_upgraded":0,"win_rate":0.0,"timestamp":1557720053,"path_taken":["M","M","M","M","M","R","E","R","T","?","$","?","M","E","R","BOSS","M","?","M","$","?","R","M"],"build_version":"2019-01-23","purchased_purges":0,"victory":false,"max_hp_per_floor":[75,75,75,75,75,75,75,75,75,75,75,75,75,75,75,75,75,75,75,75,75,75,75,75],"card_choices":[{"not_picked":["Rebound","Stack"],"picked":"Force Field","floor":1},{"not_picked":["Leap","Sweeping Beam"],"picked":"Go for the Eyes","floor":2},{"not_picked":["Blizzard","Recycle"],"picked":"Ball Lightning","floor":3},{"not_picked":["Turbo","Conserve Battery"],"picked":"Doom and Gloom","floor":4},{"not_picked":["Beam Cell","Stack"],"picked":"Coolheaded","floor":5},{"not_picked":["Lockon","Rainbow","Double Energy"],"picked":"SKIP","floor":7},{"not_picked":["Storm","Redo"],"picked":"Darkness","floor":10},{"not_picked":["Barrage","Stack"],"picked":"Chaos","floor":13},{"not_picked":["Loop","Blizzard"],"picked":"White Noise","floor":14},{"not_picked":["Reboot","Buffer"],"picked":"Fission","floor":16},{"not_picked":["Cold Snap","Leap"],"picked":"Go for the Eyes","floor":18},{"not_picked":["Ball Lightning","Cold Snap+1"],"picked":"Glacier+1","floor":19},{"not_picked":["Steam","Streamline","Ball Lightning+1"],"picked":"SKIP","floor":20}],"player_experience":8841,"relics_obtained":[{"floor":7,"key":"Ancient Tea Set"},{"floor":9,"key":"Bottled Flame"},{"floor":14,"key":"Gambling Chip"},{"floor":19,"key":"Red Mask"}],"event_choices":[{"damage_healed":0,"gold_gain":61,"player_choice":"Gained Gold","damage_taken":0,"max_hp_gain":0,"max_hp_loss":0,"event_name":"Golden Wing","floor":12,"gold_loss":0},{"damage_healed":0,"gold_gain":0,"player_choice":"Fought Bandits","damage_taken":0,"max_hp_gain":0,"max_hp_loss":0,"event_name":"Masked Bandits","floor":19,"gold_loss":0},{"damage_healed":0,"gold_gain":0,"player_choice":"Smashed Altar","damage_taken":0,"max_hp_gain":0,"max_hp_loss":0,"event_name":"Forgotten Altar","floor":22,"gold_loss":0,"cards_obtained":["Decay"]}],"is_beta":false,"boss_relics":[{"not_picked":["Tiny House","Astrolabe"],"picked":"Nuclear Battery"}],"items_purged_floors":[],"is_endless":false,"potions_floor_spawned":[2,4,5,10,14],"killed_by":"Shelled Parasite and Fungi","ascension_level":0}