{"gold_per_floor":[111,125,225,69,84,84,114,134,134,148,148,48,74,86,86,186,186,203,128,128,3,3,32,32,32,56,56,74,74,74,88,88,192,192,209,209,209,229,229],"floor_reached":39,"playtime":1982,"items_purged":["Strike_R","Strike_R","Strike_R"],"score":427,"play_id":"1c43b344-ac28-499d-9d64-5010583e2c29","local_time":"20181212184236","is_ascension_mode":true,"campfire_choices":[{"data":"Inflame","floor":6,"key":"SMITH"},{"data":"Heavy Blade","floor":11,"key":"SMITH"},{"floor":15,"key":"REST"},{"floor":24,"key":"REST"},{"data":"Sword Boomerang","floor":30,"key":"SMITH"},{"floor":32,"key":"REST"}],"neow_cost":"NONE","seed_source_timestamp":79351608093324,"circlet_count":0,"master_deck":["Strike_R","Defend_R","Defend_R","Defend_R","Bash","Cleave","Inflame+1","Heavy Blade+1","Cleave","Thunderclap","Clothesline","Demon Form","Cleave","Sword Boomerang+1","J.A.X.","Sword Boomerang","Flex+1","Shame","Heavy Blade","Feed","Armaments+1","Madness","Madness","Flex"],"relics":["Burning Blood","Oddly Smooth Stone","Ornamental Fan","Letter Opener","Mark of Pain","Ancient Tea Set","Juzu Bracelet","Enchiridion","Red Skull","Philosopher\u0027s Stone"],"potions_floor_usage":[16,16,33,38],"damage_taken":[{"damage":1,"enemies":"Cultist","floor":1,"turns":3},{"damage":13,"enemies":"Jaw Worm","floor":2,"turns":3},{"damage":3,"enemies":"2 Louse","floor":5,"turns":2},{"damage":14,"enemies":"Gremlin Nob","floor":7,"turns":3},{"damage":9,"enemies":"2 Fungi Beasts","floor":8,"turns":3},{"damage":14,"enemies":"Looter","floor":10,"turns":3},{"damage":14,"enemies":"3 Sentries","floor":13,"turns":4},{"damage":13,"enemies":"Blue Slaver","floor":14,"turns":4},{"damage":64,"enemies":"Hexaghost","floor":16,"turns":10},{"damage":20,"enemies":"Spheric Guardian","floor":18,"turns":4},{"damage":52,"enemies":"Slavers","floor":23,"turns":4},{"damage":5,"enemies":"Shell Parasite","floor":28,"turns":2},{"damage":3,"enemies":"Snecko","floor":31,"turns":2},{"damage":25,"enemies":"Champ","floor":33,"turns":6},{"damage":27,"enemies":"3 Shapes","floor":35,"turns":2},{"damage":37,"enemies":"3 Darklings","floor":38,"turns":3}],"seed_played":"-4893230292185019560","potions_obtained":[{"floor":2,"key":"SpeedPotion"},{"floor":7,"key":"Fire Potion"},{"floor":8,"key":"Weak Potion"},{"floor":28,"key":"FearPotion"},{"floor":35,"key":"Energy Potion"}],"is_trial":false,"path_per_floor":["M","M","?","$","M","R","E","M","T","M","R","$","E","M","R","B",null,"M","?","?","$","?","E","R","$","T","?","M","?","R","M","R","B",null,"M","?","?","M","M"],"character_chosen":"IRONCLAD","items_purchased":["Inflame"],"campfire_rested":3,"item_purchase_floors":[4],"current_hp_per_floor":[88,81,81,81,84,84,76,73,73,65,65,65,57,50,76,18,88,74,74,74,74,74,28,54,54,54,38,39,39,39,42,68,49,88,70,70,59,28,0],"gold":229,"neow_bonus":"TEN_PERCENT_HP_BONUS","is_prod":false,"is_daily":false,"chose_seed":false,"campfire_upgraded":3,"win_rate":0,"timestamp":1544661756,"path_taken":["M","M","?","$","M","R","E","?","T","M","R","$","E","M","R","BOSS","M","?","?","$","?","E","R","?","T","?","M","?","R","M","R","BOSS","M","?","?","M","M"],"build_version":"2018-12-06","purchased_purges":3,"victory":false,"max_hp_per_floor":[88,88,88,88,88,88,88,88,88,88,88,88,88,88,88,88,88,88,88,88,88,88,88,88,88,88,88,88,88,88,88,88,88,88,91,91,91,91,91],"card_choices":[{"not_picked":["Clothesline","Bloodletting"],"picked":"Cleave","floor":1},{"not_picked":["Wild Strike","Anger","Ghostly Armor"],"picked":"SKIP","floor":2},{"not_picked":["Headbutt","Demon Form"],"picked":"Heavy Blade","floor":5},{"not_picked":["Sever Soul","Rupture","Dual Wield"],"picked":"SKIP","floor":7},{"not_picked":["Shrug It Off","Wild Strike"],"picked":"Cleave","floor":8},{"not_picked":["Perfected Strike","Burning Pact"],"picked":"Thunderclap","floor":10},{"not_picked":["Anger","Evolve","Rupture"],"picked":"SKIP","floor":13},{"not_picked":["True Grit","Double Tap"],"picked":"Clothesline","floor":14},{"not_picked":["Reaper","Barricade"],"picked":"Demon Form","floor":16},{"not_picked":["Warcry","Hemokinesis"],"picked":"Cleave","floor":18},{"not_picked":["Iron Wave","Feed"],"picked":"Sword Boomerang","floor":23},{"not_picked":["Infernal Blade+1","Cleave"],"picked":"Flex+1","floor":28},{"not_picked":["Havoc","Thunderclap+1"],"picked":"Heavy Blade","floor":31},{"not_picked":["Offering","Demon Form"],"picked":"Feed","floor":33},{"not_picked":["Anger","Warcry"],"picked":"Armaments+1","floor":35},{"not_picked":["Thunderclap","Uppercut"],"picked":"Flex","floor":38}],"player_experience":64513,"relics_obtained":[{"floor":7,"key":"Oddly Smooth Stone"},{"floor":9,"key":"Ornamental Fan"},{"floor":13,"key":"Letter Opener"},{"floor":23,"key":"Ancient Tea Set"},{"floor":26,"key":"Juzu Bracelet"},{"floor":27,"key":"Enchiridion"}],"event_choices":[{"damage_healed":0,"gold_gain":100,"player_choice":"Gold","damage_taken":0,"max_hp_gain":0,"max_hp_loss":0,"event_name":"Wheel of Change","floor":3,"gold_loss":0},{"cards_removed":["Strike_R"],"damage_healed":0,"gold_gain":0,"player_choice":"Gave Gold","damage_taken":0,"max_hp_gain":0,"max_hp_loss":0,"event_name":"Beggar","floor":19,"gold_loss":75},{"damage_healed":0,"gold_gain":0,"player_choice":"Read","damage_taken":0,"max_hp_gain":0,"max_hp_loss":0,"event_name":"The Library","floor":20,"gold_loss":0,"cards_obtained":["Sword Boomerang"]},{"damage_healed":0,"gold_gain":0,"player_choice":"Obtain J.A.X.","damage_taken":0,"max_hp_gain":0,"max_hp_loss":0,"event_name":"Drug Dealer","floor":22,"gold_loss":0,"cards_obtained":["J.A.X."]},{"damage_healed":0,"gold_gain":0,"player_choice":"Obtained Book","damage_taken":16,"max_hp_gain":0,"max_hp_loss":0,"event_name":"Cursed Tome","floor":27,"gold_loss":0},{"damage_healed":0,"gold_gain":0,"player_choice":"Stole Relic","damage_taken":0,"relics_obtained":["Red Skull"],"max_hp_gain":0,"max_hp_loss":0,"event_name":"Addict","floor":29,"gold_loss":0,"cards_obtained":["Shame"]},{"cards_removed":["Defend_R"],"damage_healed":0,"gold_gain":0,"player_choice":"Removed Skill","damage_taken":0,"max_hp_gain":0,"max_hp_loss":0,"event_name":"Falling","floor":36,"gold_loss":0},{"damage_healed":0,"gold_gain":0,"player_choice":"Embrace Madness","damage_taken":11,"max_hp_gain":0,"max_hp_loss":0,"event_name":"Winding Halls","floor":37,"gold_loss":0,"cards_obtained":["Madness","Madness"]}],"is_beta":false,"boss_relics":[{"not_picked":["Black Star","Busted Crown"],"picked":"Mark of Pain"},{"not_picked":["Eternal Feather","Black Blood"],"picked":"Philosopher\u0027s Stone"}],"items_purged_floors":[4,12,21],"is_endless":false,"potions_floor_spawned":[2,7,8,28,35],"killed_by":"4 Shapes","ascension_level":1}