{"path_per_floor":["M","?","$","?","M","E","R","$","T","R","M","R","M","M","R","B",null,"M","?","?","M","M","R","M","E","T","R","M","R","M","M","R","B",null,"M","?","M","$","?","R","$","M","T","R","M","R","M","M","R","B"],"character_chosen":"THE_SILENT","items_purchased":["Predator","Cloak And Dagger","Footwork","Vajra","Finesse"],"gold_per_floor":[109,109,35,35,50,81,81,31,31,31,45,45,63,84,84,209,209,222,222,222,237,256,256,275,308,308,308,329,329,344,367,367,492,492,507,507,521,405,405,405,57,72,119,119,135,135,155,178,178,178],"floor_reached":51,"campfire_rested":1,"playtime":3161,"current_hp_per_floor":[70,53,53,35,35,35,35,35,35,35,37,37,39,41,41,17,70,68,52,52,54,56,56,57,43,43,43,45,45,43,41,41,37,70,70,61,63,63,53,53,53,53,53,53,55,55,57,59,70,53],"items_purged":["Setup","Madness"],"gold":178,"score":722,"play_id":"694c614a-ca85-4c9b-814c-3b028f5637ec","local_time":"20180402151719","is_prod":false,"is_daily":false,"is_ascension_mode":false,"campfire_upgraded":11,"timestamp":1522703839,"path_taken":["M","?","$","?","M","E","R","$","T","R","M","R","M","M","R","BOSS","M","?","?","M","M","R","M","E","T","R","?","R","M","M","R","BOSS","M","?","?","?","?","R","$","M","T","R","M","R","M","M","R","BOSS"],"build_version":"2018-03-29","purchased_purges":2,"victory":true,"master_deck":["Survivor","Neutralize+1","Flying Knee","Predator+1","Heel Hook","Terror+1","Cloak And Dagger+1","Cloak And Dagger+1","Cloak And Dagger","Dodge and Roll","Dodge and Roll","Caltrops+1","Cloak And Dagger","Dash+1","Noxious Fumes+1","Flying Knee","Catalyst","Cloak And Dagger","Necronomicurse","Dash+1","Noxious Fumes+1","Leg Sweep+1","All Out Attack","Backstab+1","Adrenaline+1","Die Die Die","PiercingWail+1","Madness+1","PiercingWail+1","Footwork+1","Master of Strategy","Flash of Steel","Secret Technique","Finesse+1","Predator+1","Malaise+1"],"max_hp_per_floor":[70,70,70,70,70,70,70,70,70,70,70,70,70,70,70,70,70,70,70,70,70,70,70,70,70,70,70,70,70,70,70,70,70,70,70,70,70,70,70,70,70,70,70,70,70,70,70,70,70,70],"relics":["Ring of the Snake","NeowsBlessing","Golden Idol","Oddly Smooth Stone","Frozen Egg 2","Blood Vial","Pandora\u0027s Box","Necronomicon","Happy Flower","Unceasing Top","White Beast Statue","Vajra","Bag of Marbles"],"card_choices":[{"not_picked":["Flechettes","Quick Slash"],"picked":"Flying Knee","floor":1},{"not_picked":["Flying Knee","Distraction"],"picked":"Heel Hook","floor":5},{"not_picked":["Choke","Well Laid Plans"],"picked":"Terror","floor":6},{"not_picked":["Quick Slash","Terror"],"picked":"Cloak And Dagger","floor":11},{"not_picked":["Infinite Blades","Bane"],"picked":"Cloak And Dagger","floor":13},{"not_picked":["Prepared","Skewer"],"picked":"Dash","floor":21},{"not_picked":["Calculated Gamble","Blade Dance"],"picked":"Noxious Fumes","floor":22},{"not_picked":["Flying Knee","Finisher"],"picked":"Leg Sweep","floor":24},{"not_picked":["Eviscerate","Distraction"],"picked":"All Out Attack","floor":25},{"not_picked":["Well Laid Plans","Catalyst"],"picked":"Backstab","floor":28},{"not_picked":["Deadly Poison","Dodge and Roll"],"picked":"Adrenaline","floor":30},{"not_picked":["Wraith Form","Grand Finale"],"picked":"Die Die Die","floor":33},{"not_picked":["Blade Dance","Slice"],"picked":"PiercingWail","floor":35},{"not_picked":["Backflip","Poisoned Stab"],"picked":"PiercingWail","floor":37},{"not_picked":["Madness","Secret Technique"],"picked":"Master of Strategy","floor":39},{"not_picked":["Blind","Jack Of All Trades"],"picked":"Flash of Steel","floor":39},{"not_picked":["Madness","Blind"],"picked":"Secret Technique","floor":39},{"not_picked":["Dagger Spray","Prepared"],"picked":"Predator","floor":45},{"not_picked":["Deadly Poison","Prepared"],"picked":"Malaise","floor":47}],"player_experience":972375,"potions_floor_usage":[14,22,25,33,33,42,50,50],"damage_taken":[{"damage":0,"enemies":"Jaw Worm","floor":1,"turns":1},{"damage":0,"enemies":"Small Slimes","floor":5,"turns":1},{"damage":0,"enemies":"3 Sentries","floor":6,"turns":1},{"damage":0,"enemies":"2 Louse","floor":11,"turns":1},{"damage":0,"enemies":"Blue Slaver","floor":13,"turns":4},{"damage":0,"enemies":"Exordium Wildlife","floor":14,"turns":3},{"damage":26,"enemies":"Hexaghost","floor":16,"turns":11},{"damage":2,"enemies":"Chosen","floor":18,"turns":5},{"damage":0,"enemies":"Shell Parasite","floor":21,"turns":3},{"damage":0,"enemies":"Chosen and Byrds","floor":22,"turns":3},{"damage":1,"enemies":"Snake Plant","floor":24,"turns":3},{"damage":16,"enemies":"Gremlin Leader","floor":25,"turns":5},{"damage":0,"enemies":"Sentry and Sphere","floor":28,"turns":5},{"damage":4,"enemies":"Snecko","floor":30,"turns":4},{"damage":4,"enemies":"Centurion and Healer","floor":31,"turns":4},{"damage":21,"enemies":"Automaton","floor":33,"turns":7},{"damage":0,"enemies":"Orb Walker","floor":35,"turns":3},{"damage":0,"enemies":"3 Shapes","floor":37,"turns":3},{"damage":8,"enemies":"Sphere and 2 Shapes","floor":42,"turns":4},{"damage":0,"enemies":"3 Darklings","floor":45,"turns":4},{"damage":0,"enemies":"Maw","floor":47,"turns":5},{"damage":0,"enemies":"Sphere and 2 Shapes","floor":48,"turns":3},{"damage":17,"enemies":"Donu and Deca","floor":50,"turns":9}],"event_choices":[{"event_name":"Golden Idol","player_choice":"Take Damage","floor":2,"damage_taken":0},{"event_name":"Scrap Ooze","player_choice":"success","floor":4,"damage_taken":18},{"event_name":"Cursed Tome","player_choice":"Obtained Book","floor":19,"damage_taken":0},{"event_name":"Ghosts","player_choice":"Ignored","floor":20,"damage_taken":0},{"event_name":"Winding Halls","player_choice":"Embrace Madness","floor":36,"damage_taken":0},{"event_name":"SensoryStone","player_choice":"Memory 3","floor":39,"damage_taken":0}],"boss_relics":[{"not_picked":["Tiny House","Velvet Choker"],"picked":"Pandora\u0027s Box"},{"not_picked":["Calling Bell","Snecko Eye"],"picked":"White Beast Statue"}],"potions_floor_spawned":[1,5,11,13,18,22,24,25,30,33,35,37,42,45,47,48],"seed_played":"5822405250926456600","ascension_level":0,"is_trial":false}