{"gold_per_floor":[210,135,135,210,210,210,243,263,334,334,156,169,169,169,169,297,297,318,318,318,342,89,89,16,16,16,16,29,29,48,8,8,8],"floor_reached":33,"playtime":2636,"items_purged":["Strike_B","Strike_B"],"score":251,"play_id":"5e9705a6-70f3-4fc4-b51b-64272ae3fef7","local_time":"20181223223506","is_ascension_mode":true,"campfire_choices":[{"floor":6,"key":"RECALL"},{"floor":10,"key":"REST"},{"floor":13,"key":"REST"},{"data":"Storm","floor":15,"key":"SMITH"},{"data":"Mayhem","floor":23,"key":"SMITH"},{"floor":29,"key":"REST"},{"data":"Machine Learning","floor":32,"key":"SMITH"}],"neow_cost":"NONE","seed_source_timestamp":35779236598379,"circlet_count":0,"master_deck":["Strike_B","Strike_B","Defend_B","Defend_B","Defend_B","Defend_B","Zap","Dualcast","Storm+1","Injury","Skim","Redo","Mayhem+1","Parasite","Machine Learning+1","Sweeping Beam","Ball Lightning","Pain","Tempest","Static Discharge+1","Machine Learning","Heatsinks"],"relics":["Cracked Core","Bloody Idol","Mummified Hand","Du-Vu Doll","Nuclear Battery","WarpedTongs","Bag of Preparation","WingedGreaves"],"potions_floor_usage":[16,16,16,33,33],"damage_taken":[{"damage":5,"enemies":"Jaw Worm","floor":1,"turns":4},{"damage":43,"enemies":"3 Sentries","floor":7,"turns":8},{"damage":2,"enemies":"Small Slimes","floor":8,"turns":3},{"damage":1,"enemies":"Cultist","floor":12,"turns":3},{"damage":74,"enemies":"Hexaghost","floor":16,"turns":12},{"damage":5,"enemies":"Spheric Guardian","floor":18,"turns":3},{"damage":4,"enemies":"Chosen","floor":21,"turns":3},{"damage":27,"enemies":"Centurion and Healer","floor":28,"turns":3},{"damage":5,"enemies":"Chosen and Byrds","floor":30,"turns":2},{"damage":84,"enemies":"Automaton","floor":33,"turns":8}],"seed_played":"-6026362514336853613","potions_obtained":[{"floor":1,"key":"SpeedPotion"},{"floor":7,"key":"SkillPotion"},{"floor":12,"key":"EssenceOfSteel"},{"floor":18,"key":"Regen Potion"},{"floor":28,"key":"Dexterity Potion"}],"is_trial":false,"path_per_floor":["M","$","?","?","T","R","E","M","T","R","$","M","R","?","R","B",null,"M","?","?","M","$","R","$","?","T","?","M","R","M","$","R","B"],"character_chosen":"DEFECT","items_purchased":["Mayhem","Bag of Preparation","Static Discharge","Heatsinks"],"campfire_rested":3,"item_purchase_floors":[11,22,24,31],"current_hp_per_floor":[70,70,70,59,59,59,16,14,14,36,36,35,57,75,75,1,75,70,70,70,66,66,66,66,66,66,66,44,66,66,66,66,0],"gold":8,"neow_bonus":"HUNDRED_GOLD","is_prod":false,"is_daily":false,"chose_seed":false,"campfire_upgraded":3,"win_rate":0,"timestamp":1545626106,"path_taken":["M","$","?","?","?","R","E","?","T","R","$","M","R","?","R","BOSS","M","?","?","?","?","R","$","?","T","?","M","R","?","?","R","BOSS"],"build_version":"2018-12-20","purchased_purges":2,"victory":false,"max_hp_per_floor":[75,75,75,75,75,75,75,75,75,75,75,75,75,75,75,75,75,75,75,75,75,75,75,75,75,75,75,75,75,75,75,75,75],"card_choices":[{"not_picked":["Rebound","Streamline"],"picked":"Storm","floor":1},{"not_picked":["Lockon","Recycle"],"picked":"Skim","floor":7},{"not_picked":["Consume","Gash"],"picked":"Redo","floor":8},{"not_picked":["Steam","Leap","Barrage"],"picked":"SKIP","floor":12},{"not_picked":["Meteor Strike","Core Surge"],"picked":"Machine Learning","floor":16},{"not_picked":["Compile Driver","Reprogram"],"picked":"Sweeping Beam","floor":18},{"not_picked":["Steam","Steam Power"],"picked":"Tempest","floor":21},{"not_picked":["Coolheaded+1","Streamline"],"picked":"Machine Learning","floor":28},{"not_picked":["Leap+1","Skim","Undo"],"picked":"SKIP","floor":30}],"player_experience":101292,"relics_obtained":[{"floor":5,"key":"Mummified Hand"},{"floor":7,"key":"Du-Vu Doll"},{"floor":26,"key":"WingedGreaves"}],"event_choices":[{"damage_healed":0,"gold_gain":0,"player_choice":"Take Wound","damage_taken":0,"relics_obtained":["Golden Idol"],"max_hp_gain":0,"max_hp_loss":0,"event_name":"Golden Idol","floor":3,"gold_loss":0,"cards_obtained":["Injury"]},{"damage_healed":0,"gold_gain":75,"player_choice":"Gather Gold","damage_taken":11,"max_hp_gain":0,"max_hp_loss":0,"event_name":"World of Goop","floor":4,"gold_loss":0},{"damage_healed":18,"gold_gain":0,"player_choice":"Healed and dodged fight","damage_taken":0,"max_hp_gain":0,"max_hp_loss":0,"event_name":"Mushrooms","floor":14,"gold_loss":0,"cards_obtained":["Parasite"]},{"damage_healed":0,"gold_gain":0,"player_choice":"Read","damage_taken":0,"max_hp_gain":0,"max_hp_loss":0,"event_name":"The Library","floor":19,"gold_loss":0,"cards_obtained":["Ball Lightning"]},{"damage_healed":0,"gold_gain":0,"player_choice":"Rummage","damage_taken":0,"relics_obtained":["WarpedTongs"],"max_hp_gain":0,"max_hp_loss":0,"event_name":"Accursed Blacksmith","floor":20,"gold_loss":0,"cards_obtained":["Pain"]},{"damage_healed":0,"gold_gain":0,"player_choice":"Gave Idol","damage_taken":0,"relics_obtained":["Bloody Idol"],"max_hp_gain":0,"max_hp_loss":0,"event_name":"Forgotten Altar","floor":25,"relics_lost":["Golden Idol"],"gold_loss":0},{"damage_healed":0,"gold_gain":0,"player_choice":"Upgraded","damage_taken":0,"max_hp_gain":0,"max_hp_loss":0,"event_name":"Upgrade Shrine","floor":27,"gold_loss":0,"cards_upgraded":["Static Discharge"]}],"is_beta":false,"boss_relics":[{"not_picked":["Runic Pyramid","Busted Crown"],"picked":"Nuclear Battery"}],"items_purged_floors":[2,22],"is_endless":false,"potions_floor_spawned":[1,7,12,18,28],"killed_by":"Automaton","ascension_level":1}