{"path_per_floor":["M","$","M","?","M","E","R","$","T","R","?","R","?","E","R","B",null,"M","M","$","?","?","R","E","M","T","?","M","M","M","M","R","B",null,"M","$","?","M","$","R","M","R","T","R","?","?","R","$","R","B"],"character_chosen":"THE_SILENT","items_purchased":["Dash","Storm of Steel","Noxious Fumes"],"gold_per_floor":[117,42,58,58,74,109,109,73,73,73,73,73,73,102,102,179,179,162,174,0,0,90,90,123,137,137,137,147,165,179,198,198,269,269,284,159,211,228,150,150,161,161,161,161,161,161,161,11,11,11],"floor_reached":51,"campfire_rested":4,"playtime":5449,"current_hp_per_floor":[59,59,59,46,46,25,25,25,25,25,25,43,43,43,43,37,57,50,50,50,50,34,34,28,34,34,34,34,7,6,5,23,47,59,59,59,47,46,46,46,5,23,23,41,41,41,41,41,41,10],"items_purged":["Parasite","Strike_G","Survivor","Strike_G"],"gold":11,"score":843,"play_id":"0a1558c8-939c-4a76-af9b-29179e28c36b","is_prod":false,"is_daily":false,"is_ascension_mode":true,"campfire_upgraded":4,"path_taken":["M","$","?","?","?","E","R","$","T","R","?","R","?","E","R","BOSS","M","M","$","?","?","R","E","M","T","?","M","M","?","M","R","BOSS","M","$","?","M","$","R","M","R","T","R","?","?","R","$","R","BOSS"],"build_version":"2018-02-08-PROD1","purchased_purges":4,"victory":true,"master_deck":["Defend_G+1","Defend_G+1","Defend_G+1","Defend_G+1","Defend_G+1","Strike_G+1","Strike_G+1","Neutralize+1","Malaise+1","Dagger Throw","Quick Slash","Dash","After Image","Tools of the Trade","Skewer+1","Outmaneuver","Storm of Steel","Sucker Punch","Predator","Night Terror","Blur","A Thousand Cuts+1","Predator+1","Noxious Fumes+1","Phantasmal Killer","Backflip"],"max_hp_per_floor":[66,63,63,63,63,63,63,63,63,63,63,63,63,63,63,63,63,63,63,63,63,63,63,63,63,63,63,63,63,63,63,63,63,63,63,63,63,63,63,63,63,63,63,63,63,63,63,63,63,63],"relics":["Ring of the Snake","NeowsBlessing","Oddly Smooth Stone","Shovel","Paper Crane","Pantograph","Bronze Scales","Snecko Eye","Dream Catcher","Ice Cream","Cursed Key","Ginger","Art of War"],"card_choices":[{"not_picked":["Deadly Poison","Flying Knee"],"picked":"Malaise"},{"not_picked":["Poisoned Stab","Dodge and Roll"],"picked":"Dagger Throw"},{"not_picked":["Concentrate","Bane"],"picked":"Quick Slash"},{"not_picked":["Unload","Adrenaline"],"picked":"Tools of the Trade"},{"not_picked":["Dagger Spray","Dodge and Roll"],"picked":"Skewer"},{"not_picked":["Poisoned Stab","Cloak And Dagger"],"picked":"Outmaneuver"},{"not_picked":["PiercingWail","Prepared"],"picked":"Sucker Punch"},{"not_picked":["PiercingWail","Backflip"],"picked":"Predator"},{"not_picked":["Sucker Punch","Dagger Throw"],"picked":"Night Terror"},{"not_picked":["Cloak And Dagger","Poisoned Stab"],"picked":"Blur"},{"not_picked":["Unload","Adrenaline"],"picked":"A Thousand Cuts"},{"not_picked":["PiercingWail","Bane"],"picked":"Predator"},{"not_picked":["Catalyst","Poisoned Stab"],"picked":"Quick Slash"},{"not_picked":["Dagger Throw","Cloak And Dagger"],"picked":"Phantasmal Killer"},{"not_picked":["Distraction","Deadly Poison"],"picked":"Backflip"}],"player_experience":307913,"potions_floor_usage":[24,25,31,33,38,50],"damage_taken":[{"damage":0.0,"enemies":"Blue Slaver","floor":1.0,"turns":1.0},{"damage":0.0,"enemies":"Small Slimes","floor":3.0,"turns":1.0},{"damage":0.0,"enemies":"Cultist","floor":5.0,"turns":1.0},{"damage":21.0,"enemies":"3 Sentries","floor":6.0,"turns":11.0},{"damage":0.0,"enemies":"Lagavulin","floor":14.0,"turns":12.0},{"damage":26.0,"enemies":"Slime Boss","floor":16.0,"turns":20.0},{"damage":7.0,"enemies":"2 Thieves","floor":18.0,"turns":4.0},{"damage":0.0,"enemies":"Chosen","floor":19.0,"turns":5.0},{"damage":18,"enemies":"Gremlin Leader","floor":24,"turns":9},{"damage":0,"enemies":"Snake Plant","floor":25,"turns":4},{"damage":0,"enemies":"Snecko","floor":28,"turns":5},{"damage":27,"enemies":"Slaver and Parasite","floor":29,"turns":6},{"damage":1,"enemies":"Snake Plant","floor":30,"turns":4},{"damage":1,"enemies":"Cultist and Chosen","floor":31,"turns":6},{"damage":13,"enemies":"Champ","floor":33,"turns":19},{"damage":0,"enemies":"Orb Walker","floor":35,"turns":4},{"damage":12,"enemies":"Mysterious Sphere","floor":37,"turns":5},{"damage":1,"enemies":"3 Darklings","floor":38,"turns":7},{"damage":41,"enemies":"Sphere and 2 Shapes","floor":41,"turns":6},{"damage":53,"enemies":"Awakened One","floor":50,"turns":14}],"event_choices":[{"event_name":"Shining Light","player_choice":"Entered Light","floor":4.0,"damage_taken":0.0},{"event_name":"Dead Adventurer","player_choice":"Searched \u00270\u0027 times","floor":11.0,"damage_taken":0.0},{"event_name":"Transmorgrifier","player_choice":"Transform","floor":13.0,"damage_taken":0.0},{"event_name":"Back to Basics","player_choice":"Simplicity","floor":21.0,"damage_taken":0.0},{"event_name":"Knowing Skull","player_choice":"GOLD ","floor":22.0,"damage_taken":0.0},{"event_name":"Drug Dealer","player_choice":"Ignored","floor":27,"damage_taken":0},{"event_name":"Mysterious Sphere","player_choice":"Fight","floor":37,"damage_taken":0},{"event_name":"Tomb of Lord Red Mask","player_choice":"Ignored","floor":46,"damage_taken":0}],"boss_relics":[{"not_picked":["Sozu","Lizard Tail"],"picked":"Cursed Key"}],"potions_floor_spawned":[3,16,19,24,29,31,33,38],"seed_played":"-629523007415166444","ascension_level":14,"is_trial":false}