{"path_per_floor":["M","M","?","M","?","R","E","$","T","M","$","E","R","M","R","B",null,"M","?","?","?","$","E","?","$","T","E","R","E","R","E","R","B",null,"M","?","?","M","$","E","M","E","T","R","M","R","M","M","R","B"],"character_chosen":"THE_SILENT","items_purchased":["Quick Slash","Oddly Smooth Stone","Dash","Dramatic Entrance","Well Laid Plans","Paper Crane"],"gold_per_floor":[365,375,375,400,400,400,440,12,12,27,27,63,63,88,88,211,211,231,156,71,71,71,110,110,33,33,64,64,99,99,139,139,258,258,281,281,281,296,42,73,97,140,140,140,159,159,183,197,197,197],"floor_reached":51,"campfire_rested":0,"playtime":5566,"current_hp_per_floor":[63,61,58,55,55,55,28,28,28,28,28,27,27,27,27,37,53,53,53,53,53,53,40,58,58,58,58,58,40,40,40,40,58,58,58,58,51,51,51,33,33,33,33,33,39,39,39,39,39,58],"items_purged":["Strike_G"],"gold":197,"score":953,"play_id":"6384ded9-4a3c-4369-a034-e760e33eecb6","is_prod":false,"is_daily":false,"is_ascension_mode":true,"campfire_upgraded":6,"path_taken":["M","M","?","M","?","R","E","$","T","?","$","E","R","M","R","BOSS","M","?","?","?","$","E","?","?","T","E","R","E","R","E","R","BOSS","M","?","?","?","$","E","M","E","T","R","M","R","?","?","R","BOSS"],"build_version":"2018-02-08-PROD1","purchased_purges":1,"victory":true,"master_deck":["Defend_G","Defend_G+1","Defend_G","Defend_G+1","Defend_G","Strike_G","Strike_G","Survivor","Neutralize+1","Flying Knee","Quick Slash","Quick Slash","Dash+1","Dramatic Entrance+1","Sucker Punch+1","Blur","After Image","Backflip+1","Dash+1","Setup+1","Well Laid Plans+1","Dagger Spray+1","Deflect","Madness","Madness","Skewer+1","Dash+1","Malaise+1","Finisher+1","Slice+1","Backstab+1","Dagger Throw+1"],"max_hp_per_floor":[63,63,58,58,58,58,58,58,58,58,58,58,58,58,58,58,58,58,58,58,58,58,58,58,58,58,58,58,58,58,58,58,58,58,58,58,58,58,58,58,58,58,58,58,58,58,58,58,58,58],"relics":["Ring of the Snake","Golden Idol","Kunai","Oddly Smooth Stone","Thread and Needle","Pantograph","Black Star","Orichalcum","Bag of Marbles","Art of War","Ornamental Fan","Calipers","Sundial","War Paint","Lantern","Bronze Scales","Vajra","Philosopher\u0027s Stone","Paper Crane","Blue Candle","Molten Egg 2","Peace Pipe","Girya","Du-Vu Doll"],"card_choices":[{"not_picked":["Deadly Poison","Riddle With Holes"],"picked":"Flying Knee"},{"not_picked":["Prepared","Masterful Stab"],"picked":"Quick Slash"},{"not_picked":["Dagger Throw","Riddle With Holes"],"picked":"Sucker Punch"},{"not_picked":["Acrobatics","Setup"],"picked":"Blur"},{"not_picked":["Tactician","Unload"],"picked":"After Image"},{"not_picked":["Deadly Poison","Acrobatics"],"picked":"Backflip"},{"not_picked":["Wraith Form","Bane"],"picked":"Setup"},{"not_picked":["Deadly Poison","Blade Dance"],"picked":"Dagger Spray"},{"not_picked":["Dodge and Roll","Outmaneuver"],"picked":"Deflect"},{"not_picked":["Acrobatics","Bane"],"picked":"Skewer"},{"not_picked":["Blur","Endless Agony"],"picked":"Dash"},{"not_picked":["Dash","Reflex"],"picked":"Malaise"},{"not_picked":["Outmaneuver","Bane"],"picked":"Finisher"},{"not_picked":["Malaise","Bullet Time"],"picked":"Slice"},{"not_picked":["Flying Knee","Poisoned Stab"],"picked":"Backstab"},{"not_picked":["Choke","Prepared"],"picked":"Dagger Throw"}],"player_experience":223609,"potions_floor_usage":[27,45,50,50,50],"damage_taken":[{"damage":0.0,"enemies":"Small Slimes","floor":1.0,"turns":3.0},{"damage":2.0,"enemies":"2 Louse","floor":2.0,"turns":3.0},{"damage":3.0,"enemies":"Jaw Worm","floor":4.0,"turns":4.0},{"damage":27.0,"enemies":"Gremlin Nob","floor":7.0,"turns":5.0},{"damage":0.0,"enemies":"Large Slime","floor":10.0,"turns":4.0},{"damage":1.0,"enemies":"Lagavulin","floor":12.0,"turns":7.0},{"damage":0.0,"enemies":"Exordium Wildlife","floor":14.0,"turns":2.0},{"damage":15.0,"enemies":"Hexaghost","floor":16.0,"turns":16.0},{"damage":0.0,"enemies":"Chosen","floor":18.0,"turns":7.0},{"damage":13.0,"enemies":"Slavers","floor":23.0,"turns":9.0},{"damage":0,"enemies":"Gremlin Leader","floor":27,"turns":13},{"damage":18,"enemies":"Slavers","floor":29,"turns":8},{"damage":0,"enemies":"Book of Stabbing","floor":31,"turns":7},{"damage":0,"enemies":"Champ","floor":33,"turns":22},{"damage":0,"enemies":"3 Darklings","floor":35,"turns":4},{"damage":0,"enemies":"3 Shapes","floor":38,"turns":3},{"damage":18,"enemies":"2 Orb Walkers","floor":40,"turns":6},{"damage":0,"enemies":"3 Darklings","floor":41,"turns":7},{"damage":0,"enemies":"Nemesis","floor":42,"turns":7},{"damage":0,"enemies":"4 Shapes","floor":45,"turns":3},{"damage":0,"enemies":"Maw","floor":47,"turns":6},{"damage":0,"enemies":"Sphere and 2 Shapes","floor":48,"turns":4},{"damage":12,"enemies":"Awakened One","floor":50,"turns":13}],"event_choices":[{"event_name":"Golden Idol","player_choice":"Lose Max HP","floor":3.0,"damage_taken":0.0},{"event_name":"Living Wall","player_choice":"Forget","floor":5.0,"damage_taken":0.0},{"event_name":"Beggar","player_choice":"Gave Gold","floor":19.0,"damage_taken":0.0},{"event_name":"Addict","player_choice":"Obtained Relic","floor":20.0,"damage_taken":0.0},{"event_name":"Duplicator","player_choice":"One dupe","floor":21.0,"damage_taken":0.0},{"event_name":"The Library","player_choice":"Heal","floor":24.0,"damage_taken":0.0},{"event_name":"Tomb of Lord Red Mask","player_choice":"Ignored","floor":36,"damage_taken":0},{"event_name":"Winding Halls","player_choice":"Embrace Madness","floor":37,"damage_taken":0}],"boss_relics":[{"not_picked":["Tiny House","Runic Pyramid"],"picked":"Philosopher\u0027s Stone"}],"potions_floor_spawned":[7,10,14,16,23,27,35,41,45,47,48],"seed_played":"3652909944051014434","ascension_level":6,"is_trial":false}