{"path_per_floor":["M","?","?","?","M","E","R","M","T","?","R","M","R","E","R","B",null,"M","?","?","$","M","E","R","M","T","R","$","?","R","?","R","B",null,"M","?","M","M","?","E","R","E","T","?","$","?","?","M","R","B"],"character_chosen":"THE_SILENT","items_purchased":["Bronze Scales","Backflip","Whetstone","Deflect"],"gold_per_floor":[111,111,111,111,131,162,162,182,205,205,205,217,217,249,249,353,353,365,365,280,48,68,100,100,110,110,110,60,60,60,60,60,158,158,173,173,185,200,248,277,277,303,303,303,83,0,0,14,14,14],"floor_reached":51,"campfire_rested":3,"playtime":5524,"current_hp_per_floor":[63,63,51,44,44,44,44,44,44,44,44,33,53,49,49,36,59,59,59,59,59,57,46,46,46,46,46,46,34,55,55,55,52,67,67,67,61,45,57,51,51,51,51,42,42,42,42,41,62,59],"items_purged":["Survivor","Regret","Writhe"],"gold":14,"score":923,"play_id":"619c3795-79f3-45ec-928a-d87a73919bb0","is_prod":false,"is_daily":false,"is_ascension_mode":true,"campfire_upgraded":7,"path_taken":["M","?","?","?","M","E","R","M","T","?","R","M","R","E","R","BOSS","M","?","?","$","M","E","R","M","T","R","$","?","R","?","R","BOSS","M","?","M","M","?","E","R","E","T","?","$","?","?","M","R","BOSS"],"build_version":"2018-02-08-PROD1","purchased_purges":3,"victory":true,"master_deck":["Defend_G+1","Defend_G+1","Defend_G+1","Defend_G+1","Defend_G+1","Strike_G+1","Strike_G+1","Strike_G+1","Strike_G+1","Neutralize+1","Quick Slash+1","Terror+1","Flying Knee","Backflip+1","PiercingWail+1","After Image","Quick Slash","Backflip+1","Backstab+1","Dagger Spray+1","Backflip+1","Venomology","Infinite Blades","Dash+1","Slice+1","Slice+1","Sucker Punch","Madness","Madness","Deflect","Decay","Acrobatics+1"],"max_hp_per_floor":[70,70,70,67,67,67,67,67,67,67,67,67,67,67,67,67,67,67,67,67,67,67,67,67,67,67,67,67,72,72,72,72,72,72,72,72,72,72,72,72,72,72,72,72,72,72,72,72,72,72],"relics":["Ring of the Snake","NeowsBlessing","Kunai","Unceasing Top","Juzu Bracelet","Smiling Mask","Cursed Key","Mummified Hand","Bronze Scales","War Paint","Blue Candle","Runic Pyramid","Ice Cream","Prayer Wheel","Sundial","Gambling Chip","Whetstone","Red Mask"],"card_choices":[{"not_picked":["Underhanded Strike","Dodge and Roll"],"picked":"Quick Slash"},{"not_picked":["Escape Plan","Flying Knee"],"picked":"Terror"},{"not_picked":["Bane","Cloak And Dagger"],"picked":"Flying Knee"},{"not_picked":["Choke","Reflex"],"picked":"Backflip"},{"not_picked":["Deadly Poison","Deflect"],"picked":"PiercingWail"},{"not_picked":["Phantasmal Killer","Night Terror"],"picked":"After Image"},{"not_picked":["Calculated Gamble","Slice"],"picked":"Quick Slash"},{"not_picked":["Skewer","Expertise"],"picked":"Backstab"},{"not_picked":["Dodge and Roll","Flying Knee"],"picked":"Dagger Spray"},{"not_picked":["Die Die Die","Doppelganger"],"picked":"Venomology"},{"not_picked":["Flechettes","Skewer"],"picked":"Infinite Blades"},{"not_picked":["Riddle With Holes","Dagger Throw"],"picked":"Dash"},{"not_picked":["Expertise","Burst"],"picked":"Slice"},{"not_picked":["Catalyst","Tactician"],"picked":"Slice"},{"not_picked":["Poisoned Stab","PiercingWail"],"picked":"Sucker Punch"},{"not_picked":["Footwork","Blur"],"picked":"Acrobatics"}],"player_experience":279852,"potions_floor_usage":[50,50,50],"damage_taken":[{"damage":0.0,"enemies":"Cultist","floor":1.0,"turns":1.0},{"damage":0.0,"enemies":"Blue Slaver","floor":5.0,"turns":1.0},{"damage":0.0,"enemies":"Lagavulin","floor":6.0,"turns":1.0},{"damage":0.0,"enemies":"Small Slimes","floor":8.0,"turns":3.0},{"damage":11.0,"enemies":"3 Louse","floor":12.0,"turns":5.0},{"damage":4.0,"enemies":"3 Sentries","floor":14.0,"turns":10.0},{"damage":13.0,"enemies":"The Guardian","floor":16.0,"turns":14.0},{"damage":0.0,"enemies":"Shell Parasite","floor":18.0,"turns":5.0},{"damage":2.0,"enemies":"2 Thieves","floor":22.0,"turns":4.0},{"damage":11.0,"enemies":"Gremlin Leader","floor":23.0,"turns":6.0},{"damage":0.0,"enemies":"Sentry and Sphere","floor":25.0,"turns":4.0},{"damage":15.0,"enemies":"Collector","floor":33.0,"turns":11.0},{"damage":0.0,"enemies":"3 Shapes","floor":35.0,"turns":5.0},{"damage":6.0,"enemies":"3 Darklings","floor":37.0,"turns":5.0},{"damage":16.0,"enemies":"Sphere and 2 Shapes","floor":38.0,"turns":6.0},{"damage":0.0,"enemies":"Mysterious Sphere","floor":39.0,"turns":6.0},{"damage":6.0,"enemies":"Giant Head","floor":40.0,"turns":11.0},{"damage":0.0,"enemies":"Nemesis","floor":42.0,"turns":7.0},{"damage":1,"enemies":"4 Shapes","floor":48,"turns":6},{"damage":27,"enemies":"Awakened One","floor":50,"turns":15}],"event_choices":[{"event_name":"The Lab","player_choice":"Got Potions","floor":2.0,"damage_taken":0.0},{"event_name":"Scrap Ooze","player_choice":"success","floor":3.0,"damage_taken":12.0},{"event_name":"Golden Wing","player_choice":"Card Removal","floor":4.0,"damage_taken":0.0},{"event_name":"Liars Game","player_choice":"disagreed","floor":10.0,"damage_taken":0.0},{"event_name":"Back to Basics","player_choice":"Simplicity","floor":19.0,"damage_taken":0.0},{"event_name":"Addict","player_choice":"Obtained Relic","floor":20.0,"damage_taken":0.0},{"event_name":"Forgotten Altar","player_choice":"Shed Blood","floor":29.0,"damage_taken":0.0},{"event_name":"Duplicator","player_choice":"One dupe","floor":31.0,"damage_taken":0.0},{"event_name":"Mysterious Sphere","player_choice":"Fight","floor":39.0,"damage_taken":0.0},{"event_name":"Winding Halls","player_choice":"Embrace Madness","floor":44.0,"damage_taken":0.0},{"event_name":"Tomb of Lord Red Mask","player_choice":"Paid","floor":46.0,"damage_taken":0.0},{"event_name":"Wheel of Change","player_choice":"Curse","floor":47.0,"damage_taken":0.0}],"boss_relics":[],"potions_floor_spawned":[12,14,18,25,37,38,42],"seed_played":"2398597931987331422","ascension_level":12,"is_trial":false}