{"path_per_floor":["M","$","M","?","M","R","?","?","T","R","?","M","?","$","R","B",null,"M","M","?","$","?"],"character_chosen":"THE_SILENT","items_purchased":["Juzu Bracelet"],"gold_per_floor":[368,137,156,156,170,170,170,170,195,195,233,252,202,102,102,232,232,245,260,260,135,135],"floor_reached":23,"campfire_rested":0,"playtime":2203,"current_hp_per_floor":[35,35,31,31,31,31,52,49,49,49,37,37,37,37,37,24,65,47,39,39,39,39],"items_purged":["Strike_G","Defend_G","Defend_G"],"gold":135,"score":177,"play_id":"b86fd799-58b7-4978-8c32-29025d35d946","is_prod":false,"is_daily":false,"is_ascension_mode":false,"campfire_upgraded":3,"path_taken":["M","$","M","?","M","R","?","?","T","R","?","M","?","$","R","BOSS","M","M","?","$","?","E"],"build_version":"2018-02-22-PROD1","purchased_purges":3,"victory":false,"master_deck":["Defend_G","Defend_G","Defend_G+1","Strike_G","Strike_G","Strike_G","Survivor","Neutralize+1","Escape Plan+1","Backflip"],"max_hp_per_floor":[70,70,70,65,65,65,65,65,65,65,65,65,65,65,65,65,65,65,65,65,65,65],"relics":["Ring of the Snake","Juzu Bracelet","Golden Idol","Torii","Dream Catcher","Odd Mushroom","Lizard Tail"],"card_choices":[{"not_picked":["Backflip","Masterful Stab"],"picked":"Escape Plan"},{"not_picked":["Acrobatics","Flying Knee"],"picked":"Backflip"}],"player_experience":452390,"potions_floor_usage":[11,16,23],"damage_taken":[{"damage":0,"enemies":"Jaw Worm","floor":1,"turns":5},{"damage":4,"enemies":"Cultist","floor":3,"turns":5},{"damage":0,"enemies":"Small Slimes","floor":5,"turns":4},{"damage":12,"enemies":"The Mushroom Lair","floor":11,"turns":7},{"damage":0,"enemies":"Looter","floor":12,"turns":3},{"damage":13,"enemies":"The Guardian","floor":16,"turns":27},{"damage":18,"enemies":"Spheric Guardian","floor":18,"turns":32},{"damage":8,"enemies":"Shell Parasite","floor":19,"turns":23},{"damage":78,"enemies":"Slavers","floor":23,"turns":10}],"event_choices":[{"event_name":"Golden Idol","player_choice":"Lose Max HP","floor":4,"damage_taken":0},{"event_name":"Big Fish","player_choice":"Banana","floor":7,"damage_taken":0},{"event_name":"Scrap Ooze","player_choice":"success","floor":8,"damage_taken":3},{"event_name":"Mushrooms","player_choice":"Fought Mushrooms","floor":11,"damage_taken":0},{"event_name":"The Cleric","player_choice":"Card Removal","floor":13,"damage_taken":0},{"event_name":"Vampires","player_choice":"Ignored","floor":20,"damage_taken":0},{"event_name":"Drug Dealer","player_choice":"Ignored","floor":22,"damage_taken":0}],"boss_relics":[{"not_picked":["Question Card","Cursed Key"],"picked":"Lizard Tail"}],"potions_floor_spawned":[1,5,12],"seed_played":"249200562057116059","killed_by":"Slavers","ascension_level":0,"is_trial":false}