{"gold_per_floor":[113,113,31,48,48,76,76,101,126,138,156,431,101,65,65,167,167,183,183,183,197,7,42,52,52,77,77,106,106,137,60,60,156,156,169,183,183,183,195,195,61,80,80,106,121,137,12,29,29,29,29,29,29,55,55],"floor_reached":56,"playtime":13860,"items_purged":["Regret","Strike_G","Normality"],"score":1365,"play_id":"15ec90db-df3e-4c32-aaa2-587da39af630","local_time":"20190510154253","is_ascension_mode":true,"campfire_choices":[{"floor":7.0,"key":"REST"},{"floor":15.0,"key":"REST"},{"floor":25.0,"key":"REST"},{"data":"Apotheosis","floor":27,"key":"SMITH"},{"floor":32,"key":"REST"},{"floor":40,"key":"RECALL"},{"floor":49,"key":"REST"},{"data":"Strike_G","floor":52,"key":"PURGE"}],"neow_cost":"PERCENT_DAMAGE","seed_source_timestamp":0,"circlet_count":0,"master_deck":["Defend_G","Defend_G","Defend_G","Defend_G","Defend_G","Strike_G+1","Survivor","Neutralize","Blur","Footwork","Infinite Blades","Caltrops","Bouncing Flask","Poisoned Stab+1","Crippling Poison","Well Laid Plans","Noxious Fumes","Venomology","Bouncing Flask","Backflip","Ghostly","Ghostly","Ghostly","Ghostly","Ghostly","Backstab+1","Apotheosis+1","Acrobatics","Catalyst","Adrenaline","Madness","Madness","Noxious Fumes","Night Terror"],"special_seed":0,"relics":["Ring of the Serpent","Peace Pipe","Regal Pillow","Anchor","Oddly Smooth Stone","PreservedInsect","Cursed Key","Omamori","Pantograph","Necronomicon","Whetstone","Boot","Bag of Preparation","Paper Crane"],"potions_floor_usage":[30,35,44,45,50,50,50,50,50,50,54,55,55],"damage_taken":[{"damage":10.0,"enemies":"Small Slimes","floor":1.0,"turns":4.0},{"damage":7.0,"enemies":"Cultist","floor":4.0,"turns":6.0},{"damage":19.0,"enemies":"Lagavulin","floor":6.0,"turns":12.0},{"damage":44.0,"enemies":"Gremlin Nob","floor":8.0,"turns":7.0},{"damage":1.0,"enemies":"Jaw Worm","floor":10.0,"turns":4.0},{"damage":2.0,"enemies":"Exordium Thugs","floor":11.0,"turns":6.0},{"damage":19.0,"enemies":"Hexaghost","floor":16.0,"turns":8.0},{"damage":14.0,"enemies":"Shell Parasite","floor":18.0,"turns":5.0},{"damage":1.0,"enemies":"2 Thieves","floor":21.0,"turns":4.0},{"damage":9.0,"enemies":"Slavers","floor":23.0,"turns":5.0},{"damage":18.0,"enemies":"Cultist and Chosen","floor":24.0,"turns":8.0},{"damage":3,"enemies":"Gremlin Leader","floor":28,"turns":6},{"damage":0,"enemies":"Slavers","floor":30,"turns":5},{"damage":16,"enemies":"Automaton","floor":33,"turns":10},{"damage":0,"enemies":"3 Darklings","floor":35,"turns":5},{"damage":1,"enemies":"Orb Walker","floor":36,"turns":5},{"damage":0,"enemies":"Transient","floor":39,"turns":5},{"damage":0,"enemies":"Jaw Worm Horde","floor":42,"turns":5},{"damage":2,"enemies":"Giant Head","floor":44,"turns":7},{"damage":3,"enemies":"Maw","floor":45,"turns":7},{"damage":7,"enemies":"Sphere and 2 Shapes","floor":46,"turns":6},{"damage":3,"enemies":"Jaw Worm Horde","floor":48,"turns":6},{"damage":29,"enemies":"Awakened One","floor":50,"turns":12},{"damage":4,"enemies":"Shield and Spear","floor":54,"turns":7},{"damage":31,"enemies":"The Heart","floor":55,"turns":9}],"seed_played":"9060404883886681407","potions_obtained":[{"floor":1.0,"key":"LiquidBronze"},{"floor":4.0,"key":"Regen Potion"},{"floor":8.0,"key":"Block Potion"},{"floor":18.0,"key":"Block Potion"},{"floor":21.0,"key":"Weak Potion"},{"floor":33,"key":"FearPotion"},{"floor":35,"key":"PowerPotion"}],"is_trial":false,"path_per_floor":["M","?","$","M","?","E","R","E","T","M","M","?","$","$","R","B",null,"M","?","?","M","$","E","M","R","T","R","E","?","E","$","R","B",null,"M","M","?","?","M","R","$","M","T","E","M","M","$","M","R","B",null,"R","$","E","B",null],"character_chosen":"THE_SILENT","items_purchased":["Footwork","PreservedInsect","Crippling Poison","Well Laid Plans","Noxious Fumes","Apotheosis","Catalyst","Noxious Fumes"],"campfire_rested":5,"item_purchase_floors":[3,13,13,13,14,22,31,41],"current_hp_per_floor":[39,39,39,32,32,28,64,20,20,19,17,17,17,17,53,34,70,56,56,35,34,34,25,7,32,32,32,29,13,13,13,35,19,35,35,34,34,30,30,30,30,30,30,28,35,28,28,25,35,6,35,35,35,31,4],"gold":55,"neow_bonus":"ONE_RARE_RELIC","is_prod":false,"is_daily":false,"chose_seed":false,"campfire_upgraded":1,"win_rate":0,"timestamp":1557520973,"path_taken":["M","?","?","M","?","E","R","E","T","M","?","?","?","$","R","BOSS","M","?","?","M","$","E","M","R","T","R","E","?","E","$","R","BOSS","M","M","?","?","M","R","$","M","T","E","M","M","$","M","R","BOSS","R","$","E","BOSS"],"build_version":"2019-01-23","purchased_purges":3,"victory":true,"max_hp_per_floor":[70,70,70,70,70,70,70,70,70,70,70,70,70,70,70,70,70,70,70,35,35,35,35,35,35,35,35,35,35,35,35,35,35,35,35,35,35,35,35,35,35,35,35,35,35,35,35,35,35,35,35,35,35,35,35],"card_choices":[{"not_picked":["Underhanded Strike","Reflex"],"picked":"Blur","floor":1.0},{"not_picked":["Blade Dance","PiercingWail"],"picked":"Infinite Blades","floor":4.0},{"not_picked":["Setup","Acrobatics"],"picked":"Caltrops","floor":6.0},{"not_picked":["Poisoned Stab","Deflect"],"picked":"Bouncing Flask","floor":8.0},{"not_picked":["Finisher","Setup","Flying Knee"],"picked":"SKIP","floor":10.0},{"not_picked":["Unload","Flying Knee"],"picked":"Poisoned Stab","floor":11.0},{"not_picked":["Grand Finale","Phantasmal Killer"],"picked":"Venomology","floor":16.0},{"not_picked":["Tactician","Dagger Throw"],"picked":"Bouncing Flask","floor":18.0},{"not_picked":["Prepared+1","Acrobatics"],"picked":"Backstab+1","floor":21.0},{"not_picked":["Outmaneuver+1","Quick Slash","Underhanded Strike+1"],"picked":"SKIP","floor":23.0},{"not_picked":["Slice","Bane","Reflex"],"picked":"SKIP","floor":24.0},{"not_picked":["Calculated Gamble","Endless Agony"],"picked":"Acrobatics","floor":28},{"not_picked":["Concentrate","Poisoned Stab","Finisher+1"],"picked":"SKIP","floor":30},{"not_picked":["Envenom","Doppelganger"],"picked":"Adrenaline","floor":33},{"not_picked":["Outmaneuver","Cloak And Dagger+1","Choke"],"picked":"SKIP","floor":35},{"not_picked":["Bouncing Flask+1","Dagger Throw+1","Flying Knee+1"],"picked":"SKIP","floor":36},{"not_picked":["Deflect+1","Blade Dance+1","Quick Slash+1"],"picked":"SKIP","floor":39},{"not_picked":["Phantasmal Killer","Slice","Setup+1"],"picked":"SKIP","floor":42},{"not_picked":["Prepared+1","Burst"],"picked":"Night Terror","floor":44},{"not_picked":["Noxious Fumes","Deflect","Sucker Punch"],"picked":"SKIP","floor":45},{"not_picked":["Heel Hook+1","Dagger Throw","Leg Sweep"],"picked":"SKIP","floor":46},{"not_picked":["Underhanded Strike+1","Well Laid Plans+1","Footwork+1"],"picked":"SKIP","floor":48},{"not_picked":["Bouncing Flask","Flechettes","Poisoned Stab"],"picked":"SKIP","floor":54}],"player_experience":160101,"relics_obtained":[{"floor":6.0,"key":"Regal Pillow"},{"floor":8.0,"key":"Anchor"},{"floor":9.0,"key":"Oddly Smooth Stone"},{"floor":23.0,"key":"Omamori"},{"floor":28,"key":"Pantograph"},{"floor":29,"key":"Necronomicon"},{"floor":30,"key":"Whetstone"},{"floor":43,"key":"Boot"},{"floor":44,"key":"Bag of Preparation"},{"floor":54,"key":"Paper Crane"}],"event_choices":[{"cards_removed":["Strike_G"],"damage_healed":0.0,"max_hp_gain":0.0,"max_hp_loss":0.0,"gold_gain":0.0,"event_name":"Bonfire Elementals","player_choice":"Offered Basic","floor":2.0,"gold_loss":0.0,"damage_taken":0.0},{"cards_removed":["Strike_G"],"damage_healed":0.0,"max_hp_gain":0.0,"max_hp_loss":0.0,"gold_gain":0.0,"event_name":"Wheel of Change","player_choice":"Card Removal","floor":5.0,"gold_loss":0.0,"damage_taken":0.0},{"damage_healed":0.0,"max_hp_gain":0.0,"max_hp_loss":0.0,"gold_gain":275.0,"event_name":"Golden Shrine","player_choice":"Desecrate","floor":12.0,"gold_loss":0.0,"damage_taken":0.0,"cards_obtained":["Regret"]},{"damage_healed":0.0,"max_hp_gain":0.0,"max_hp_loss":0.0,"gold_gain":0.0,"event_name":"The Library","player_choice":"Read","floor":19.0,"gold_loss":0.0,"damage_taken":0.0,"cards_obtained":["Backflip"]},{"damage_healed":0.0,"max_hp_gain":0.0,"max_hp_loss":35.0,"gold_gain":0.0,"event_name":"Ghosts","player_choice":"Became a Ghost","floor":20.0,"gold_loss":0.0,"damage_taken":0.0,"cards_obtained":["Ghostly","Ghostly","Ghostly","Ghostly","Ghostly"]},{"damage_healed":0,"gold_gain":0,"player_choice":"Obtained Book","damage_taken":16,"max_hp_gain":0,"max_hp_loss":0,"event_name":"Cursed Tome","floor":29,"gold_loss":0},{"damage_healed":0,"gold_gain":0,"player_choice":"Ignored","damage_taken":0,"max_hp_gain":0,"max_hp_loss":0,"event_name":"Tomb of Lord Red Mask","floor":37,"gold_loss":0},{"damage_healed":0,"gold_gain":0,"player_choice":"Embrace Madness","damage_taken":4,"max_hp_gain":0,"max_hp_loss":0,"event_name":"Winding Halls","floor":38,"gold_loss":0,"cards_obtained":["Madness","Madness"]}],"is_beta":false,"boss_relics":[{"not_picked":["Busted Crown","White Beast Statue"],"picked":"Cursed Key"},{"not_picked":["Eternal Feather","Runic Pyramid"],"picked":"Ring of the Serpent"}],"items_purged_floors":[13,41,47],"is_endless":false,"potions_floor_spawned":[1,4,8,18,21,33,35,39,45,46,48],"ascension_level":2}