{"gold_per_floor":[115,134,134,134,158,199,374,374,400,441,288,319,319,339,339,463,463,478,478,478,516,121,162,187,187,214,233,233,256,53,53,53,174,174,190,190,523,398,171,171,200,219,219,219,319,319,338,338,338,338,338,338,130,130],"floor_reached":54,"playtime":5465,"items_purged":["Doubt","Injury","Writhe","Defend_R","Defend_R"],"score":823,"play_id":"f8006e31-ee52-4b03-8ce9-8a7bbb3e3482","local_time":"20190505214211","is_ascension_mode":true,"campfire_choices":[{"floor":8.0,"key":"REST"},{"data":"True Grit","floor":13.0,"key":"SMITH"},{"floor":15.0,"key":"REST"},{"floor":25,"key":"REST"},{"data":"Bite","floor":28,"key":"SMITH"},{"floor":32,"key":"RECALL"},{"data":"Double Tap","floor":40,"key":"SMITH"},{"data":"Bite","floor":44,"key":"SMITH"},{"data":"Fiend Fire","floor":49,"key":"SMITH"},{"data":"Flame Barrier","floor":52,"key":"SMITH"}],"neow_cost":"PERCENT_DAMAGE","seed_source_timestamp":0,"circlet_count":0,"master_deck":["Defend_R","Bash","Spot Weakness","Shockwave","Pommel Strike+1","Double Tap+1","Shrug It Off","Ghostly Armor","True Grit+1","Flame Barrier+1","Reaper","Shrug It Off","Bite+1","Bite+1","Bite+1","Bite","Bite","Feel No Pain","Shockwave","Ghostly Armor","Reaper","Flame Barrier","Fiend Fire+1","Inflame","Metallicize+1","Flame Barrier+1","Decay","Madness","Madness","Metallicize","Metallicize"],"special_seed":0,"relics":["Burning Blood","PreservedInsect","Mango","Art of War","Vajra","Regal Pillow","Cursed Key","Dream Catcher","Red Mask","Ice Cream","WingedGreaves","Whetstone","DollysMirror","Mark of Pain","Unceasing Top","Pocketwatch"],"potions_floor_usage":[33,33,50],"damage_taken":[{"damage":0.0,"enemies":"Small Slimes","floor":1.0,"turns":3.0},{"damage":5.0,"enemies":"2 Louse","floor":2.0,"turns":3.0},{"damage":19.0,"enemies":"Jaw Worm","floor":5.0,"turns":4.0},{"damage":43.0,"enemies":"Lagavulin","floor":6.0,"turns":7.0},{"damage":17.0,"enemies":"Gremlin Nob","floor":10.0,"turns":4.0},{"damage":12.0,"enemies":"Lagavulin","floor":12.0,"turns":5.0},{"damage":9.0,"enemies":"2 Fungi Beasts","floor":14.0,"turns":3.0},{"damage":39.0,"enemies":"The Guardian","floor":16.0,"turns":11.0},{"damage":13.0,"enemies":"Shell Parasite","floor":18.0,"turns":6.0},{"damage":53.0,"enemies":"Masked Bandits","floor":21.0,"turns":6.0},{"damage":40.0,"enemies":"Book of Stabbing","floor":23.0,"turns":7.0},{"damage":16,"enemies":"Spheric Guardian","floor":24,"turns":4},{"damage":30,"enemies":"Cultist and Chosen","floor":27,"turns":9},{"damage":28,"enemies":"Snake Plant","floor":29,"turns":5},{"damage":117,"enemies":"Automaton","floor":33,"turns":13},{"damage":29,"enemies":"3 Shapes","floor":35,"turns":6},{"damage":10,"enemies":"Nemesis","floor":41,"turns":5},{"damage":16,"enemies":"Orb Walker","floor":42,"turns":4},{"damage":6,"enemies":"Mind Bloom Boss Battle","floor":45,"turns":8},{"damage":26,"enemies":"Sphere and 2 Shapes","floor":47,"turns":8},{"damage":86,"enemies":"Donu and Deca","floor":50,"turns":14},{"damage":87,"enemies":"Shield and Spear","floor":54,"turns":5}],"seed_played":"8547415258900672353","potions_obtained":[{"floor":1.0,"key":"GamblersBrew"},{"floor":10.0,"key":"PowerPotion"},{"floor":12.0,"key":"Regen Potion"},{"floor":21.0,"key":"Weak Potion"},{"floor":33,"key":"EntropicBrew"},{"floor":35,"key":"SpeedPotion"}],"is_trial":false,"path_per_floor":["M","M","?","?","M","E","?","R","T","E","$","E","R","M","R","B",null,"M","?","?","?","$","E","M","R","T","M","R","M","$","?","R","B",null,"M","$","?","$","$","R","E","M","T","R","?","?","M","?","R","B",null,"R","$","E"],"character_chosen":"IRONCLAD","items_purchased":["Ghostly Armor","Ice Cream","DollysMirror","Inflame","Metallicize"],"campfire_rested":3,"item_purchase_floors":[11,22,30,39,53],"current_hp_per_floor":[78,79,72,72,59,36,36,69,69,58,58,52,52,49,97,64,110,104,77,77,54,54,40,38,76,76,77,77,73,73,73,73,46,77,66,66,66,66,66,66,73,77,77,77,77,67,77,77,77,71,77,77,77,0],"gold":130,"neow_bonus":"TWENTY_PERCENT_HP_BONUS","is_prod":false,"is_daily":false,"chose_seed":false,"campfire_upgraded":6,"win_rate":0,"timestamp":1557110531,"path_taken":["M","M","?","?","M","E","?","R","T","E","$","E","R","M","R","BOSS","M","?","?","?","$","E","M","R","T","M","R","M","$","?","R","BOSS","M","$","?","$","$","R","E","M","T","R","?","?","M","?","R","BOSS","R","$","E"],"build_version":"2019-01-23","purchased_purges":5,"victory":false,"max_hp_per_floor":[96,96,96,96,96,110,110,110,110,110,110,110,110,110,110,110,110,110,77,77,77,77,77,77,77,77,77,77,77,77,77,77,77,77,77,77,77,77,77,77,77,77,77,77,77,77,77,77,77,77,77,77,77,77],"card_choices":[{"not_picked":["Bloodletting","Warcry"],"picked":"Spot Weakness","floor":1.0},{"not_picked":["Wild Strike","Power Through"],"picked":"Shockwave","floor":2.0},{"not_picked":["Anger","Uppercut"],"picked":"Pommel Strike","floor":5.0},{"not_picked":["Corruption","Iron Wave"],"picked":"Double Tap","floor":6.0},{"not_picked":["Anger","Pummel"],"picked":"Shrug It Off","floor":10.0},{"not_picked":["Dual Wield","Armaments"],"picked":"True Grit","floor":12.0},{"not_picked":["Whirlwind","Perfected Strike"],"picked":"Flame Barrier","floor":14.0},{"not_picked":["Limit Break","Exhume"],"picked":"Reaper","floor":16.0},{"not_picked":["Clothesline","Iron Wave"],"picked":"Shrug It Off","floor":18.0},{"not_picked":["Pommel Strike","Havoc","Entrench"],"picked":"SKIP","floor":23},{"not_picked":["Perfected Strike","Pummel"],"picked":"Feel No Pain","floor":24},{"not_picked":["Clash","Rupture"],"picked":"Shockwave","floor":25},{"not_picked":["Anger","Sever Soul+1"],"picked":"Ghostly Armor","floor":27},{"not_picked":["Sword Boomerang","Perfected Strike","Headbutt+1"],"picked":"SKIP","floor":29},{"not_picked":["Berserk","Bludgeon"],"picked":"Fiend Fire","floor":33},{"not_picked":["Ghostly Armor","Armaments+1","Bloodletting"],"picked":"SKIP","floor":35},{"not_picked":["Uppercut","Havoc"],"picked":"Metallicize+1","floor":41},{"not_picked":["Searing Blow","Flex"],"picked":"Flame Barrier+1","floor":42},{"not_picked":["Armaments+1","Clothesline+1"],"picked":"Metallicize","floor":47}],"player_experience":132240,"relics_obtained":[{"floor":6.0,"key":"Mango"},{"floor":9.0,"key":"Art of War"},{"floor":10.0,"key":"Vajra"},{"floor":12.0,"key":"Regal Pillow"},{"floor":21.0,"key":"Red Mask"},{"floor":23,"key":"WingedGreaves"},{"floor":26,"key":"Whetstone"},{"floor":41,"key":"Unceasing Top"},{"floor":45,"key":"Pocketwatch"}],"event_choices":[{"damage_healed":0.0,"max_hp_gain":0.0,"max_hp_loss":0.0,"gold_gain":0.0,"event_name":"Scrap Ooze","player_choice":"Success","floor":3.0,"gold_loss":0.0,"damage_taken":7.0,"relics_obtained":["PreservedInsect"]},{"damage_healed":0.0,"max_hp_gain":0.0,"max_hp_loss":0.0,"gold_gain":0.0,"event_name":"Golden Idol","player_choice":"Take Wound","floor":4.0,"gold_loss":0.0,"damage_taken":0.0,"relics_obtained":["Golden Idol"],"cards_obtained":["Injury"]},{"damage_healed":0.0,"max_hp_gain":0.0,"max_hp_loss":0.0,"gold_gain":175.0,"event_name":"Liars Game","player_choice":"AGREE","floor":7.0,"gold_loss":0.0,"damage_taken":0.0,"cards_obtained":["Doubt"]},{"damage_healed":0.0,"max_hp_gain":0.0,"max_hp_loss":33.0,"gold_gain":0.0,"event_name":"Vampires","player_choice":"Became a vampire","floor":19.0,"gold_loss":0.0,"damage_taken":0.0,"cards_obtained":["Bite","Bite","Bite","Bite","Bite"]},{"damage_healed":0.0,"max_hp_gain":0.0,"max_hp_loss":0.0,"gold_gain":0.0,"event_name":"The Mausoleum","player_choice":"Opened","floor":20.0,"gold_loss":0.0,"damage_taken":0.0,"relics_obtained":["Dream Catcher"]},{"damage_healed":0.0,"max_hp_gain":0.0,"max_hp_loss":0.0,"gold_gain":0.0,"event_name":"Masked Bandits","player_choice":"Fought Bandits","floor":21.0,"gold_loss":0.0,"damage_taken":0.0},{"damage_healed":0,"gold_gain":0,"player_choice":"Read","damage_taken":0,"max_hp_gain":0,"max_hp_loss":0,"event_name":"The Library","floor":31,"gold_loss":0,"cards_obtained":["Flame Barrier"]},{"damage_healed":0,"gold_gain":333,"player_choice":"Gave Idol","damage_taken":0,"max_hp_gain":0,"max_hp_loss":0,"event_name":"The Moai Head","floor":37,"relics_lost":["Golden Idol"],"gold_loss":0},{"damage_healed":0,"gold_gain":0,"player_choice":"Fight","damage_taken":0,"max_hp_gain":0,"max_hp_loss":0,"event_name":"MindBloom","floor":45,"gold_loss":0},{"damage_healed":0,"gold_gain":0,"player_choice":"Embrace Madness","damage_taken":10,"max_hp_gain":0,"max_hp_loss":0,"event_name":"Winding Halls","floor":46,"gold_loss":0,"cards_obtained":["Madness","Madness"]},{"cards_removed":["Defend_R"],"damage_healed":0,"gold_gain":0,"player_choice":"Removed Skill","damage_taken":0,"max_hp_gain":0,"max_hp_loss":0,"event_name":"Falling","floor":48,"gold_loss":0}],"is_beta":false,"boss_relics":[{"not_picked":["Runic Cube","Runic Pyramid"],"picked":"Cursed Key"},{"not_picked":["Velvet Choker","Snecko Eye"],"picked":"Mark of Pain"}],"items_purged_floors":[11,22,38,39,53],"is_endless":false,"potions_floor_spawned":[1,10,12,21,29,33,35,42],"killed_by":"Shield and Spear","ascension_level":3}