{"path_per_floor":["M","$","?","?","?","M","?","E","T","R","M","M","T","M","R","B",null,"M","M","$","?","T","R","M","R","T","R","M","M","$","M","R","B",null,"M","M","M","$","M","R","E","M","T","E","M","M","$","?","R","B"],"character_chosen":"THE_SILENT","items_purchased":["Flash of Steel","Weak Potion"],"gold_per_floor":[109,34,34,34,34,47,47,90,114,114,128,153,202,216,216,335,335,348,368,171,96,96,96,115,115,192,192,206,231,106,121,121,241,241,256,272,285,135,151,151,185,209,209,252,276,295,71,404,404,404],"floor_reached":51,"campfire_rested":5,"playtime":4212,"current_hp_per_floor":[35,35,35,35,28,28,28,14,14,33,33,33,33,33,33,32,65,65,58,58,58,58,58,58,58,58,65,61,59,59,59,65,65,65,63,63,58,58,58,65,65,57,59,61,52,54,54,54,73,73],"items_purged":["Strike_G","Strike_G","Strike_G","Defend_G","Strike_G"],"gold":404,"score":1011,"play_id":"8561e8fb-ef50-45a1-994f-2b843c36a247","local_time":"20180317011605","is_prod":false,"is_daily":false,"is_ascension_mode":false,"campfire_upgraded":3,"timestamp":1521270965,"path_taken":["M","$","?","?","?","M","?","E","T","R","M","M","?","M","R","BOSS","M","M","$","?","?","R","M","R","T","R","M","?","$","M","R","BOSS","M","M","M","$","M","R","E","M","T","E","M","M","$","?","R","BOSS"],"build_version":"2018-03-09","purchased_purges":5,"victory":true,"master_deck":["Defend_G+1","Survivor+1","Neutralize+1","Heel Hook+1","Flash of Steel+1"],"max_hp_per_floor":[70,70,70,70,70,70,65,65,65,65,65,65,65,65,65,65,65,65,65,65,65,65,65,65,65,65,65,65,65,65,65,65,65,65,65,65,65,65,65,65,65,65,67,69,71,73,73,73,73,73],"relics":["Ring of the Snake","Pantograph","Whetstone","War Paint","Lizard Tail","Bag of Marbles","Matryoshka","Black Star","Pen Nib","Prayer Wheel","Singing Bowl","Bird Faced Urn","Sundial","Torii"],"card_choices":[{"not_picked":["Underhanded Strike","Prepared"],"picked":"Heel Hook"}],"player_experience":661977,"potions_floor_usage":[28],"damage_taken":[{"damage":0.0,"enemies":"Small Slimes","floor":1.0,"turns":3.0},{"damage":0.0,"enemies":"Cultist","floor":6.0,"turns":4.0},{"damage":14.0,"enemies":"Gremlin Nob","floor":8.0,"turns":4.0},{"damage":0.0,"enemies":"Jaw Worm","floor":11.0,"turns":3.0},{"damage":0.0,"enemies":"Lots of Slimes","floor":12.0,"turns":1.0},{"damage":0.0,"enemies":"3 Louse","floor":14.0,"turns":4.0},{"damage":26.0,"enemies":"The Guardian","floor":16.0,"turns":13.0},{"damage":0,"enemies":"Chosen","floor":18,"turns":4},{"damage":7,"enemies":"Shell Parasite","floor":19,"turns":5},{"damage":0,"enemies":"Centurion and Healer","floor":24,"turns":6},{"damage":4,"enemies":"Slaver and Parasite","floor":28,"turns":4},{"damage":2,"enemies":"Sentry and Sphere","floor":29,"turns":6},{"damage":0,"enemies":"Snake Plant","floor":31,"turns":1},{"damage":0,"enemies":"Champ","floor":33,"turns":1},{"damage":2,"enemies":"3 Darklings","floor":35,"turns":14},{"damage":0,"enemies":"3 Shapes","floor":36,"turns":4},{"damage":5,"enemies":"3 Darklings","floor":37,"turns":10},{"damage":0,"enemies":"Maw","floor":39,"turns":1},{"damage":0,"enemies":"Giant Head","floor":41,"turns":1},{"damage":8,"enemies":"4 Shapes","floor":42,"turns":4},{"damage":0,"enemies":"Nemesis","floor":44,"turns":1},{"damage":11,"enemies":"Sphere and 2 Shapes","floor":45,"turns":5},{"damage":0,"enemies":"3 Darklings","floor":46,"turns":6},{"damage":0,"enemies":"Awakened One","floor":50,"turns":2}],"event_choices":[{"event_name":"Wheel of Change","player_choice":"Relic","floor":3.0,"damage_taken":0.0},{"event_name":"Upgrade Shrine","player_choice":"Upgraded","floor":4.0,"damage_taken":0.0},{"event_name":"Golden Wing","player_choice":"Card Removal","floor":5.0,"damage_taken":0.0},{"event_name":"Golden Idol","player_choice":"Lose Max HP","floor":7.0,"damage_taken":0.0},{"event_name":"Beggar","player_choice":"Gave Gold","floor":21,"damage_taken":0},{"event_name":"The Moai Head","player_choice":"Gave Idol","floor":48,"damage_taken":0}],"boss_relics":[{"not_picked":["Orrery","Runic Dome"],"picked":"Lizard Tail"},{"not_picked":["Eternal Feather","Snecko Eye"],"picked":"Black Star"}],"potions_floor_spawned":[1,6,8,24,28,31,39,41,42,44,45],"seed_played":"8083522304428836212","ascension_level":0,"is_trial":false}