{"path_per_floor":["M","$","T","M","M","R","E","R","T","R","M","M","$","M","R","B",null,"M","T","M","M","M","R","M","R","T","R","M","$","E","M","R","B",null,"M","M","?","M","M","R","M","T","T","R","$","M","R","M","R","B"],"character_chosen":"THE_SILENT","items_purchased":["Noxious Fumes","Cloak And Dagger","Noxious Fumes","Paper Crane","Sucker Punch","Footwork","Deflect"],"gold_per_floor":[110,33,56,76,86,86,120,120,175,175,192,211,31,48,48,150,150,169,214,233,247,264,264,282,282,307,307,323,73,103,117,117,212,212,222,233,233,252,270,270,289,289,289,289,44,61,61,78,78,78],"floor_reached":51,"campfire_rested":6,"playtime":3245,"current_hp_per_floor":[35,35,35,34,32,53,46,46,46,46,43,40,40,40,40,30,70,58,58,54,46,24,45,28,49,49,49,48,48,38,38,59,41,74,53,50,50,50,50,50,46,46,46,46,46,34,56,49,72,55],"items_purged":["Strike_G","Strike_G"],"gold":78,"score":650,"play_id":"b48c9404-8c7e-467b-a930-3e3b8bb20ce2","local_time":"20180408210918","is_prod":false,"is_daily":false,"is_ascension_mode":false,"campfire_upgraded":6,"timestamp":1523243358,"path_taken":["M","$","?","M","M","R","E","R","T","R","M","M","$","?","R","BOSS","M","?","M","M","M","R","M","R","T","R","M","$","E","M","R","BOSS","M","M","?","M","M","R","M","?","T","R","$","?","R","?","R","BOSS"],"build_version":"2018-04-04","purchased_purges":2,"victory":true,"master_deck":["Defend_G","Defend_G","Defend_G","Defend_G","Defend_G","Strike_G","Strike_G","Survivor","Neutralize+1","Flying Knee","Noxious Fumes+1","Catalyst","Deflect","All Out Attack","Footwork+1","Cloak And Dagger","Noxious Fumes+1","Predator","Tools of the Trade+1","Dagger Spray","Malaise+1","Footwork+1","PiercingWail+1","Tactician","Deadly Poison","Bane+1","Bane+1","Leg Sweep+1","Dodge and Roll+1","Well Laid Plans","Deflect","Sucker Punch","Footwork","Deflect"],"max_hp_per_floor":[70,70,70,70,70,70,70,70,70,70,70,70,70,70,70,70,70,70,70,70,70,70,70,70,70,70,70,72,72,72,72,72,74,74,74,74,74,74,74,74,74,74,74,74,74,76,76,78,78,78],"relics":["Ring of the Snake","Dead Branch","Art of War","Bag of Preparation","Tiny Chest","Black Star","Singing Bowl","Vajra","Paper Crane","Snake Skull","Bag of Marbles","Sozu","The Specimen","Orichalcum"],"card_choices":[{"not_picked":["Bouncing Flask","Blur"],"picked":"Flying Knee","floor":1.0},{"not_picked":["Expertise","Flying Knee"],"picked":"Catalyst","floor":4.0},{"not_picked":["Underhanded Strike","Endless Agony"],"picked":"Deflect","floor":5.0},{"not_picked":["Concentrate","Deflect"],"picked":"All Out Attack","floor":11.0},{"not_picked":["Flying Knee","Finisher"],"picked":"Footwork","floor":12.0},{"not_picked":["Bane","Eviscerate"],"picked":"Predator","floor":14.0},{"not_picked":["Unload","Envenom"],"picked":"Tools of the Trade","floor":16.0},{"not_picked":["All Out Attack","Slice"],"picked":"Dagger Spray","floor":18.0},{"not_picked":["Blade Dance","Dagger Spray"],"picked":"Malaise","floor":20.0},{"not_picked":["Underhanded Strike","Backflip"],"picked":"Footwork","floor":21.0},{"not_picked":["Flechettes","Outmaneuver"],"picked":"PiercingWail","floor":22.0},{"not_picked":["Backflip","Slice"],"picked":"Tactician","floor":24.0},{"not_picked":["Acrobatics","Blur"],"picked":"Deadly Poison","floor":30.0},{"not_picked":["Dagger Throw","Expertise"],"picked":"Bane","floor":31.0},{"not_picked":["Dash","Acrobatics"],"picked":"Bane","floor":35.0},{"not_picked":["Catalyst","Crippling Poison"],"picked":"Leg Sweep","floor":36.0},{"not_picked":["Leg Sweep","Sucker Punch"],"picked":"Dodge and Roll","floor":38.0},{"not_picked":["Escape Plan","Cloak And Dagger"],"picked":"Well Laid Plans","floor":39.0},{"not_picked":["PiercingWail","Corpse Explosion"],"picked":"Deflect","floor":41}],"player_experience":1023194,"potions_floor_usage":[50,50],"damage_taken":[{"damage":0.0,"enemies":"Cultist","floor":1.0,"turns":4.0},{"damage":1.0,"enemies":"2 Louse","floor":4.0,"turns":4.0},{"damage":2.0,"enemies":"Small Slimes","floor":5.0,"turns":4.0},{"damage":22.0,"enemies":"Gremlin Nob","floor":7.0,"turns":5.0},{"damage":3.0,"enemies":"Exordium Wildlife","floor":11.0,"turns":4.0},{"damage":3.0,"enemies":"Red Slaver","floor":12.0,"turns":4.0},{"damage":0.0,"enemies":"3 Louse","floor":14.0,"turns":2.0},{"damage":10.0,"enemies":"Hexaghost","floor":16.0,"turns":8.0},{"damage":12.0,"enemies":"2 Thieves","floor":18.0,"turns":4.0},{"damage":4.0,"enemies":"Chosen","floor":20.0,"turns":5.0},{"damage":8.0,"enemies":"Snecko","floor":21.0,"turns":6.0},{"damage":22.0,"enemies":"Cultist and Chosen","floor":22.0,"turns":6.0},{"damage":17.0,"enemies":"Slaver and Parasite","floor":24.0,"turns":6.0},{"damage":3.0,"enemies":"Snake Plant","floor":28.0,"turns":6.0},{"damage":10.0,"enemies":"Book of Stabbing","floor":30.0,"turns":7.0},{"damage":0.0,"enemies":"Cultist and Chosen","floor":31.0,"turns":5.0},{"damage":20.0,"enemies":"Collector","floor":33.0,"turns":8.0},{"damage":21.0,"enemies":"3 Darklings","floor":35.0,"turns":4.0},{"damage":3.0,"enemies":"3 Shapes","floor":36.0,"turns":5.0},{"damage":0.0,"enemies":"Sphere and 2 Shapes","floor":38.0,"turns":3.0},{"damage":0.0,"enemies":"Maw","floor":39.0,"turns":6.0},{"damage":4,"enemies":"Flame Bruiser 2 Orb","floor":41,"turns":6},{"damage":14,"enemies":"Sphere and 2 Shapes","floor":46,"turns":4},{"damage":9,"enemies":"3 Darklings","floor":48,"turns":6},{"damage":17,"enemies":"Time Eater","floor":50,"turns":16}],"event_choices":[],"boss_relics":[],"potions_floor_spawned":[1,4,12,16,21,24,28,31,39,41,48],"seed_played":"-3369942344921254346","ascension_level":0,"is_trial":false}