{"gold_per_floor":[117,117,133,149,167,183,183,183,209,224,224],"floor_reached":11,"playtime":301,"items_purged":[],"score":67,"play_id":"7d774f49-391a-4b1b-8e96-e068b00674c1","local_time":"20190512231401","is_ascension_mode":false,"campfire_choices":[{"floor":7,"key":"REST"}],"neow_cost":"NONE","seed_source_timestamp":37302724820252,"circlet_count":0,"master_deck":["Strike_B","Strike_B","Strike_B","Strike_B","Defend_B","Defend_B","Defend_B","Defend_B","Zap","Dualcast","Barrage","Redo","Creative AI","Beam Cell","Ball Lightning","Redo"],"relics":["Cracked Core","Bronze Scales"],"potions_floor_usage":[],"damage_taken":[{"damage":0,"enemies":"Small Slimes","floor":1,"turns":3},{"damage":5,"enemies":"2 Louse","floor":3,"turns":4},{"damage":4,"enemies":"Cultist","floor":4,"turns":4},{"damage":28,"enemies":"Large Slime","floor":5,"turns":5},{"damage":28,"enemies":"Exordium Thugs","floor":6,"turns":5},{"damage":14,"enemies":"Exordium Wildlife","floor":10,"turns":3},{"damage":37,"enemies":"Gremlin Nob","floor":11,"turns":4}],"seed_played":"-1728595572752570518","potions_obtained":[{"floor":3,"key":"EntropicBrew"},{"floor":5,"key":"Fire Potion"}],"is_trial":false,"path_per_floor":["M","?","M","M","M","M","R","?","T","M","E"],"character_chosen":"DEFECT","items_purchased":[],"campfire_rested":1,"item_purchase_floors":[],"current_hp_per_floor":[82,87,82,78,50,22,48,48,48,34,0],"gold":224,"neow_bonus":"TEN_PERCENT_HP_BONUS","is_prod":false,"is_daily":false,"chose_seed":false,"campfire_upgraded":0,"win_rate":0.0,"timestamp":1557717241,"path_taken":["M","?","M","M","M","M","R","?","T","M","E"],"build_version":"2019-01-23","purchased_purges":0,"victory":false,"max_hp_per_floor":[82,87,87,87,87,87,87,87,87,87,87],"card_choices":[{"not_picked":["Steam","Gash"],"picked":"Barrage","floor":1},{"not_picked":["Sweeping Beam","Conserve Battery"],"picked":"Redo","floor":3},{"not_picked":["Auto Shields","BootSequence"],"picked":"Creative AI","floor":4},{"not_picked":["Lockon","Steam"],"picked":"Beam Cell","floor":5},{"not_picked":["Coolheaded","Sweeping Beam"],"picked":"Ball Lightning","floor":6},{"not_picked":["Stack","Darkness"],"picked":"Redo","floor":10}],"player_experience":6731,"relics_obtained":[{"floor":9,"key":"Bronze Scales"}],"event_choices":[{"damage_healed":0,"gold_gain":0,"player_choice":"Donut","damage_taken":0,"max_hp_gain":5,"max_hp_loss":0,"event_name":"Big Fish","floor":2,"gold_loss":0},{"damage_healed":0,"gold_gain":0,"player_choice":"Bought 0 Potions","damage_taken":0,"max_hp_gain":0,"max_hp_loss":0,"event_name":"The Woman in Blue","floor":8,"gold_loss":0}],"is_beta":false,"boss_relics":[],"items_purged_floors":[],"is_endless":false,"potions_floor_spawned":[3,5],"killed_by":"Gremlin Nob","ascension_level":0}