{"gold_per_floor":[99,99,99,99,49,49,49,49,49,49,49,49,49,49,49,49,49,49,49,49,49,49,49,49,49,49,49,49],"floor_reached":28,"playtime":1255,"items_purged":[],"score":265,"play_id":"0c9d5747-68ac-49a2-8e9a-42c5052c89ee","local_time":"20190513043148","is_ascension_mode":false,"campfire_choices":[{"floor":7,"key":"REST"},{"floor":10,"key":"REST"},{"floor":15,"key":"REST"},{"floor":25,"key":"REST"}],"neow_cost":"NONE","seed_source_timestamp":55415666034822,"circlet_count":0,"master_deck":["Strike_B","Strike_B","Strike_B","Defend_B","Defend_B","Defend_B","Defend_B","Zap","Dualcast","Cold Snap","BootSequence","Cold Snap+1","White Noise","Rainbow","Glacier","Melter+1","Creative AI","Stack","Ghostly","Ghostly","Ghostly","Ghostly","Ghostly","Genetic Algorithm","Capacitor","Reprogram","Ball Lightning+1","Tempest"],"relics":["Ectoplasm","Golden Idol","Molten Egg 2","Pocketwatch","Prayer Wheel","Velvet Choker","Oddly Smooth Stone","Question Card"],"potions_floor_usage":[],"damage_taken":[{"damage":1,"enemies":"Jaw Worm","floor":1,"turns":4},{"damage":0,"enemies":"Small Slimes","floor":2,"turns":3},{"damage":0,"enemies":"Cultist","floor":3,"turns":4},{"damage":56,"enemies":"Gremlin Nob","floor":6,"turns":7},{"damage":0,"enemies":"3 Louse","floor":8,"turns":4},{"damage":0,"enemies":"Exordium Wildlife","floor":12,"turns":4},{"damage":0,"enemies":"Large Slime","floor":14,"turns":4},{"damage":2,"enemies":"The Guardian","floor":16,"turns":15},{"damage":24,"enemies":"Spheric Guardian","floor":18,"turns":6},{"damage":0,"enemies":"Shell Parasite","floor":20,"turns":6},{"damage":15,"enemies":"Gremlin Leader","floor":23,"turns":11},{"damage":16,"enemies":"Centurion and Healer","floor":24,"turns":11},{"damage":0,"enemies":"Snecko","floor":27,"turns":7},{"damage":15,"enemies":"3 Cultists","floor":28,"turns":4}],"seed_played":"153920447016752814","potions_obtained":[{"floor":2,"key":"Fire Potion"},{"floor":12,"key":"FocusPotion"},{"floor":18,"key":"FocusPotion"}],"is_trial":false,"path_per_floor":["M","M","M","?","?","E","R","M","T","R","$","M","?","M","R","B",null,"M","?","M","?","?","E","M","R","T","M","M"],"character_chosen":"DEFECT","items_purchased":[],"campfire_rested":4,"item_purchase_floors":[],"current_hp_per_floor":[74,74,74,69,69,13,33,33,33,53,53,53,53,53,69,67,69,45,34,34,34,34,19,3,13,13,13,0],"gold":49,"neow_bonus":"BOSS_RELIC","is_prod":false,"is_daily":false,"chose_seed":false,"campfire_upgraded":0,"win_rate":0.0,"timestamp":1557736308,"path_taken":["M","M","M","?","?","E","R","M","T","R","?","M","?","?","R","BOSS","M","?","M","?","?","E","M","R","T","M","M"],"build_version":"2019-01-23","purchased_purges":0,"victory":false,"max_hp_per_floor":[75,75,75,69,69,69,69,69,69,69,69,69,69,69,69,69,69,69,34,34,34,34,34,34,34,34,34,34],"card_choices":[{"not_picked":["Compile Driver","Reinforced Body","Steam"],"picked":"SKIP","floor":1},{"not_picked":["Steam","Turbo"],"picked":"Cold Snap","floor":2},{"not_picked":["Barrage","Leap"],"picked":"BootSequence","floor":3},{"not_picked":["BootSequence","Double Energy"],"picked":"Cold Snap","floor":6},{"not_picked":["Gash+1","Compile Driver+1"],"picked":"White Noise","floor":8},{"not_picked":["Fusion","Double Energy"],"picked":"Rainbow","floor":12},{"not_picked":["FTL+1","Rip and Tear+1"],"picked":"Glacier","floor":14},{"not_picked":["Fusion","Chill"],"picked":"Melter+1","floor":14},{"not_picked":["Seek","Thunder Strike+1"],"picked":"Creative AI","floor":16},{"not_picked":["Beam Cell+1","Coolheaded+1"],"picked":"Stack","floor":18},{"not_picked":["Static Discharge","Cold Snap+1","BootSequence"],"picked":"SKIP","floor":18},{"not_picked":["Blizzard+1","Hello World"],"picked":"Genetic Algorithm","floor":20},{"not_picked":["Glacier","Static Discharge+1","Defragment"],"picked":"SKIP","floor":20},{"not_picked":["Coolheaded","Ball Lightning+1"],"picked":"Reprogram","floor":23},{"not_picked":["Hologram","Sweeping Beam+1","Heatsinks+1"],"picked":"SKIP","floor":24},{"not_picked":["Stack","Coolheaded","Rip and Tear+1"],"picked":"SKIP","floor":24},{"not_picked":["Genetic Algorithm","Leap","Compile Driver+1"],"picked":"Ball Lightning+1","floor":27},{"not_picked":["Beam Cell+1","Streamline+1","Fission"],"picked":"Tempest","floor":27}],"player_experience":24576,"relics_obtained":[{"floor":6,"key":"Molten Egg 2"},{"floor":9,"key":"Pocketwatch"},{"floor":23,"key":"Oddly Smooth Stone"},{"floor":26,"key":"Question Card"}],"event_choices":[{"damage_healed":0,"gold_gain":0,"player_choice":"Lose Max HP","damage_taken":0,"relics_obtained":["Golden Idol"],"max_hp_gain":0,"max_hp_loss":6,"event_name":"Golden Idol","floor":4,"gold_loss":0},{"cards_removed":["Strike_B"],"damage_healed":0,"gold_gain":0,"player_choice":"Card Removal","damage_taken":0,"max_hp_gain":0,"max_hp_loss":0,"event_name":"The Cleric","floor":5,"gold_loss":50},{"damage_healed":0,"gold_gain":0,"player_choice":"Gave Potion","damage_taken":0,"relics_obtained":["Prayer Wheel"],"max_hp_gain":0,"max_hp_loss":0,"event_name":"WeMeetAgain","floor":13,"gold_loss":0},{"damage_healed":0,"gold_gain":0,"player_choice":"Became a Ghost","damage_taken":0,"max_hp_gain":0,"max_hp_loss":35,"event_name":"Ghosts","floor":19,"gold_loss":0,"cards_obtained":["Ghostly","Ghostly","Ghostly","Ghostly","Ghostly"]},{"damage_healed":0,"gold_gain":0,"player_choice":"Read","damage_taken":0,"max_hp_gain":0,"max_hp_loss":0,"event_name":"The Library","floor":21,"gold_loss":0,"cards_obtained":["Capacitor"]},{"damage_healed":0,"gold_gain":0,"player_choice":"Ignored","damage_taken":0,"max_hp_gain":0,"max_hp_loss":0,"event_name":"Beggar","floor":22,"gold_loss":0}],"is_beta":false,"boss_relics":[{"not_picked":["Orrery","Tiny House"],"picked":"Velvet Choker"}],"items_purged_floors":[],"is_endless":false,"potions_floor_spawned":[2,12,18,20],"killed_by":"3 Cultists","ascension_level":0}