{"gold_per_floor":[116,133,133,58,69,98,98,112,158,172,172,125,159,169,169,264,264,278,290,111,126,138,138,138,166,191,217,292,305,337,337,337,436,436,448,459,559,574,922,952,969,1002,1002,1224,1241,1241,1257,1291,1291,1291],"floor_reached":51,"playtime":2417,"items_purged":["Strike_R","Anger"],"score":1014,"play_id":"e672284a-2413-4774-88c1-6e45beeed68d","local_time":"20190513132822","is_ascension_mode":false,"campfire_choices":[{"data":"Flame Barrier","floor":7,"key":"SMITH"},{"data":"True Grit","floor":11,"key":"SMITH"},{"data":"Whirlwind","floor":15,"key":"SMITH"},{"data":"Armaments","floor":23,"key":"SMITH"},{"data":"Uppercut","floor":32,"key":"SMITH"},{"data":"Spot Weakness","floor":49,"key":"SMITH"}],"neow_cost":"NONE","seed_source_timestamp":807487940712400,"circlet_count":0,"master_deck":["Strike_R+1","Strike_R+1","Strike_R+1","Strike_R+1","Defend_R+1","Defend_R+1","Defend_R+1","Defend_R+1","Bash+1","Carnage+1","Flame Barrier+1","True Grit+1","Impervious","Twin Strike","Armaments+1","Whirlwind+1","Uppercut+1","Feed","Headbutt+1","Power Through","Headbutt","Inflame","Spot Weakness+1","Disarm+1","Impervious","Corruption+1","Shrug It Off+1","Spot Weakness+1","Feel No Pain+1","Armaments+1","Impervious","Seeing Red+1","Uppercut+1","Shrug It Off+1"],"relics":["Burning Blood","Gremlin Horn","Anchor","Bronze Scales","Snecko Eye","Strawberry","Juzu Bracelet","Smiling Mask","Red Mask","Philosopher\u0027s Stone","Old Coin","Orichalcum","Bottled Tornado","Oddly Smooth Stone","Shuriken"],"potions_floor_usage":[6,25,27,33,50],"damage_taken":[{"damage":5,"enemies":"Jaw Worm","floor":1,"turns":4},{"damage":1,"enemies":"Cultist","floor":2,"turns":3},{"damage":5,"enemies":"2 Louse","floor":5,"turns":3},{"damage":24,"enemies":"Lagavulin","floor":6,"turns":6},{"damage":0,"enemies":"Gremlin Gang","floor":8,"turns":6},{"damage":0,"enemies":"2 Fungi Beasts","floor":10,"turns":2},{"damage":11,"enemies":"3 Sentries","floor":13,"turns":9},{"damage":2,"enemies":"Blue Slaver","floor":14,"turns":2},{"damage":0,"enemies":"Slime Boss","floor":16,"turns":7},{"damage":0,"enemies":"Shell Parasite","floor":18,"turns":4},{"damage":0,"enemies":"2 Thieves","floor":19,"turns":2},{"damage":1,"enemies":"Centurion and Healer","floor":21,"turns":4},{"damage":0,"enemies":"Chosen and Byrds","floor":22,"turns":4},{"damage":2,"enemies":"Slavers","floor":25,"turns":4},{"damage":0,"enemies":"Gremlin Leader","floor":27,"turns":4},{"damage":7,"enemies":"Snecko","floor":29,"turns":6},{"damage":0,"enemies":"Masked Bandits","floor":30,"turns":5},{"damage":41,"enemies":"Automaton","floor":33,"turns":9},{"damage":0,"enemies":"3 Darklings","floor":35,"turns":6},{"damage":0,"enemies":"Orb Walker","floor":36,"turns":4},{"damage":0,"enemies":"Maw","floor":38,"turns":7},{"damage":11,"enemies":"2 Orb Walkers","floor":39,"turns":6},{"damage":0,"enemies":"Giant Head","floor":40,"turns":8},{"damage":0,"enemies":"Sphere and 2 Shapes","floor":41,"turns":4},{"damage":18,"enemies":"Nemesis","floor":42,"turns":5},{"damage":0,"enemies":"Transient","floor":45,"turns":5},{"damage":0,"enemies":"Jaw Worm Horde","floor":47,"turns":2},{"damage":5,"enemies":"Giant Head","floor":48,"turns":8},{"damage":0,"enemies":"Time Eater","floor":50,"turns":11}],"seed_played":"7542745534537817625","potions_obtained":[{"floor":1,"key":"Strength Potion"},{"floor":6,"key":"SpeedPotion"},{"floor":8,"key":"Block Potion"},{"floor":19,"key":"Fire Potion"},{"floor":25,"key":"LiquidBronze"},{"floor":27,"key":"PowerPotion"},{"floor":36,"key":"Regen Potion"},{"floor":42,"key":"Explosive Potion"},{"floor":45,"key":"Block Potion"}],"is_trial":false,"path_per_floor":["M","M","?","$","M","E","R","M","T","M","R","$","E","M","R","B",null,"M","M","$","M","M","R","?","E","T","E","?","M","?","?","R","B",null,"M","M","?","M","?","E","M","E","T","?","M","?","M","E","R","B",null],"character_chosen":"IRONCLAD","items_purchased":["Armaments","Power Through"],"campfire_rested":0,"item_purchase_floors":[12,20],"current_hp_per_floor":[80,80,80,80,80,62,62,68,68,74,74,74,69,73,73,79,80,80,80,80,80,83,83,67,81,81,90,80,83,92,92,92,60,111,114,117,117,117,112,120,120,108,108,108,114,114,123,126,126,126],"gold":1291,"neow_bonus":"UPGRADE_CARD","is_prod":false,"is_daily":false,"chose_seed":false,"campfire_upgraded":6,"win_rate":1,"timestamp":1557779302,"path_taken":["M","M","?","$","M","E","R","M","T","M","R","$","E","M","R","BOSS","M","M","$","M","?","R","?","E","T","E","?","M","?","?","R","BOSS","M","M","?","M","?","E","M","E","T","?","M","?","M","E","R","BOSS"],"build_version":"2019-01-23","purchased_purges":2,"victory":true,"max_hp_per_floor":[80,80,80,80,80,80,80,80,80,80,80,80,80,80,80,80,80,80,80,80,80,83,83,88,98,98,101,101,105,108,108,108,111,111,114,117,117,117,117,120,120,120,120,120,120,120,123,126,126,126],"card_choices":[{"not_picked":["Sever Soul","Headbutt"],"picked":"Carnage","floor":1},{"not_picked":["Twin Strike","Flex"],"picked":"Flame Barrier","floor":2},{"not_picked":["Seeing Red","Pommel Strike"],"picked":"True Grit","floor":5},{"not_picked":["Pommel Strike","True Grit"],"picked":"Impervious","floor":6},{"not_picked":["Flex","Twin Strike"],"picked":"Anger","floor":8},{"not_picked":["Sword Boomerang","Flame Barrier"],"picked":"Twin Strike","floor":10},{"not_picked":["Barricade","Fire Breathing"],"picked":"Whirlwind","floor":13},{"not_picked":["Iron Wave","Warcry"],"picked":"Uppercut","floor":14},{"not_picked":["Double Tap","Limit Break"],"picked":"Feed","floor":16},{"not_picked":["Dropkick+1","Rupture","Entrench+1"],"picked":"SKIP","floor":18},{"not_picked":["Pommel Strike","Havoc+1"],"picked":"Headbutt+1","floor":19},{"not_picked":["Evolve","Heavy Blade"],"picked":"Headbutt","floor":21},{"not_picked":["Havoc","Sentinel"],"picked":"Inflame","floor":22},{"not_picked":["Body Slam","Entrench","Dropkick"],"picked":"SKIP","floor":25},{"not_picked":["Perfected Strike","Warcry","Whirlwind"],"picked":"SKIP","floor":27},{"not_picked":["Perfected Strike","Warcry","Whirlwind"],"picked":"SKIP","floor":27},{"not_picked":["Twin Strike","Havoc+1"],"picked":"Spot Weakness","floor":29},{"not_picked":["Evolve","Spot Weakness"],"picked":"Disarm+1","floor":30},{"not_picked":["Dark Embrace","Feed"],"picked":"Impervious","floor":33},{"not_picked":["Rupture+1","Body Slam"],"picked":"Corruption+1","floor":35},{"not_picked":["Thunderclap","Cleave"],"picked":"Shrug It Off+1","floor":36},{"not_picked":["Perfected Strike","Clash"],"picked":"Spot Weakness+1","floor":38},{"not_picked":["Seeing Red+1","Flex"],"picked":"Feel No Pain+1","floor":39},{"not_picked":["Perfected Strike","Intimidate"],"picked":"Armaments+1","floor":40},{"not_picked":["Havoc","Intimidate"],"picked":"Impervious","floor":41},{"not_picked":["Evolve","Body Slam"],"picked":"Seeing Red+1","floor":42},{"not_picked":["Armaments+1","Clash+1"],"picked":"Uppercut+1","floor":45},{"not_picked":["Body Slam","Perfected Strike"],"picked":"Shrug It Off+1","floor":47},{"not_picked":["Armaments","Body Slam","Thunderclap"],"picked":"SKIP","floor":48}],"player_experience":769796,"relics_obtained":[{"floor":6,"key":"Gremlin Horn"},{"floor":9,"key":"Anchor"},{"floor":13,"key":"Bronze Scales"},{"floor":25,"key":"Strawberry"},{"floor":26,"key":"Juzu Bracelet"},{"floor":27,"key":"Smiling Mask"},{"floor":30,"key":"Red Mask"},{"floor":39,"key":"Old Coin"},{"floor":40,"key":"Orichalcum"},{"floor":42,"key":"Bottled Tornado"},{"floor":43,"key":"Oddly Smooth Stone"},{"floor":48,"key":"Shuriken"}],"event_choices":[{"damage_healed":0,"gold_gain":0,"player_choice":"Forge","damage_taken":0,"max_hp_gain":0,"max_hp_loss":0,"event_name":"Accursed Blacksmith","floor":3,"gold_loss":0,"cards_upgraded":["Carnage"]},{"damage_healed":0,"gold_gain":0,"player_choice":"Shed Blood","damage_taken":21,"max_hp_gain":5,"max_hp_loss":0,"event_name":"Forgotten Altar","floor":24,"gold_loss":0},{"damage_healed":0,"gold_gain":75,"player_choice":"Touch","damage_taken":10,"max_hp_gain":0,"max_hp_loss":0,"event_name":"FaceTrader","floor":28,"gold_loss":0},{"damage_healed":0,"gold_gain":0,"player_choice":"Fought Bandits","damage_taken":0,"max_hp_gain":0,"max_hp_loss":0,"event_name":"Masked Bandits","floor":30,"gold_loss":0},{"damage_healed":0,"gold_gain":0,"player_choice":"Simplicity","damage_taken":0,"max_hp_gain":0,"max_hp_loss":0,"event_name":"Back to Basics","floor":31,"gold_loss":0,"cards_upgraded":["Strike_R","Strike_R","Strike_R","Strike_R","Defend_R","Defend_R","Defend_R","Defend_R"]},{"damage_healed":0,"gold_gain":100,"player_choice":"Pray","damage_taken":0,"max_hp_gain":0,"max_hp_loss":0,"event_name":"Golden Shrine","floor":37,"gold_loss":0},{"damage_healed":0,"gold_gain":0,"player_choice":"Fight","damage_taken":0,"max_hp_gain":0,"max_hp_loss":0,"event_name":"Mysterious Sphere","floor":39,"gold_loss":0},{"damage_healed":0,"gold_gain":222,"player_choice":"Wore Mask","damage_taken":0,"max_hp_gain":0,"max_hp_loss":0,"event_name":"Tomb of Lord Red Mask","floor":44,"gold_loss":0},{"damage_healed":0,"gold_gain":0,"player_choice":"Ignored","damage_taken":0,"max_hp_gain":0,"max_hp_loss":0,"event_name":"NoteForYourself","floor":46,"gold_loss":0}],"is_beta":false,"boss_relics":[{"not_picked":["Astrolabe","Pandora\u0027s Box"],"picked":"Snecko Eye"},{"not_picked":["Empty Cage","Eternal Feather"],"picked":"Philosopher\u0027s Stone"}],"items_purged_floors":[4,20],"is_endless":false,"potions_floor_spawned":[1,6,8,19,25,27,36,38,40,42,45],"ascension_level":0}