{"path_per_floor":["M","?","M","M","M","R","M","R","T","M","M","E","R","E","R","B",null,"M","M","$","?","M","E","$","R","T","?","M","$","?","$","R","B",null,"M","?","M","$","?","R","E","R","T","T","M","M","?","E","R","B"],"character_chosen":"THE_SILENT","items_purchased":["Whetstone","Singing Bowl","Paper Crane"],"gold_per_floor":[117,117,133,145,157,157,175,175,199,210,228,562,562,596,596,696,696,707,720,344,344,362,395,133,133,158,73,84,84,84,84,84,185,185,197,197,213,213,213,213,243,243,243,243,253,270,270,301,301,301],"floor_reached":51,"campfire_rested":1,"playtime":4486,"current_hp_per_floor":[67,60,60,58,58,58,58,58,58,51,47,47,47,44,44,46,70,70,62,62,62,64,42,42,50,50,50,54,54,38,38,76,76,76,78,78,78,78,68,78,80,80,80,80,80,82,82,67,77,72],"items_purged":["Strike_G"],"gold":301,"score":685,"play_id":"eaddd402-78ec-4bf9-ac13-8fc00c8cf3f6","local_time":"20180312033951","is_prod":false,"is_daily":false,"is_ascension_mode":false,"campfire_upgraded":8,"timestamp":1520847591,"path_taken":["M","?","M","M","M","R","M","R","T","M","M","E","R","E","R","BOSS","M","M","$","?","M","E","$","R","T","?","M","?","?","?","R","BOSS","M","?","M","$","?","R","E","R","T","?","M","M","?","E","R","BOSS"],"build_version":"2018-03-01-PROD1","purchased_purges":1,"victory":true,"master_deck":["Defend_G+1","Defend_G+1","Defend_G+1","Defend_G+1","Defend_G+1","Strike_G+1","Strike_G+1","Neutralize+1","Tools of the Trade","Dagger Spray+1","Dash","Noxious Fumes+1","Noxious Fumes+1","Backstab+1","Escape Plan","Leg Sweep+1","Bane","Catalyst+1","Dash+1","PiercingWail+1","Tactician+1","PiercingWail+1","Madness+1","Madness+1","Blur+1"],"max_hp_per_floor":[70,70,70,70,70,70,70,70,70,70,70,70,70,70,70,70,70,70,70,70,70,72,74,74,74,74,74,76,76,76,76,76,76,76,78,78,78,78,78,78,80,80,80,80,82,84,84,84,84,84],"relics":["Ring of the Snake","Regal Pillow","Old Coin","Blood Vial","Eternal Feather","Whetstone","Singing Bowl","Oddly Smooth Stone","Paper Crane","Juzu Bracelet","Ornamental Fan","Enchiridion","Cursed Key","War Paint","Bottled Tornado"],"card_choices":[{"not_picked":["PiercingWail","Underhanded Strike"],"picked":"Dagger Spray"},{"not_picked":["Quick Slash","Blade Dance"],"picked":"Dash"},{"not_picked":["Backflip","Footwork"],"picked":"Noxious Fumes"},{"not_picked":["PiercingWail","Flying Knee"],"picked":"Noxious Fumes"},{"not_picked":["Finisher","Slice"],"picked":"Backstab"},{"not_picked":["Calculated Gamble","Caltrops"],"picked":"Escape Plan"},{"not_picked":["Infinite Blades","Prepared"],"picked":"Leg Sweep"},{"not_picked":["Outmaneuver","Dodge and Roll"],"picked":"Bane"},{"not_picked":["Prepared","Eviscerate"],"picked":"Catalyst"},{"not_picked":["Masterful Stab","Prepared"],"picked":"Dash"},{"not_picked":["Distraction","Underhanded Strike"],"picked":"PiercingWail"},{"not_picked":["Corpse Explosion","Storm of Steel"],"picked":"Tactician"},{"not_picked":["Crippling Poison","Bane"],"picked":"PiercingWail"},{"not_picked":["Flying Knee","Adrenaline"],"picked":"Blur"}],"player_experience":579288,"potions_floor_usage":[50,50,50],"damage_taken":[{"damage":3.0,"enemies":"Jaw Worm","floor":1.0,"turns":6.0},{"damage":0.0,"enemies":"2 Louse","floor":3.0,"turns":2.0},{"damage":2.0,"enemies":"Small Slimes","floor":4.0,"turns":4.0},{"damage":0.0,"enemies":"3 Louse","floor":5.0,"turns":4.0},{"damage":0.0,"enemies":"2 Fungi Beasts","floor":7.0,"turns":3.0},{"damage":7.0,"enemies":"Gremlin Gang","floor":10.0,"turns":6.0},{"damage":4.0,"enemies":"Large Slime","floor":11.0,"turns":5.0},{"damage":0.0,"enemies":"Lagavulin","floor":12.0,"turns":7.0},{"damage":3.0,"enemies":"3 Sentries","floor":14.0,"turns":5.0},{"damage":0.0,"enemies":"The Guardian","floor":16.0,"turns":7.0},{"damage":0.0,"enemies":"Shell Parasite","floor":18.0,"turns":5.0},{"damage":8.0,"enemies":"Chosen","floor":19.0,"turns":5.0},{"damage":2.0,"enemies":"3 Cultists","floor":22.0,"turns":5.0},{"damage":26.0,"enemies":"Slavers","floor":23.0,"turns":6.0},{"damage":0.0,"enemies":"Cultist and Chosen","floor":28.0,"turns":6.0},{"damage":0.0,"enemies":"Champ","floor":33.0,"turns":13.0},{"damage":0.0,"enemies":"Orb Walker","floor":35.0,"turns":5.0},{"damage":0.0,"enemies":"3 Shapes","floor":37.0,"turns":4.0},{"damage":0.0,"enemies":"Giant Head","floor":41.0,"turns":10.0},{"damage":2.0,"enemies":"Maw","floor":45.0,"turns":8.0},{"damage":2.0,"enemies":"Sphere and 2 Shapes","floor":46.0,"turns":6.0},{"damage":17.0,"enemies":"Nemesis","floor":48.0,"turns":9.0},{"damage":7,"enemies":"Time Eater","floor":50,"turns":19}],"event_choices":[{"event_name":"Golden Wing","player_choice":"Card Removal","floor":2.0,"damage_taken":0.0},{"event_name":"Back to Basics","player_choice":"Simplicity","floor":21.0,"damage_taken":0.0},{"event_name":"Addict","player_choice":"Obtained Relic","floor":27.0,"damage_taken":0.0},{"event_name":"Cursed Tome","player_choice":"Obtained Book","floor":30.0,"damage_taken":0.0},{"event_name":"The Lab","player_choice":"Got Potions","floor":36.0,"damage_taken":0.0},{"event_name":"Winding Halls","player_choice":"Embrace Madness","floor":39.0,"damage_taken":0.0}],"boss_relics":[],"potions_floor_spawned":[3,4,7,11,16,22,23,33,35,37,45,48],"seed_played":"-1943460556720234056","ascension_level":0,"is_trial":false}