{"gold_per_floor":[118,8,26,26,26,26,26,41,41,76,76,87,87,99,99,195,195,215,115,134,134,147,147,147],"floor_reached":24,"playtime":2534,"items_purged":["Strike_G","Strike_G"],"score":196,"play_id":"701cca8d-a14f-42c9-9220-88216e41f1af","local_time":"20181213005431","is_ascension_mode":false,"campfire_choices":[{"data":"Neutralize","floor":6,"key":"SMITH"},{"data":"Noxious Fumes","floor":13,"key":"SMITH"},{"floor":15,"key":"REST"},{"floor":23,"key":"REST"}],"neow_cost":"NONE","seed_source_timestamp":101092514417694,"circlet_count":0,"master_deck":["Defend_G","Defend_G","Defend_G","Defend_G","Defend_G","Strike_G","Strike_G","Survivor","Neutralize+1","Noxious Fumes+1","Blur","Blur","Dagger Throw","Noxious Fumes+1","Bouncing Flask","Burst","Deadly Poison","Footwork","Defend_G","Outmaneuver"],"relics":["Ring of the Snake","Meat on the Bone","Regal Pillow","Happy Flower","Black Star"],"potions_floor_usage":[22],"damage_taken":[{"damage":0,"enemies":"Small Slimes","floor":1,"turns":3},{"damage":0,"enemies":"2 Louse","floor":3,"turns":3},{"damage":0,"enemies":"Jaw Worm","floor":8,"turns":4},{"damage":38,"enemies":"Gremlin Nob","floor":10,"turns":7},{"damage":4,"enemies":"Exordium Thugs","floor":12,"turns":5},{"damage":3,"enemies":"2 Fungi Beasts","floor":14,"turns":5},{"damage":19,"enemies":"Hexaghost","floor":16,"turns":8},{"damage":12,"enemies":"Spheric Guardian","floor":18,"turns":5},{"damage":18,"enemies":"3 Byrds","floor":20,"turns":5},{"damage":32,"enemies":"3 Cultists","floor":22,"turns":6},{"damage":60,"enemies":"Slavers","floor":24,"turns":3}],"seed_played":"-387120094465242354","potions_obtained":[{"floor":8,"key":"Dexterity Potion"},{"floor":10,"key":"Energy Potion"},{"floor":16,"key":"LiquidBronze"}],"is_trial":false,"path_per_floor":["M","$","M","$","?","R","?","M","T","E","?","M","R","M","R","B",null,"M","$","M","?","M","R","E"],"character_chosen":"THE_SILENT","items_purchased":["Noxious Fumes"],"campfire_rested":2,"item_purchase_floors":[2],"current_hp_per_floor":[77,77,77,77,77,77,52,52,52,26,26,34,34,43,77,58,77,65,65,47,47,27,65,5],"gold":147,"neow_bonus":"TEN_PERCENT_HP_BONUS","is_prod":false,"is_daily":false,"chose_seed":false,"campfire_upgraded":2,"win_rate":0.0,"timestamp":1544684071,"path_taken":["M","$","M","$","?","R","?","M","T","E","?","M","R","M","R","BOSS","M","$","M","?","M","R","E"],"build_version":"2018-12-06","purchased_purges":2,"victory":false,"max_hp_per_floor":[77,77,77,77,77,77,77,77,77,77,77,77,77,77,77,77,77,77,77,77,77,77,77,77],"card_choices":[{"not_picked":["Backstab","PiercingWail","Flying Knee"],"picked":"SKIP","floor":1},{"not_picked":["Escape Plan","Slice"],"picked":"Blur","floor":3},{"not_picked":["Slice","Poisoned Stab"],"picked":"Blur","floor":8},{"not_picked":["Poisoned Stab","Blade Dance"],"picked":"Dagger Throw","floor":10},{"not_picked":["Acrobatics","Outmaneuver"],"picked":"Noxious Fumes","floor":12},{"not_picked":["Dodge and Roll","Dagger Throw"],"picked":"Bouncing Flask","floor":14},{"not_picked":["Bullet Time","Malaise"],"picked":"Burst","floor":16},{"not_picked":["PiercingWail","Dodge and Roll+1"],"picked":"Deadly Poison","floor":18},{"not_picked":["Bane","Masterful Stab+1"],"picked":"Footwork","floor":20},{"not_picked":["Leg Sweep","Distraction+1"],"picked":"Outmaneuver","floor":22}],"player_experience":71999,"relics_obtained":[{"floor":9,"key":"Regal Pillow"},{"floor":10,"key":"Happy Flower"}],"event_choices":[{"damage_healed":0,"gold_gain":0,"player_choice":"Grow","damage_taken":0,"max_hp_gain":0,"max_hp_loss":0,"event_name":"Living Wall","floor":5,"gold_loss":0,"cards_upgraded":["Noxious Fumes"]},{"damage_healed":0,"gold_gain":0,"player_choice":"Success","damage_taken":25,"relics_obtained":["Meat on the Bone"],"max_hp_gain":0,"max_hp_loss":0,"event_name":"Scrap Ooze","floor":7,"gold_loss":0},{"damage_healed":0,"gold_gain":0,"player_choice":"Ignored","damage_taken":0,"max_hp_gain":0,"max_hp_loss":0,"event_name":"Shining Light","floor":11,"gold_loss":0},{"cards_removed":["Strike_G"],"damage_healed":0,"gold_gain":0,"player_choice":"Took Card","damage_taken":0,"max_hp_gain":0,"max_hp_loss":0,"event_name":"NoteForYourself","floor":21,"gold_loss":0,"cards_obtained":["Defend_G"]}],"is_beta":false,"boss_relics":[{"not_picked":["Velvet Choker","Runic Pyramid"],"picked":"Black Star"}],"items_purged_floors":[2,19],"is_endless":false,"potions_floor_spawned":[1,8,10,16],"killed_by":"Slavers","ascension_level":0}