{"path_per_floor":["M","$","?","M","M","R","M","R","T","R","?","R","M","M","R","B",null,"M","M","M","M","?","R","M","R","T","M","R","M","M","$","R","B",null,"M","?","M","$","M","R","M","M","T","?","R","E","R","M","R","B"],"character_chosen":"THE_SILENT","items_purchased":["Tools of the Trade","War Paint","Leg Sweep","Bag of Marbles"],"gold_per_floor":[209,134,84,97,115,115,132,132,132,132,132,132,149,167,167,270,270,281,294,311,327,327,327,344,344,398,411,411,429,444,123,123,222,222,238,238,254,42,57,57,75,89,157,0,0,34,34,47,47,47],"floor_reached":51,"campfire_rested":2,"playtime":4105,"current_hp_per_floor":[62,62,62,60,58,58,58,58,58,58,58,58,58,58,58,45,70,70,64,64,64,48,48,34,34,34,34,34,34,31,31,52,31,70,69,69,68,68,57,57,56,59,59,59,59,46,46,46,67,67],"items_purged":["Strike_G","Strike_G"],"gold":47,"score":675,"play_id":"146effa4-165b-42fd-836f-e6a69510da8f","local_time":"20180326090127","is_prod":false,"is_daily":false,"is_ascension_mode":false,"campfire_upgraded":11,"timestamp":1522076487,"path_taken":["M","$","?","M","M","R","M","R","T","R","?","R","M","M","R","BOSS","M","M","M","M","?","R","M","R","T","?","R","M","M","$","R","BOSS","M","?","M","$","M","R","?","M","T","?","R","E","R","M","R","BOSS"],"build_version":"2018-03-15","purchased_purges":2,"victory":true,"master_deck":["Defend_G","Defend_G","Defend_G+1","Defend_G","Defend_G","Strike_G","Survivor+1","Neutralize+1","Distraction+1","Poisoned Stab+1","Dash+1","Backflip","Deflect","Predator+1","Venomology+1","Malaise+1","Concentrate+1","Heel Hook","Noxious Fumes+1","Blur","Noxious Fumes+1","Dagger Spray","Tools of the Trade+1","Bullet Time+1","Malaise+1","Flying Knee+1","Leg Sweep+1","Terror+1","Dash+1","Dodge and Roll+1"],"max_hp_per_floor":[70,70,70,70,70,70,70,70,70,70,70,70,70,70,70,70,70,70,70,70,70,70,70,70,70,70,70,70,70,70,70,70,70,70,70,70,70,70,70,70,70,70,70,70,70,70,70,70,70,70],"relics":["Ring of the Snake","Lantern","Runic Pyramid","Nilry\u0027s Codex","Tiny Chest","War Paint","Philosopher\u0027s Stone","Bag of Marbles","Letter Opener","Red Mask","Bronze Scales"],"card_choices":[{"not_picked":["Setup","Flechettes"],"picked":"Distraction"},{"not_picked":["Deadly Poison","Quick Slash"],"picked":"Poisoned Stab"},{"not_picked":["Catalyst","Accuracy"],"picked":"Dash"},{"not_picked":["Prepared","Dodge and Roll"],"picked":"Backflip"},{"not_picked":["Quick Slash","Prepared"],"picked":"Deflect"},{"not_picked":["Bane","Deflect"],"picked":"Predator"},{"not_picked":["Doppelganger","Unload"],"picked":"Venomology"},{"not_picked":["Bane","Slice"],"picked":"Malaise"},{"not_picked":["PiercingWail","Poisoned Stab"],"picked":"Concentrate"},{"not_picked":["Cloak And Dagger","Prepared"],"picked":"Heel Hook"},{"not_picked":["Footwork","Dash"],"picked":"Noxious Fumes"},{"not_picked":["Choke","Sucker Punch"],"picked":"Blur"},{"not_picked":["Quick Slash","Dodge and Roll"],"picked":"Noxious Fumes"},{"not_picked":["Prepared","Quick Slash"],"picked":"Dagger Spray"},{"not_picked":["Envenom","Storm of Steel"],"picked":"Bullet Time"},{"not_picked":["Backstab","Slice"],"picked":"Malaise"},{"not_picked":["Outmaneuver","Bane"],"picked":"Flying Knee"},{"not_picked":["Flying Knee","Poisoned Stab"],"picked":"Terror"},{"not_picked":["Blade Dance","Quick Slash"],"picked":"Dash"},{"not_picked":["Bane","Acrobatics"],"picked":"Dodge and Roll"}],"player_experience":852494,"potions_floor_usage":[37,39,39,42,46,48,50,50,50],"damage_taken":[{"damage":8.0,"enemies":"Cultist","floor":1.0,"turns":5.0},{"damage":2.0,"enemies":"Small Slimes","floor":4.0,"turns":6.0},{"damage":2.0,"enemies":"Jaw Worm","floor":5.0,"turns":4.0},{"damage":0.0,"enemies":"Blue Slaver","floor":7.0,"turns":4.0},{"damage":0.0,"enemies":"Red Slaver","floor":13.0,"turns":4.0},{"damage":0.0,"enemies":"3 Louse","floor":14.0,"turns":4.0},{"damage":13.0,"enemies":"The Guardian","floor":16.0,"turns":9.0},{"damage":0.0,"enemies":"Shell Parasite","floor":18.0,"turns":6.0},{"damage":6.0,"enemies":"2 Thieves","floor":19.0,"turns":5.0},{"damage":0.0,"enemies":"Snecko","floor":20.0,"turns":6.0},{"damage":0.0,"enemies":"Snake Plant","floor":21.0,"turns":5.0},{"damage":14.0,"enemies":"Sentry and Sphere","floor":24.0,"turns":8.0},{"damage":0.0,"enemies":"Slaver and Parasite","floor":27.0,"turns":7.0},{"damage":0.0,"enemies":"Snake Plant","floor":29.0,"turns":5.0},{"damage":3.0,"enemies":"Cultist and Chosen","floor":30.0,"turns":7.0},{"damage":21.0,"enemies":"Collector","floor":33.0,"turns":11.0},{"damage":1.0,"enemies":"3 Shapes","floor":35.0,"turns":6.0},{"damage":1,"enemies":"Orb Walker","floor":37,"turns":5},{"damage":11,"enemies":"Sphere and 2 Shapes","floor":39,"turns":5},{"damage":1,"enemies":"Maw","floor":41,"turns":8},{"damage":12,"enemies":"3 Darklings","floor":42,"turns":7},{"damage":13,"enemies":"2 Orb Walkers","floor":46,"turns":4},{"damage":0,"enemies":"4 Shapes","floor":48,"turns":3},{"damage":0,"enemies":"Time Eater","floor":50,"turns":14}],"event_choices":[{"event_name":"The Cleric","player_choice":"Card Removal","floor":3.0,"damage_taken":0.0},{"event_name":"Living Wall","player_choice":"Forget","floor":11.0,"damage_taken":0.0},{"event_name":"Cursed Tome","player_choice":"Obtained Book","floor":22.0,"damage_taken":0.0},{"event_name":"Accursed Blacksmith","player_choice":"Forge","floor":36.0,"damage_taken":0.0},{"event_name":"Tomb of Lord Red Mask","player_choice":"Paid","floor":44,"damage_taken":0}],"boss_relics":[],"potions_floor_spawned":[1,7,14,18,24,29,30,37,41,46,48],"seed_played":"5220368663165520428","ascension_level":0,"is_trial":false}