{"gold_per_floor":[119,119,119,133,59,59,87,87,113,33,33,62,62,78,78,156,156,174,193,193,203,214,214,214,214,214,214,139,139,165,65,65,142,142,152,252,252,263,339,339,371,371,371,391,409,409,429,18,18,18],"floor_reached":51,"playtime":3061,"items_purged":["Strike_G","Strike_G"],"score":1413,"play_id":"bd681ddc-c238-4cd6-8b98-41210ba57e1e","local_time":"20190509045037","is_ascension_mode":true,"campfire_choices":[{"data":"Noxious Fumes","floor":6.0,"key":"SMITH"},{"data":"Neutralize","floor":8.0,"key":"SMITH"},{"data":"Well Laid Plans","floor":11.0,"key":"SMITH"},{"data":"Crippling Poison","floor":13.0,"key":"SMITH"},{"data":"Doppelganger","floor":15.0,"key":"SMITH"},{"data":"Envenom","floor":23.0,"key":"SMITH"},{"data":"Catalyst","floor":25.0,"key":"SMITH"},{"data":"Catalyst","floor":27.0,"key":"SMITH"},{"data":"Skewer","floor":32.0,"key":"SMITH"},{"data":"Wraith Form v2","floor":40.0,"key":"SMITH"},{"data":"Dash","floor":42.0,"key":"SMITH"},{"data":"Dash","floor":49,"key":"SMITH"}],"neow_cost":"NONE","seed_source_timestamp":38245569394800,"circlet_count":0,"master_deck":["AscendersBane","Defend_G","Defend_G","Defend_G","Defend_G","Defend_G","Strike_G","Survivor","Neutralize+1","Dash+1","Doppelganger+1","Dodge and Roll","Noxious Fumes+1","Skewer+1","Well Laid Plans+1","Crippling Poison+1","Cloak And Dagger","Envenom+1","Noxious Fumes+1","Catalyst+1","Catalyst+1","Deflect","Wraith Form v2+1","Burst+1","Dash+1","Backflip"],"special_seed":0,"relics":["Ring of the Snake","NeowsBlessing","Bag of Marbles","Potion Belt","Bottled Flame","Coffee Dripper","Lantern","Sozu","Nunchaku","Blue Candle","The Courier","Darkstone Periapt","Happy Flower","Mango"],"potions_floor_usage":[50],"damage_taken":[{"damage":0.0,"enemies":"2 Louse","floor":1.0,"turns":1.0},{"damage":0.0,"enemies":"Jaw Worm","floor":4.0,"turns":1.0},{"damage":0.0,"enemies":"Lagavulin","floor":7.0,"turns":2.0},{"damage":8.0,"enemies":"3 Sentries","floor":12.0,"turns":7.0},{"damage":0.0,"enemies":"Cultist","floor":14.0,"turns":3.0},{"damage":20.0,"enemies":"Slime Boss","floor":16.0,"turns":10.0},{"damage":0.0,"enemies":"Chosen","floor":18.0,"turns":5.0},{"damage":7.0,"enemies":"Spheric Guardian","floor":19.0,"turns":6.0},{"damage":12.0,"enemies":"Snecko","floor":21.0,"turns":7.0},{"damage":6.0,"enemies":"Shelled Parasite and Fungi","floor":22.0,"turns":6.0},{"damage":31.0,"enemies":"Slavers","floor":30.0,"turns":4.0},{"damage":23.0,"enemies":"Automaton","floor":33.0,"turns":9.0},{"damage":4.0,"enemies":"Orb Walker","floor":35.0,"turns":3.0},{"damage":0.0,"enemies":"Mind Bloom Boss Battle","floor":36.0,"turns":5.0},{"damage":0.0,"enemies":"3 Shapes","floor":38.0,"turns":4.0},{"damage":10.0,"enemies":"Nemesis","floor":41.0,"turns":5.0},{"damage":0.0,"enemies":"Sphere and 2 Shapes","floor":44.0,"turns":4.0},{"damage":0,"enemies":"3 Darklings","floor":45,"turns":9},{"damage":8,"enemies":"4 Shapes","floor":47,"turns":4},{"damage":40,"enemies":"Donu and Deca","floor":50,"turns":10}],"seed_played":"-8474794541639348489","potions_obtained":[{"floor":4.0,"key":"AttackPotion"},{"floor":7.0,"key":"Energy Potion"},{"floor":12.0,"key":"Fire Potion"},{"floor":16.0,"key":"Block Potion"},{"floor":19.0,"key":"Regen Potion"},{"floor":22.0,"key":"Explosive Potion"},{"floor":30.0,"key":"Block Potion"},{"floor":33.0,"key":"SteroidPotion"}],"is_trial":false,"path_per_floor":["M","?","?","M","$","R","E","R","T","$","R","E","R","M","R","B",null,"M","M","?","M","M","R","?","R","T","R","$","?","E","$","R","B",null,"M","?","?","M","T","R","E","R","T","M","M","?","M","$","R","B",null],"character_chosen":"THE_SILENT","items_purchased":["Noxious Fumes","Well Laid Plans","Happy Flower","Mango","Backflip"],"campfire_rested":0,"item_purchase_floors":[5,10,48,48,48],"current_hp_per_floor":[59,52,52,52,52,52,52,52,52,52,52,44,44,44,44,24,56,56,49,49,37,46,46,59,59,59,59,59,59,28,28,28,5,51,47,47,47,47,47,47,37,37,37,37,37,37,29,43,43,3],"gold":18,"neow_bonus":"THREE_ENEMY_KILL","is_prod":false,"is_daily":false,"chose_seed":false,"campfire_upgraded":12,"win_rate":0,"timestamp":1557399037,"path_taken":["M","?","?","?","$","R","E","R","T","$","R","E","R","M","R","BOSS","M","M","?","?","M","R","?","R","T","R","$","?","E","?","R","BOSS","M","?","?","M","?","R","E","R","T","M","?","?","?","?","R","BOSS"],"build_version":"2019-01-23","purchased_purges":2,"victory":true,"max_hp_per_floor":[66,66,66,66,66,66,66,66,66,66,66,66,66,66,66,66,66,66,66,66,66,66,66,66,66,66,66,66,66,66,66,66,66,66,66,66,66,66,66,66,66,66,66,66,66,66,66,80,80,80],"card_choices":[{"not_picked":["Outmaneuver","Setup"],"picked":"Dash","floor":1.0},{"not_picked":["Underhanded Strike","Prepared"],"picked":"Dodge and Roll","floor":4.0},{"not_picked":["Flying Knee","Finisher"],"picked":"Skewer","floor":7.0},{"not_picked":["Backflip","Well Laid Plans"],"picked":"Crippling Poison","floor":12.0},{"not_picked":["Dodge and Roll","Caltrops"],"picked":"Cloak And Dagger","floor":14.0},{"not_picked":["A Thousand Cuts","Storm of Steel"],"picked":"Envenom","floor":16.0},{"not_picked":["Outmaneuver","Poisoned Stab","Dagger Throw"],"picked":"SKIP","floor":18.0},{"not_picked":["Flechettes","Setup","Quick Slash"],"picked":"SKIP","floor":19.0},{"not_picked":["Backstab","Reflex"],"picked":"Catalyst","floor":21.0},{"not_picked":["Accuracy+1","Setup"],"picked":"Catalyst","floor":22.0},{"not_picked":["Distraction","Choke"],"picked":"Deflect","floor":30.0},{"not_picked":["Glass Knife","Doppelganger"],"picked":"Wraith Form v2","floor":33.0},{"not_picked":["Poisoned Stab","Tactician+1","Expertise"],"picked":"SKIP","floor":35.0},{"not_picked":["Flying Knee","Setup","Expertise"],"picked":"SKIP","floor":38.0},{"not_picked":["Underhanded Strike","Tactician","Sucker Punch"],"picked":"SKIP","floor":41.0},{"not_picked":["Dagger Throw","Masterful Stab"],"picked":"Burst","floor":44.0},{"not_picked":["Terror","Poisoned Stab","Flying Knee"],"picked":"SKIP","floor":45},{"not_picked":["Acrobatics","Infinite Blades"],"picked":"Dash","floor":47}],"player_experience":1731268,"relics_obtained":[{"floor":7.0,"key":"Bag of Marbles"},{"floor":9.0,"key":"Potion Belt"},{"floor":12.0,"key":"Bottled Flame"},{"floor":30.0,"key":"Lantern"},{"floor":36.0,"key":"Nunchaku"},{"floor":39.0,"key":"Blue Candle"},{"floor":41.0,"key":"The Courier"},{"floor":43.0,"key":"Darkstone Periapt"}],"event_choices":[{"cards_removed":["Strike_G"],"damage_healed":0.0,"max_hp_gain":0.0,"max_hp_loss":0.0,"gold_gain":0.0,"event_name":"Golden Wing","player_choice":"Card Removal","floor":2.0,"gold_loss":0.0,"damage_taken":7.0},{"damage_healed":0.0,"max_hp_gain":0.0,"max_hp_loss":0.0,"gold_gain":0.0,"cards_transformed":["Strike_G"],"event_name":"Transmorgrifier","player_choice":"Transformed","floor":3.0,"gold_loss":0.0,"damage_taken":0.0,"cards_obtained":["Doppelganger"]},{"damage_healed":0.0,"max_hp_gain":0.0,"max_hp_loss":0.0,"gold_gain":0.0,"event_name":"Duplicator","player_choice":"Copied","floor":20.0,"gold_loss":0.0,"damage_taken":0.0,"cards_obtained":["Noxious Fumes"]},{"damage_healed":13.0,"max_hp_gain":0.0,"max_hp_loss":0.0,"gold_gain":0.0,"event_name":"The Library","player_choice":"Heal","floor":24.0,"gold_loss":0.0,"damage_taken":0.0},{"damage_healed":0.0,"max_hp_gain":0.0,"max_hp_loss":0.0,"gold_gain":0.0,"event_name":"Ghosts","player_choice":"Ignored","floor":29.0,"gold_loss":0.0,"damage_taken":0.0},{"damage_healed":0.0,"max_hp_gain":0.0,"max_hp_loss":0.0,"gold_gain":0.0,"event_name":"MindBloom","player_choice":"Fight","floor":36.0,"gold_loss":0.0,"damage_taken":0.0},{"damage_healed":0.0,"max_hp_gain":0.0,"max_hp_loss":0.0,"gold_gain":0.0,"event_name":"Mysterious Sphere","player_choice":"Ignored","floor":37.0,"gold_loss":0.0,"damage_taken":0.0},{"damage_healed":0,"gold_gain":0,"player_choice":"Forge","damage_taken":0,"max_hp_gain":0,"max_hp_loss":0,"event_name":"Accursed Blacksmith","floor":46,"gold_loss":0,"cards_upgraded":["Burst"]}],"is_beta":false,"boss_relics":[{"not_picked":["Velvet Choker","Tiny House"],"picked":"Coffee Dripper"},{"not_picked":["Philosopher\u0027s Stone","Ring of the Serpent"],"picked":"Sozu"}],"items_purged_floors":[28,31],"is_endless":false,"potions_floor_spawned":[4,7,12,16,19,22,30,33,35,36,41],"ascension_level":19}