{"gold_per_floor":[111,128,53,67,67,67,101,118,200,200,211,211,236,252,252,323,323,341,69,88,13,24,55,55,67,67,86,86,118,118,131,131,205,255,274,274,293,293,22,56,56,84,84,111,127,159,0,15,15,15,15,15,15,15,42,42],"floor_reached":57,"playtime":3915,"items_purged":["Strike_G","Strike_G"],"score":2919,"play_id":"12aac545-104d-4ed3-b172-8c1b59c4afd9","local_time":"20190513065155","is_ascension_mode":true,"campfire_choices":[{"data":"Neutralize","floor":6.0,"key":"SMITH"},{"data":"Noxious Fumes","floor":10.0,"key":"SMITH"},{"data":"Noxious Fumes","floor":15.0,"key":"SMITH"},{"floor":24,"key":"REST"},{"floor":28,"key":"REST"},{"floor":32,"key":"RECALL"},{"floor":41,"key":"REST"},{"floor":49,"key":"REST"},{"floor":53,"key":"REST"}],"neow_cost":"NONE","seed_source_timestamp":390466834886700,"circlet_count":0,"master_deck":["AscendersBane","Defend_G","Defend_G","Defend_G","Defend_G","Defend_G","Strike_G","Survivor","Neutralize+1","Cloak And Dagger","Poisoned Stab","Noxious Fumes+1","Burst","Skewer+1","Noxious Fumes+1","Adrenaline","Catalyst","Catalyst","Malaise","Calculated Gamble+1","Crippling Poison+1","Catalyst+1","Prepared+1","Burst+1","Adrenaline+1","Backflip+1","Backflip+1","Escape Plan+1","Catalyst+1","Calculated Gamble+1","PiercingWail+1"],"special_seed":0,"relics":["Ring of the Snake","Tingsha","Mercury Hourglass","Art of War","Fusion Hammer","Toxic Egg 2","Pen Nib","Thread and Needle","Potion Belt","Tiny House","Pantograph","Snake Skull","Kunai","Molten Egg 2","The Specimen","Gremlin Horn","Red Mask","Paper Crane"],"potions_floor_usage":[29,55,56,56,56],"damage_taken":[{"damage":1.0,"enemies":"Cultist","floor":1.0,"turns":4.0},{"damage":0.0,"enemies":"2 Louse","floor":2.0,"turns":4.0},{"damage":0.0,"enemies":"Small Slimes","floor":4.0,"turns":5.0},{"damage":20.0,"enemies":"3 Sentries","floor":7.0,"turns":10.0},{"damage":5.0,"enemies":"Red Slaver","floor":8.0,"turns":5.0},{"damage":6.0,"enemies":"2 Fungi Beasts","floor":11.0,"turns":3.0},{"damage":6.0,"enemies":"Gremlin Nob","floor":13.0,"turns":3.0},{"damage":0.0,"enemies":"Blue Slaver","floor":14.0,"turns":3.0},{"damage":2.0,"enemies":"Hexaghost","floor":16.0,"turns":6.0},{"damage":1,"enemies":"3 Byrds","floor":18,"turns":4},{"damage":0,"enemies":"Chosen","floor":20,"turns":5},{"damage":10,"enemies":"3 Cultists","floor":22,"turns":5},{"damage":16,"enemies":"Gremlin Leader","floor":23,"turns":5},{"damage":13,"enemies":"Chosen and Byrds","floor":25,"turns":5},{"damage":0,"enemies":"Snecko","floor":27,"turns":3},{"damage":7,"enemies":"Book of Stabbing","floor":29,"turns":4},{"damage":0,"enemies":"Cultist and Chosen","floor":31,"turns":5},{"damage":6,"enemies":"Champ","floor":33,"turns":5},{"damage":11,"enemies":"3 Darklings","floor":35,"turns":4},{"damage":0,"enemies":"3 Shapes","floor":37,"turns":4},{"damage":0,"enemies":"Giant Head","floor":40,"turns":3},{"damage":17,"enemies":"Reptomancer","floor":42,"turns":3},{"damage":0,"enemies":"Giant Head","floor":44,"turns":3},{"damage":0,"enemies":"3 Darklings","floor":45,"turns":2},{"damage":9,"enemies":"Reptomancer","floor":46,"turns":4},{"damage":0,"enemies":"4 Shapes","floor":48,"turns":4},{"damage":29,"enemies":"Time Eater","floor":50,"turns":5},{"damage":30,"enemies":"Donu and Deca","floor":51,"turns":5},{"damage":16,"enemies":"Shield and Spear","floor":55,"turns":5},{"damage":47,"enemies":"The Heart","floor":56,"turns":5}],"seed_played":"7278800730440274604","potions_obtained":[{"floor":4.0,"key":"SkillPotion"},{"floor":7.0,"key":"Fire Potion"},{"floor":14.0,"key":"SteroidPotion"},{"floor":20,"key":"LiquidBronze"},{"floor":29,"key":"AttackPotion"},{"floor":30,"key":"Energy Potion"},{"floor":30,"key":"Poison Potion"},{"floor":37,"key":"Ancient Potion"},{"floor":42,"key":"Poison Potion"},{"floor":48,"key":"Swift Potion"}],"is_trial":false,"path_per_floor":["M","M","?","M","?","R","E","M","T","R","M","?","E","M","R","B",null,"M","$","M","$","M","E","R","M","T","M","R","E","?","M","R","B",null,"M","T","M","?","$","E","R","E","T","E","M","E","?","M","R","B","B",null,"R","$","E","B",null],"character_chosen":"THE_SILENT","items_purchased":["Toxic Egg 2","Snake Skull"],"campfire_rested":5,"item_purchase_floors":[19,39],"current_hp_per_floor":[64,64,64,64,64,64,44,39,39,39,33,33,27,27,27,25,60,59,59,59,59,49,33,54,41,41,41,62,55,55,55,55,49,71,60,60,60,60,60,60,73,56,56,56,56,47,47,47,68,44,39,65,73,73,57,26],"gold":42,"neow_bonus":"TEN_PERCENT_HP_BONUS","is_prod":false,"is_daily":false,"chose_seed":false,"campfire_upgraded":3,"win_rate":0,"timestamp":1557751915,"path_taken":["M","M","?","M","?","R","E","M","T","R","M","?","E","M","R","BOSS","M","$","M","?","M","E","R","M","T","M","R","E","?","M","R","BOSS","M","?","M","?","$","E","R","E","T","E","M","E","?","M","R","BOSS","BOSS","R","$","E","BOSS"],"build_version":"2019-01-23","purchased_purges":2,"victory":true,"max_hp_per_floor":[72,72,72,72,72,72,72,72,72,72,72,72,72,72,72,72,72,72,72,72,72,72,72,72,72,72,72,72,72,72,72,72,72,77,77,77,77,73,73,73,73,73,73,73,73,73,73,73,73,73,73,73,73,73,73,73],"card_choices":[{"not_picked":["Acrobatics","Reflex"],"picked":"Cloak And Dagger","floor":1.0},{"not_picked":["Dagger Throw","Blade Dance"],"picked":"Poisoned Stab","floor":2.0},{"not_picked":["Deadly Poison","Outmaneuver"],"picked":"Noxious Fumes","floor":4.0},{"not_picked":["Sucker Punch","Underhanded Strike"],"picked":"Burst","floor":7.0},{"not_picked":["Expertise","Prepared"],"picked":"Skewer","floor":8.0},{"not_picked":["Backflip","Acrobatics"],"picked":"Noxious Fumes","floor":11.0},{"not_picked":["Dodge and Roll","Flying Knee"],"picked":"Catalyst","floor":13.0},{"not_picked":["Accuracy","Deadly Poison"],"picked":"Catalyst","floor":14.0},{"not_picked":["Tools of the Trade","Doppelganger"],"picked":"Malaise","floor":16.0},{"not_picked":["Blade Dance","Backstab","Slice"],"picked":"SKIP","floor":18},{"not_picked":["Riddle With Holes","Bane","Quick Slash"],"picked":"SKIP","floor":20},{"not_picked":["Deflect+1","Dodge and Roll+1"],"picked":"Calculated Gamble+1","floor":22},{"not_picked":["Poisoned Stab","PiercingWail+1"],"picked":"Crippling Poison+1","floor":23},{"not_picked":["Flechettes+1","Caltrops"],"picked":"Catalyst+1","floor":25},{"not_picked":["Blade Dance+1","Footwork+1"],"picked":"Prepared+1","floor":27},{"not_picked":["After Image","Die Die Die"],"picked":"Burst+1","floor":29},{"not_picked":["Expertise+1","Heel Hook+1","Poisoned Stab+1"],"picked":"SKIP","floor":31},{"not_picked":["Bullet Time+1","Malaise+1"],"picked":"Adrenaline+1","floor":33},{"not_picked":["Escape Plan+1","Slice+1"],"picked":"Backflip+1","floor":35},{"not_picked":["Blade Dance+1","All Out Attack"],"picked":"Backflip+1","floor":37},{"not_picked":["Skewer","Dagger Spray+1","Heel Hook"],"picked":"SKIP","floor":40},{"not_picked":["Outmaneuver+1","Eviscerate"],"picked":"Escape Plan+1","floor":42},{"not_picked":["Poisoned Stab+1","Quick Slash+1","Noxious Fumes"],"picked":"SKIP","floor":44},{"not_picked":["Flechettes+1","Sucker Punch+1","Skewer+1"],"picked":"SKIP","floor":45},{"not_picked":["Envenom","Flechettes+1"],"picked":"Catalyst+1","floor":46},{"not_picked":["Backstab+1","Flying Knee+1"],"picked":"Calculated Gamble+1","floor":48},{"not_picked":["Sucker Punch+1","Noxious Fumes+1"],"picked":"PiercingWail+1","floor":55}],"player_experience":1748897,"relics_obtained":[{"floor":7.0,"key":"Tingsha"},{"floor":9.0,"key":"Mercury Hourglass"},{"floor":13.0,"key":"Art of War"},{"floor":23,"key":"Pen Nib"},{"floor":26,"key":"Thread and Needle"},{"floor":29,"key":"Potion Belt"},{"floor":36,"key":"Pantograph"},{"floor":40,"key":"Kunai"},{"floor":42,"key":"Molten Egg 2"},{"floor":44,"key":"The Specimen"},{"floor":46,"key":"Gremlin Horn"},{"floor":55,"key":"Paper Crane"}],"event_choices":[{"cards_removed":["Strike_G"],"damage_healed":0.0,"max_hp_gain":0.0,"max_hp_loss":0.0,"gold_gain":0.0,"event_name":"The Cleric","player_choice":"Card Removal","floor":3.0,"gold_loss":75.0,"damage_taken":0.0},{"damage_healed":0.0,"max_hp_gain":0.0,"max_hp_loss":0.0,"gold_gain":0.0,"event_name":"Liars Game","player_choice":"Ignored","floor":5.0,"gold_loss":0.0,"damage_taken":0.0},{"damage_healed":0.0,"max_hp_gain":0.0,"max_hp_loss":0.0,"gold_gain":0.0,"cards_transformed":["Strike_G"],"event_name":"Transmorgrifier","player_choice":"Transformed","floor":12.0,"gold_loss":0.0,"damage_taken":0.0,"cards_obtained":["Adrenaline"]},{"damage_healed":0,"gold_gain":0,"player_choice":"Got Potions","damage_taken":0,"max_hp_gain":0,"max_hp_loss":0,"event_name":"Lab","floor":30,"gold_loss":0},{"damage_healed":0,"gold_gain":0,"player_choice":"Max HP","damage_taken":0,"max_hp_gain":0,"max_hp_loss":4,"event_name":"Winding Halls","floor":38,"gold_loss":0},{"damage_healed":0,"gold_gain":0,"player_choice":"Paid","damage_taken":0,"relics_obtained":["Red Mask"],"max_hp_gain":0,"max_hp_loss":0,"event_name":"Tomb of Lord Red Mask","floor":47,"gold_loss":159}],"is_beta":false,"boss_relics":[{"not_picked":["Orrery","WristBlade"],"picked":"Fusion Hammer"},{"not_picked":["Runic Dome","Snecko Eye"],"picked":"Tiny House"}],"items_purged_floors":[21,39],"is_endless":false,"potions_floor_spawned":[4,7,14,20,22,29,31,37,42,45,48],"ascension_level":20}