{"gold_per_floor":[110,110,120,133,156,156,170,170,196,259,229,229,148,172,172,244,244,263,280,135,135,152,152,0,12,12,12,23,23],"floor_reached":29,"playtime":1628,"items_purged":[],"score":379,"play_id":"f9d15e76-5a96-4e88-b287-afce235f5faa","local_time":"20190513144123","is_ascension_mode":true,"campfire_choices":[{"data":"Bouncing Flask","floor":6.0,"key":"SMITH"},{"floor":8.0,"key":"REST"},{"floor":12.0,"key":"REST"},{"floor":15.0,"key":"REST"},{"floor":23.0,"key":"REST"},{"floor":27,"key":"REST"}],"neow_cost":"NONE","seed_source_timestamp":1418655005581313,"circlet_count":0,"master_deck":["AscendersBane","Defend_G","Defend_G","Defend_G","Defend_G","Defend_G","Strike_G","Strike_G","Strike_G","Strike_G","Strike_G","Survivor","Neutralize","Bouncing Flask+1","Noxious Fumes","Footwork+1","Doppelganger","Poisoned Stab","Cloak And Dagger","Deadly Poison","Footwork","Footwork"],"special_seed":0,"relics":["Ring of the Snake","Juzu Bracelet","Boot","Tiny Chest","Snake Skull","Black Star","Dream Catcher","Orichalcum"],"potions_floor_usage":[],"damage_taken":[{"damage":7.0,"enemies":"Cultist","floor":1.0,"turns":6.0},{"damage":1.0,"enemies":"Jaw Worm","floor":3.0,"turns":6.0},{"damage":6.0,"enemies":"Small Slimes","floor":4.0,"turns":5.0},{"damage":13.0,"enemies":"Red Slaver","floor":7.0,"turns":5.0},{"damage":54.0,"enemies":"3 Sentries","floor":10.0,"turns":14.0},{"damage":4.0,"enemies":"Looter","floor":11.0,"turns":4.0},{"damage":18.0,"enemies":"Hexaghost","floor":16.0,"turns":10.0},{"damage":4.0,"enemies":"Spheric Guardian","floor":18.0,"turns":3.0},{"damage":28.0,"enemies":"3 Byrds","floor":19.0,"turns":4.0},{"damage":21.0,"enemies":"Snake Plant","floor":22.0,"turns":4.0},{"damage":12,"enemies":"Chosen and Byrds","floor":25,"turns":6},{"damage":26,"enemies":"Centurion and Healer","floor":28,"turns":7},{"damage":25,"enemies":"Shelled Parasite and Fungi","floor":29,"turns":3}],"seed_played":"7800080082704915309","potions_obtained":[{"floor":3.0,"key":"Dexterity Potion"},{"floor":7.0,"key":"Weak Potion"},{"floor":18.0,"key":"Regen Potion"},{"floor":25,"key":"Strength Potion"}],"is_trial":false,"path_per_floor":["M","?","M","M","T","R","M","R","T","E","M","R","$","T","R","B",null,"M","M","$","?","M","R","?","M","T","R","M","M"],"character_chosen":"THE_SILENT","items_purchased":["Footwork","Dream Catcher"],"campfire_rested":5,"item_purchase_floors":[13,20],"current_hp_per_floor":[58,58,57,51,51,51,38,59,59,5,1,22,22,22,43,25,60,56,42,42,42,21,42,42,30,30,51,25,0],"gold":23,"neow_bonus":"TEN_PERCENT_HP_BONUS","is_prod":false,"is_daily":false,"chose_seed":false,"campfire_upgraded":1,"win_rate":0,"timestamp":1557729683,"path_taken":["M","?","?","M","?","R","M","R","T","E","M","R","$","?","R","BOSS","M","M","$","?","M","R","?","M","T","R","M","M"],"build_version":"2019-01-23","purchased_purges":0,"victory":false,"max_hp_per_floor":[72,72,72,72,72,72,72,72,72,72,72,72,72,72,72,72,72,72,72,72,72,72,72,72,72,72,72,72,72],"card_choices":[{"not_picked":["Dagger Throw","Eviscerate","Reflex"],"picked":"SKIP","floor":1.0},{"not_picked":["Distraction","Eviscerate","Endless Agony"],"picked":"SKIP","floor":3.0},{"not_picked":["Dagger Spray","Backflip"],"picked":"Bouncing Flask","floor":4.0},{"not_picked":["Bane","Underhanded Strike","Dagger Spray"],"picked":"SKIP","floor":7.0},{"not_picked":["Bane","Dagger Spray","All Out Attack"],"picked":"SKIP","floor":10.0},{"not_picked":["Envenom","Slice"],"picked":"Noxious Fumes","floor":11.0},{"not_picked":["Grand Finale","Night Terror"],"picked":"Doppelganger","floor":16.0},{"not_picked":["Distraction","Sucker Punch"],"picked":"Poisoned Stab","floor":18.0},{"not_picked":["Acrobatics","Concentrate","Bane"],"picked":"SKIP","floor":19.0},{"not_picked":["Riddle With Holes","Dagger Spray"],"picked":"Cloak And Dagger","floor":22.0},{"not_picked":["Predator","Calculated Gamble"],"picked":"Deadly Poison","floor":23.0},{"not_picked":["Quick Slash","Accuracy"],"picked":"Footwork","floor":25},{"not_picked":["Dagger Spray+1","Blur"],"picked":"Footwork","floor":28}],"player_experience":522110,"relics_obtained":[{"floor":5.0,"key":"Juzu Bracelet"},{"floor":9.0,"key":"Boot"},{"floor":10.0,"key":"Tiny Chest"},{"floor":14.0,"key":"Snake Skull"},{"floor":26,"key":"Orichalcum"}],"event_choices":[{"damage_healed":0.0,"max_hp_gain":0.0,"max_hp_loss":0.0,"gold_gain":0.0,"event_name":"The Woman in Blue","player_choice":"Bought 0 Potions","floor":2.0,"gold_loss":0.0,"damage_taken":0.0},{"damage_healed":0.0,"max_hp_gain":0.0,"max_hp_loss":0.0,"gold_gain":0.0,"event_name":"Accursed Blacksmith","player_choice":"Forge","floor":21.0,"gold_loss":0.0,"damage_taken":0.0,"cards_upgraded":["Footwork"]},{"damage_healed":0,"gold_gain":0,"player_choice":"Paid Fearfully","damage_taken":0,"max_hp_gain":0,"max_hp_loss":0,"event_name":"Masked Bandits","floor":24,"gold_loss":152}],"is_beta":false,"boss_relics":[{"not_picked":["Coffee Dripper","Snecko Eye"],"picked":"Black Star"}],"items_purged_floors":[],"is_endless":false,"potions_floor_spawned":[3,7,10,18,25],"killed_by":"Shelled Parasite and Fungi","ascension_level":14}