{"gold_per_floor":[12,12,24,38,38,38,51,89,89,89],"floor_reached":10,"playtime":508,"items_purged":[],"score":71,"play_id":"517725a9-6ca9-4b23-9b55-be0d6490f2c9","local_time":"20181213121332","is_ascension_mode":true,"campfire_choices":[{"data":"Ball Lightning","floor":6,"key":"SMITH"}],"neow_cost":"NO_GOLD","seed_source_timestamp":143894813679305,"circlet_count":0,"master_deck":["Strike_B","Strike_B","Defend_B","Defend_B","Defend_B","Defend_B","Zap+1","Dualcast","Conserve Battery","Cold Snap","Ball Lightning+1","Injury","Creative AI","Go for the Eyes"],"relics":["Cracked Core","Golden Idol","Incense Burner","Darkstone Periapt"],"potions_floor_usage":[],"damage_taken":[{"damage":10,"enemies":"Small Slimes","floor":1,"turns":2},{"damage":0,"enemies":"Cultist","floor":3,"turns":3},{"damage":0,"enemies":"Jaw Worm","floor":4,"turns":2},{"damage":0,"enemies":"Looter","floor":7,"turns":2},{"damage":45,"enemies":"3 Sentries","floor":8,"turns":6},{"damage":0,"enemies":"Gremlin Nob","floor":10,"turns":1}],"seed_played":"7640662518034796553","potions_obtained":[{"floor":3,"key":"SteroidPotion"}],"is_trial":false,"path_per_floor":["M","?","M","M","?","R","M","E","T","E"],"character_chosen":"DEFECT","items_purchased":[],"campfire_rested":0,"item_purchase_floors":[],"current_hp_per_floor":[65,65,65,65,65,65,65,20,20,20],"gold":89,"neow_bonus":"REMOVE_TWO","is_prod":false,"is_daily":false,"chose_seed":false,"campfire_upgraded":1,"win_rate":0,"timestamp":1544724812,"path_taken":["M","?","M","?","?","R","M","E","T","E"],"build_version":"2018-12-06","purchased_purges":0,"victory":false,"max_hp_per_floor":[75,75,75,75,75,75,75,75,75,75],"card_choices":[{"not_picked":["Rebound","Steam"],"picked":"Conserve Battery","floor":1},{"not_picked":["Go for the Eyes","BootSequence"],"picked":"Cold Snap","floor":3},{"not_picked":["Gash","Leap"],"picked":"Ball Lightning","floor":4},{"not_picked":["Compile Driver","Streamline"],"picked":"Creative AI","floor":7},{"not_picked":["Auto Shields","Double Energy"],"picked":"Go for the Eyes","floor":8}],"player_experience":78622,"relics_obtained":[{"floor":8,"key":"Incense Burner"},{"floor":9,"key":"Darkstone Periapt"}],"event_choices":[{"damage_healed":0,"gold_gain":0,"player_choice":"Upgraded","damage_taken":0,"max_hp_gain":0,"max_hp_loss":0,"event_name":"Upgrade Shrine","floor":2,"gold_loss":0,"cards_upgraded":["Zap"]},{"damage_healed":0,"gold_gain":0,"player_choice":"Take Wound","damage_taken":0,"relics_obtained":["Golden Idol"],"max_hp_gain":0,"max_hp_loss":0,"event_name":"Golden Idol","floor":5,"gold_loss":0,"cards_obtained":["Injury"]}],"is_beta":false,"boss_relics":[],"items_purged_floors":[],"is_endless":false,"potions_floor_spawned":[3],"killed_by":"Gremlin Nob","ascension_level":1}