{"gold_per_floor":[114,134,147,157,170,197,207,207,207,222,255,106,6,24,24,125,175,195,195,195,208,222,222],"floor_reached":23,"playtime":1262,"items_purged":["Strike_B","Strike_B"],"score":232,"play_id":"44d5e5c3-db89-4b00-9695-19177dcf5864","local_time":"20190512222022","is_ascension_mode":false,"campfire_choices":[{"floor":8,"key":"REST"},{"floor":15,"key":"REST"}],"neow_cost":"NONE","seed_source_timestamp":33122839956275,"circlet_count":0,"master_deck":["Strike_B","Defend_B","Defend_B","Defend_B","Defend_B+1","Zap","Dualcast","Coolheaded","Genetic Algorithm","Self Repair","Rip and Tear","Coolheaded","Machine Learning","Sweeping Beam","Barrage","Seek","Steam Power","Barrage","Electrodynamics","Ball Lightning","Genetic Algorithm","Ghostly","Ghostly","Ghostly","Ghostly","Ghostly","Hologram","Capacitor"],"relics":["Cracked Core","Orichalcum","Gremlin Horn","Vajra","Tiny House"],"potions_floor_usage":[],"damage_taken":[{"damage":1,"enemies":"Cultist","floor":1,"turns":4},{"damage":4,"enemies":"Jaw Worm","floor":2,"turns":4},{"damage":0,"enemies":"2 Louse","floor":3,"turns":4},{"damage":5,"enemies":"2 Fungi Beasts","floor":4,"turns":5},{"damage":44,"enemies":"Gremlin Gang","floor":5,"turns":7},{"damage":18,"enemies":"3 Sentries","floor":6,"turns":13},{"damage":0,"enemies":"Blue Slaver","floor":7,"turns":4},{"damage":0,"enemies":"Lots of Slimes","floor":10,"turns":3},{"damage":18,"enemies":"Gremlin Nob","floor":11,"turns":5},{"damage":7,"enemies":"Looter","floor":14,"turns":4},{"damage":37,"enemies":"Slime Boss","floor":16,"turns":9},{"damage":27,"enemies":"2 Thieves","floor":18,"turns":3},{"damage":6,"enemies":"Shell Parasite","floor":21,"turns":7},{"damage":0,"enemies":"Sentry and Sphere","floor":22,"turns":7},{"damage":52,"enemies":"Gremlin Leader","floor":23,"turns":6}],"seed_played":"6293003955134029531","potions_obtained":[{"floor":3,"key":"Swift Potion"},{"floor":4,"key":"SpeedPotion"},{"floor":5,"key":"SteroidPotion"},{"floor":17,"key":"LiquidBronze"}],"is_trial":false,"path_per_floor":["M","M","M","M","M","E","M","R","T","M","E","$","$","M","R","B",null,"M","?","?","M","M","E"],"character_chosen":"DEFECT","items_purchased":["Steam Power"],"campfire_rested":2,"item_purchase_floors":[12],"current_hp_per_floor":[81,77,77,79,42,31,38,62,62,69,58,58,58,58,82,52,87,60,43,43,43,43,0],"gold":222,"neow_bonus":"TEN_PERCENT_HP_BONUS","is_prod":false,"is_daily":false,"chose_seed":false,"campfire_upgraded":0,"win_rate":0.0,"timestamp":1557714022,"path_taken":["M","M","M","M","M","E","M","R","T","M","E","?","$","?","R","BOSS","M","?","?","M","M","E"],"build_version":"2019-01-23","purchased_purges":2,"victory":false,"max_hp_per_floor":[82,82,82,82,82,82,82,82,82,82,82,82,82,82,82,82,87,87,43,43,43,43,43],"card_choices":[{"not_picked":["Go for the Eyes","Doom and Gloom"],"picked":"Coolheaded","floor":1},{"not_picked":["Steam","Conserve Battery"],"picked":"Genetic Algorithm","floor":2},{"not_picked":["Rebound","Reinforced Body"],"picked":"Self Repair","floor":3},{"not_picked":["Leap","Rebound"],"picked":"Rip and Tear","floor":4},{"not_picked":["Lockon","Barrage"],"picked":"Coolheaded","floor":5},{"not_picked":["Sweeping Beam","Conserve Battery"],"picked":"Machine Learning","floor":6},{"not_picked":["Gash","Streamline"],"picked":"Sweeping Beam","floor":7},{"not_picked":["Double Energy","Rip and Tear"],"picked":"Barrage","floor":10},{"not_picked":["Ball Lightning","Cold Snap"],"picked":"Seek","floor":11},{"not_picked":["Cold Snap","Streamline"],"picked":"Barrage","floor":14},{"not_picked":["Echo Form","Seek"],"picked":"Electrodynamics","floor":16},{"not_picked":["Go for the Eyes","Barrage"],"picked":"Ball Lightning","floor":17},{"not_picked":["Beam Cell","White Noise+1"],"picked":"Genetic Algorithm","floor":18},{"not_picked":["Go for the Eyes","Coolheaded+1"],"picked":"Hologram","floor":21},{"not_picked":["Ball Lightning","Static Discharge"],"picked":"Capacitor","floor":22}],"player_experience":2601,"relics_obtained":[{"floor":6,"key":"Orichalcum"},{"floor":9,"key":"Gremlin Horn"},{"floor":11,"key":"Vajra"}],"event_choices":[{"damage_healed":0,"gold_gain":0,"player_choice":"Became a Ghost","damage_taken":0,"max_hp_gain":0,"max_hp_loss":44,"event_name":"Ghosts","floor":19,"gold_loss":0,"cards_obtained":["Ghostly","Ghostly","Ghostly","Ghostly","Ghostly"]},{"cards_removed":["Strike_B"],"damage_healed":0,"gold_gain":0,"player_choice":"Elegance","damage_taken":0,"max_hp_gain":0,"max_hp_loss":0,"event_name":"Back to Basics","floor":20,"gold_loss":0}],"is_beta":false,"boss_relics":[{"not_picked":["Velvet Choker","Lizard Tail"],"picked":"Tiny House"}],"items_purged_floors":[12,13],"is_endless":false,"potions_floor_spawned":[3,4,5,7,16,18],"killed_by":"Gremlin Leader","ascension_level":0}