{"path_per_floor":["M","M","M","M","M","R","?","R","T","R","M","R","M","M","R","B",null,"M","M","M","M","M","E","$","M","T","R","?","M","R","?","R","B",null,"M","?","?","M","M","R","E","R","T","$","M","$","R","M","R","B"],"character_chosen":"THE_SILENT","items_purchased":["Block Potion","Bag of Marbles","PiercingWail","Footwork","Vajra","Leg Sweep"],"gold_per_floor":[119,137,151,163,182,182,182,182,182,182,192,192,207,220,220,322,322,332,345,361,371,382,416,111,126,126,126,126,144,144,69,69,166,196,209,209,254,267,283,283,311,311,311,10,28,28,28,48,48,48],"floor_reached":51,"campfire_rested":3,"playtime":4903,"current_hp_per_floor":[70,69,68,56,56,56,49,49,49,49,49,49,49,49,49,33,70,69,69,58,57,30,36,36,35,35,35,35,35,56,56,56,46,75,68,68,49,43,41,41,25,47,61,61,48,48,48,61,87,56],"items_purged":["Strike_G"],"gold":48,"score":670,"play_id":"02c63d3a-3555-4ea1-b725-ae7fb71fb715","local_time":"20180326004436","is_prod":false,"is_daily":false,"is_ascension_mode":false,"campfire_upgraded":8,"timestamp":1522046676,"path_taken":["M","M","M","M","M","R","?","R","T","R","M","R","M","M","R","BOSS","M","M","M","M","M","E","$","M","T","R","?","?","R","?","R","BOSS","M","?","?","M","M","R","E","R","T","$","M","?","R","M","R","BOSS"],"build_version":"2018-03-15","purchased_purges":1,"victory":true,"master_deck":["Defend_G","Defend_G","Defend_G","Defend_G","Strike_G","Survivor","Neutralize+1","Sucker Punch+1","Deflect+1","Cloak And Dagger","Dagger Spray+1","Backflip+1","PiercingWail","Dagger Throw","Dagger Spray+1","After Image+1","Backflip+1","Deadly Poison+1","Expertise+1","Tactician+1","PiercingWail","Cloak And Dagger","Escape Plan+1","Tools of the Trade","Dodge and Roll","Finisher+1","Bouncing Flask","Dagger Spray+1","Escape Plan","Tactician","Footwork+1","Leg Sweep","Malaise"],"max_hp_per_floor":[70,70,70,70,70,70,70,70,70,70,70,70,70,70,70,70,70,70,70,70,70,70,70,70,70,70,70,70,70,70,70,70,70,75,75,75,75,75,75,75,75,75,89,89,89,89,89,89,89,89],"relics":["Ring of the Snake","Torii","Runic Dome","Sundial","Bag of Marbles","Ice Cream","Tiny House","Girya","Matryoshka","Centennial Puzzle","Mango","Vajra"],"card_choices":[{"not_picked":["Dodge and Roll","Setup"],"picked":"Sucker Punch"},{"not_picked":["Accuracy","Bane"],"picked":"Deflect"},{"not_picked":["Outmaneuver","Distraction"],"picked":"Cloak And Dagger"},{"not_picked":["Deadly Poison","Dodge and Roll"],"picked":"Dagger Spray"},{"not_picked":["Skewer","Dodge and Roll"],"picked":"Backflip"},{"not_picked":["Sucker Punch","Dagger Throw"],"picked":"PiercingWail"},{"not_picked":["Storm of Steel","Quick Slash"],"picked":"Dagger Throw"},{"not_picked":["Setup","Outmaneuver"],"picked":"Dagger Spray"},{"not_picked":["Night Terror","Tactician"],"picked":"After Image"},{"not_picked":["Deflect","Prepared"],"picked":"Backflip"},{"not_picked":["Masterful Stab","Choke"],"picked":"Deadly Poison"},{"not_picked":["Flying Knee","Acrobatics"],"picked":"Expertise"},{"not_picked":["Leg Sweep","Deadly Poison"],"picked":"Tactician"},{"not_picked":["Poisoned Stab","Prepared"],"picked":"Cloak And Dagger"},{"not_picked":["Prepared","Outmaneuver"],"picked":"Escape Plan"},{"not_picked":["Envenom","Storm of Steel"],"picked":"Tools of the Trade"},{"not_picked":["Dagger Spray","Prepared"],"picked":"Dodge and Roll"},{"not_picked":["Choke","Blade Dance"],"picked":"Finisher"},{"not_picked":["Dagger Throw","Reflex"],"picked":"Bouncing Flask"},{"not_picked":["Acrobatics","Dagger Throw"],"picked":"Dagger Spray"},{"not_picked":["Dagger Throw","Reflex"],"picked":"Escape Plan"},{"not_picked":["Choke","Deadly Poison"],"picked":"Tactician"},{"not_picked":["Skewer","Acrobatics"],"picked":"Malaise"}],"player_experience":843245,"potions_floor_usage":[23,23,33,33,33,37,41,48,48,48],"damage_taken":[{"damage":0.0,"enemies":"2 Louse","floor":1.0,"turns":3.0},{"damage":1.0,"enemies":"Small Slimes","floor":2.0,"turns":4.0},{"damage":1.0,"enemies":"Cultist","floor":3.0,"turns":5.0},{"damage":12.0,"enemies":"Exordium Thugs","floor":4.0,"turns":10.0},{"damage":0.0,"enemies":"3 Louse","floor":5.0,"turns":3.0},{"damage":0.0,"enemies":"Large Slime","floor":11.0,"turns":12.0},{"damage":0.0,"enemies":"2 Fungi Beasts","floor":13.0,"turns":3.0},{"damage":0.0,"enemies":"Looter","floor":14.0,"turns":4.0},{"damage":16.0,"enemies":"Hexaghost","floor":16.0,"turns":18.0},{"damage":1,"enemies":"Shell Parasite","floor":18,"turns":7},{"damage":0,"enemies":"2 Thieves","floor":19,"turns":4},{"damage":11,"enemies":"Slaver and Parasite","floor":20,"turns":7},{"damage":1,"enemies":"Centurion and Healer","floor":21,"turns":8},{"damage":27,"enemies":"Chosen and Byrds","floor":22,"turns":7},{"damage":9,"enemies":"Slavers","floor":23,"turns":6},{"damage":1,"enemies":"Snecko","floor":25,"turns":5},{"damage":0,"enemies":"Snake Plant","floor":29,"turns":6},{"damage":25,"enemies":"Collector","floor":33,"turns":14},{"damage":7,"enemies":"3 Darklings","floor":35,"turns":5},{"damage":19,"enemies":"Mysterious Sphere","floor":37,"turns":14},{"damage":6,"enemies":"Orb Walker","floor":38,"turns":4},{"damage":2,"enemies":"Maw","floor":39,"turns":8},{"damage":16,"enemies":"2 Orb Walkers","floor":41,"turns":6},{"damage":13,"enemies":"3 Darklings","floor":45,"turns":6},{"damage":2,"enemies":"Sphere and 2 Shapes","floor":48,"turns":8},{"damage":31,"enemies":"Awakened One","floor":50,"turns":22}],"event_choices":[{"event_name":"Golden Wing","player_choice":"Card Removal","floor":7.0,"damage_taken":0.0},{"event_name":"Cursed Tome","player_choice":"Ignored","floor":28,"damage_taken":0},{"event_name":"Beggar","player_choice":"Gave Gold","floor":31,"damage_taken":0},{"event_name":"Mysterious Sphere","player_choice":"Fight","floor":37,"damage_taken":0}],"boss_relics":[{"not_picked":["White Beast Statue","Philosopher\u0027s Stone"],"picked":"Runic Dome"},{"not_picked":["Question Card","Snecko Eye"],"picked":"Tiny House"}],"potions_floor_spawned":[4,13,14,16,18,20,21,25,29,38,39,41,45],"seed_played":"-4110541238562288502","ascension_level":0,"is_trial":false}