{"path_per_floor":["M","M","$","?","M","R","E","R","T","M","M","?","M","?","R","B",null,"M","?","M","$","?","R","M","R","T","M","M","M","M","M","R","B",null,"M","?","?","M","M","E","M","R","T","?","R","M","M","M","R","B"],"character_chosen":"THE_SILENT","items_purchased":["All Out Attack","Letter Opener","Dagger Spray"],"gold_per_floor":[111,121,8,8,25,25,57,57,106,116,132,162,180,180,180,309,309,309,309,309,5,5,5,5,5,5,5,5,5,5,5,5,5,5,5,5,0,0,0,0,0,0,0,0,0,0,0,0,0,0],"floor_reached":51,"campfire_rested":0,"playtime":4095,"current_hp_per_floor":[70,66,66,66,66,66,36,36,36,36,36,36,38,38,38,21,67,66,66,66,66,46,46,46,46,46,48,48,36,44,54,54,31,54,56,56,56,50,52,44,52,52,54,54,54,61,63,64,64,31],"items_purged":["Injury"],"gold":0,"score":664,"play_id":"83306a34-b6ce-4acb-b3da-c5989339b929","local_time":"20180329095102","is_prod":false,"is_daily":false,"is_ascension_mode":false,"campfire_upgraded":9,"timestamp":1522338662,"path_taken":["M","M","$","?","M","R","E","R","T","M","M","?","?","?","R","BOSS","M","?","M","$","?","R","M","R","T","M","?","M","M","M","R","BOSS","M","?","?","M","?","E","M","R","T","?","R","M","M","M","R","BOSS"],"build_version":"2018-03-22","purchased_purges":1,"victory":true,"master_deck":["Defend_G","Defend_G","Defend_G","Defend_G","Defend_G+1","Survivor","Neutralize+1","Cloak And Dagger+1","PiercingWail","All Out Attack+1","Cloak And Dagger+1","Backstab","Terror+1","Blur","Burst+1","Backflip+1","Distraction+1","Dagger Spray","Bite","Bite","Bite","Bite","Backflip+1","Predator","PiercingWail","Bullet Time+1","Backflip+1","Backflip+1","Cloak And Dagger+1","Caltrops+1"],"max_hp_per_floor":[70,70,70,70,70,70,70,70,70,70,70,70,72,67,67,67,67,67,67,67,67,46,46,46,46,46,48,48,50,52,54,54,54,54,56,56,56,58,58,60,60,60,62,62,62,62,64,64,64,64],"relics":["Ring of the Snake","Sundial","Singing Bowl","Oddly Smooth Stone","Prayer Wheel","Golden Idol","Ectoplasm","Letter Opener","Ornamental Fan","Lizard Tail","Red Mask","War Paint","Shuriken"],"card_choices":[{"not_picked":["Outmaneuver","Flying Knee"],"picked":"Cloak And Dagger","floor":1.0},{"not_picked":["Sucker Punch","Bane"],"picked":"PiercingWail","floor":2.0},{"not_picked":["Envenom","Outmaneuver"],"picked":"Cloak And Dagger","floor":5.0},{"not_picked":["Poisoned Stab","Outmaneuver"],"picked":"Backstab","floor":7.0},{"not_picked":["Prepared","Sucker Punch"],"picked":"Terror","floor":10.0},{"not_picked":["Crippling Poison","Dodge and Roll"],"picked":"Blur","floor":11.0},{"not_picked":["Doppelganger","Bullet Time"],"picked":"Burst","floor":16.0},{"not_picked":["Acrobatics","Accuracy"],"picked":"Backflip","floor":18.0},{"not_picked":["Dodge and Roll","Bane"],"picked":"Distraction","floor":20.0},{"not_picked":["Sucker Punch","PiercingWail"],"picked":"Backflip","floor":24.0},{"not_picked":["Die Die Die","Acrobatics"],"picked":"Predator","floor":26.0},{"not_picked":["Accuracy","Bane"],"picked":"PiercingWail","floor":28.0},{"not_picked":["Die Die Die","Corpse Explosion"],"picked":"Bullet Time","floor":33.0},{"not_picked":["Flying Knee","Well Laid Plans"],"picked":"Backflip","floor":39.0},{"not_picked":["Crippling Poison","Infinite Blades"],"picked":"Backflip","floor":41.0},{"not_picked":["All Out Attack","Prepared"],"picked":"Cloak And Dagger","floor":46},{"not_picked":["Flying Knee","Grand Finale"],"picked":"Caltrops","floor":48}],"player_experience":902984,"potions_floor_usage":[46,50,50,50],"damage_taken":[{"damage":0.0,"enemies":"2 Louse","floor":1.0,"turns":3.0},{"damage":4.0,"enemies":"Cultist","floor":2.0,"turns":6.0},{"damage":0.0,"enemies":"Jaw Worm","floor":5.0,"turns":5.0},{"damage":30.0,"enemies":"Lagavulin","floor":7.0,"turns":10.0},{"damage":0.0,"enemies":"2 Fungi Beasts","floor":10.0,"turns":3.0},{"damage":0.0,"enemies":"Exordium Thugs","floor":11.0,"turns":5.0},{"damage":0.0,"enemies":"Large Slime","floor":13.0,"turns":4.0},{"damage":17.0,"enemies":"Slime Boss","floor":16.0,"turns":11.0},{"damage":1.0,"enemies":"Chosen","floor":18.0,"turns":9.0},{"damage":0.0,"enemies":"Shell Parasite","floor":20.0,"turns":7.0},{"damage":0.0,"enemies":"Sentry and Sphere","floor":24.0,"turns":4.0},{"damage":0.0,"enemies":"Centurion and Healer","floor":27.0,"turns":6.0},{"damage":0.0,"enemies":"Cultist and Chosen","floor":28.0,"turns":3.0},{"damage":18.0,"enemies":"Chosen and Byrds","floor":29.0,"turns":7.0},{"damage":0.0,"enemies":"3 Cultists","floor":30.0,"turns":4.0},{"damage":0.0,"enemies":"Centurion and Healer","floor":31.0,"turns":8.0},{"damage":31.0,"enemies":"Collector","floor":33.0,"turns":12.0},{"damage":0.0,"enemies":"Orb Walker","floor":35.0,"turns":2.0},{"damage":8.0,"enemies":"3 Shapes","floor":38.0,"turns":4.0},{"damage":2.0,"enemies":"3 Darklings","floor":39.0,"turns":5.0},{"damage":16.0,"enemies":"2 Orb Walkers","floor":40.0,"turns":6.0},{"damage":0.0,"enemies":"4 Shapes","floor":41.0,"turns":3.0},{"damage":0,"enemies":"Sphere and 2 Shapes","floor":46,"turns":4},{"damage":0,"enemies":"3 Darklings","floor":47,"turns":3},{"damage":0,"enemies":"4 Shapes","floor":48,"turns":4},{"damage":33,"enemies":"Donu and Deca","floor":50,"turns":11}],"event_choices":[{"event_name":"Liars Game","player_choice":"disagreed","floor":4.0,"damage_taken":0.0},{"event_name":"Dead Adventurer","player_choice":"Searched \u00273\u0027 times","floor":12.0,"damage_taken":0.0},{"event_name":"Golden Idol","player_choice":"Lose Max HP","floor":14.0,"damage_taken":0.0},{"event_name":"The Lab","player_choice":"Got Potions","floor":19.0,"damage_taken":0.0},{"event_name":"Vampires","player_choice":"Became a vampire","floor":22.0,"damage_taken":0.0},{"event_name":"Bonfire Elementals","player_choice":"SPECIAL","floor":36.0,"damage_taken":0.0},{"event_name":"Tomb of Lord Red Mask","player_choice":"Paid","floor":37.0,"damage_taken":0.0},{"event_name":"Golden Shrine","player_choice":"Pray","floor":44,"damage_taken":0}],"boss_relics":[],"potions_floor_spawned":[2,5,7,13,16,18,27,30,31,38,40,46,48],"seed_played":"-8103329293642265283","ascension_level":0,"is_trial":false}