{"path_per_floor":["M","?","$","M","?","R","M","R","T","$","M","M","R","?","R","B",null,"M","?","?","M","M","R","$","R","T","M","?","?","R","M","R"],"character_chosen":"THE_SILENT","items_purchased":["Footwork"],"gold_per_floor":[117,117,2,21,96,96,114,114,114,14,27,41,41,41,41,138,138,156,156,71,81,93,93,93,93,174,190,190,190,190,208,208],"floor_reached":33,"campfire_rested":1,"playtime":2850,"current_hp_per_floor":[63,63,63,63,52,52,52,52,52,52,52,52,52,52,52,52,63,57,57,57,57,57,57,57,57,57,57,57,46,46,39,59],"items_purged":["Regret","Strike_G"],"gold":208,"score":285,"play_id":"b37098e6-aecc-4834-a7ae-0a277ecb6c9d","local_time":"20180312175958","is_prod":false,"is_daily":false,"is_ascension_mode":false,"campfire_upgraded":7,"timestamp":1520899198,"path_taken":["M","?","$","M","?","R","M","R","T","$","?","M","R","?","R","BOSS","M","?","?","M","?","R","$","R","T","M","?","?","R","?","R","BOSS"],"build_version":"2018-03-01-PROD1","purchased_purges":2,"victory":false,"master_deck":["Defend_G","Defend_G","Defend_G","Defend_G","Defend_G+1","Strike_G+1","Strike_G","Survivor+1","Neutralize+1","Dagger Spray+1","Footwork+1","PiercingWail","Tools of the Trade+1","Blur+1","Sucker Punch+1","Escape Plan+1","Leg Sweep+1"],"max_hp_per_floor":[63,63,63,63,63,63,63,63,63,63,63,63,63,63,63,63,63,63,63,63,63,63,63,63,63,63,63,63,68,68,68,68],"relics":["Ring of the Snake","Art of War","Torii","Sozu","Centennial Puzzle","Bottled Lightning"],"card_choices":[{"not_picked":["Underhanded Strike","Dagger Throw"],"picked":"Dagger Spray"},{"not_picked":["Outmaneuver","Cloak And Dagger"],"picked":"PiercingWail"},{"not_picked":["Outmaneuver","Backflip"],"picked":"Tools of the Trade"},{"not_picked":["Bane","Dodge and Roll"],"picked":"Blur"},{"not_picked":["Poisoned Stab","Prepared"],"picked":"Sucker Punch"},{"not_picked":["Setup","Well Laid Plans"],"picked":"Escape Plan"},{"not_picked":["Endless Agony","Masterful Stab"],"picked":"Leg Sweep"}],"player_experience":583774,"potions_floor_usage":[33],"damage_taken":[{"damage":0,"enemies":"2 Louse","floor":1,"turns":4},{"damage":0,"enemies":"Small Slimes","floor":4,"turns":4},{"damage":0,"enemies":"Jaw Worm","floor":7,"turns":4},{"damage":0,"enemies":"Large Slime","floor":11,"turns":14},{"damage":0,"enemies":"2 Fungi Beasts","floor":12,"turns":4},{"damage":0,"enemies":"The Guardian","floor":16,"turns":20},{"damage":6,"enemies":"Spheric Guardian","floor":18,"turns":12},{"damage":0,"enemies":"3 Byrds","floor":21,"turns":6},{"damage":0,"enemies":"Snake Plant","floor":22,"turns":8},{"damage":0,"enemies":"Centurion and Healer","floor":27,"turns":17},{"damage":7,"enemies":"Sentry and Sphere","floor":31,"turns":10},{"damage":74,"enemies":"Champ","floor":33,"turns":29}],"event_choices":[{"event_name":"Big Fish","player_choice":"Box","floor":2,"damage_taken":0},{"event_name":"World of Goop","player_choice":"Gather Gold","floor":5,"damage_taken":0},{"event_name":"Upgrade Shrine","player_choice":"Upgraded","floor":14,"damage_taken":0},{"event_name":"N\u0027loth","player_choice":"Ignored","floor":19,"damage_taken":0},{"event_name":"Addict","player_choice":"Obtained Relic","floor":20,"damage_taken":0},{"event_name":"Upgrade Shrine","player_choice":"Upgraded","floor":28,"damage_taken":0},{"event_name":"Forgotten Altar","player_choice":"Shed Blood","floor":29,"damage_taken":0}],"boss_relics":[{"not_picked":["Runic Pyramid","White Beast Statue"],"picked":"Sozu"}],"potions_floor_spawned":[7,11,21,27],"seed_played":"-6572755719802193084","killed_by":"Champ","ascension_level":0,"is_trial":false}