{"path_per_floor":["M","M","?","$","M","M","R","M","T","M","R","E","?","E","R","B",null,"M","$","M","?","M","R","E","R","T","M","?","M","E","M","R","B",null,"M","?","?","M","$","E","R","E","T","M","R","M","R","M","R","B"],"character_chosen":"THE_SILENT","items_purchased":["Cloak And Dagger","Apotheosis","Unceasing Top"],"gold_per_floor":[365,381,381,71,87,101,101,119,119,134,134,168,168,194,194,297,297,315,25,43,43,59,59,89,89,89,104,29,44,72,82,82,179,179,192,192,292,310,310,336,336,370,370,380,380,391,391,411,411,411],"floor_reached":51,"campfire_rested":4,"playtime":2764,"current_hp_per_floor":[63,63,63,63,63,63,63,63,63,60,60,46,46,44,44,38,63,63,63,48,48,45,45,45,45,45,40,40,40,35,35,53,37,63,63,63,63,63,63,22,40,33,33,35,53,50,50,46,63,20],"items_purged":["Strike_G"],"gold":411,"score":835,"play_id":"c4380dce-7145-401d-9610-df8fe5cfad26","local_time":"20180412162914","is_prod":false,"is_daily":false,"is_ascension_mode":false,"campfire_upgraded":6,"timestamp":1523572154,"path_taken":["M","M","?","$","?","M","R","M","T","M","R","E","?","E","R","BOSS","M","$","M","?","?","R","E","R","T","M","?","M","E","M","R","BOSS","M","?","?","M","$","E","R","E","T","M","R","?","R","?","R","BOSS"],"build_version":"2018-04-04","purchased_purges":2,"victory":true,"master_deck":["Survivor","Neutralize+1","Finisher","Dagger Spray","Cloak And Dagger","Apotheosis+1","Endless Agony","Dagger Spray","Malaise+1","Flying Knee","Leg Sweep","Glass Knife+1","Cloak And Dagger+1","Terror+1","Masterful Stab","Slice+1","Cloak And Dagger+1","Prepared","Outmaneuver","Prepared","Venomology","Dagger Throw","Backstab","Footwork+1","Quick Slash","Dagger Throw","Prepared","Deadly Poison","Flying Knee+1","Unload","Endless Agony","Masterful Stab+1","Finisher+1","Prepared+1","Heel Hook+1"],"max_hp_per_floor":[63,63,63,63,63,63,63,63,63,63,63,63,63,63,63,63,63,63,63,63,63,63,63,63,63,63,63,63,63,63,63,63,63,63,63,63,63,63,63,63,63,63,63,63,63,63,63,63,63,63],"relics":["Ring of the Snake","Prayer Wheel","Mummified Hand","Bag of Marbles","Bronze Scales","Philosopher\u0027s Stone","Unceasing Top","Vajra","Calipers","Toolbox","Pandora\u0027s Box","Centennial Puzzle","Lantern","Blood Vial"],"card_choices":[{"not_picked":["Prepared","Slice"],"picked":"Finisher","floor":1.0},{"not_picked":["Slice","Dodge and Roll"],"picked":"Dagger Spray","floor":2.0},{"not_picked":["Quick Slash","Dodge and Roll"],"picked":"Endless Agony","floor":5.0},{"not_picked":["Flechettes","Masterful Stab"],"picked":"Dagger Spray","floor":6.0},{"not_picked":["Heel Hook","Deadly Poison"],"picked":"Malaise","floor":8.0},{"not_picked":["Deadly Poison","Quick Slash"],"picked":"Flying Knee","floor":10.0},{"not_picked":["Acrobatics","Grand Finale"],"picked":"Leg Sweep","floor":12.0},{"not_picked":["Doppelganger","Venomology"],"picked":"Glass Knife","floor":16.0},{"not_picked":["Skewer","Setup"],"picked":"Cloak And Dagger","floor":18.0},{"not_picked":["Choke","Dodge and Roll"],"picked":"Terror","floor":22.0},{"not_picked":["Reflex","Poisoned Stab"],"picked":"Masterful Stab","floor":24.0},{"not_picked":["PiercingWail","Underhanded Strike"],"picked":"Slice","floor":26.0},{"not_picked":["Deadly Poison","Acrobatics"],"picked":"Cloak And Dagger","floor":27.0},{"not_picked":["Riddle With Holes","Cloak And Dagger"],"picked":"Prepared","floor":29.0},{"not_picked":["Deflect","Glass Knife"],"picked":"Outmaneuver","floor":30.0},{"not_picked":["Cloak And Dagger","Dagger Throw"],"picked":"Prepared","floor":31.0},{"not_picked":["Envenom","Bullet Time"],"picked":"Venomology","floor":33.0},{"not_picked":["Backflip","Underhanded Strike"],"picked":"Flying Knee","floor":35.0},{"not_picked":["Acrobatics","PiercingWail"],"picked":"Endless Agony","floor":38},{"not_picked":["Well Laid Plans","Flying Knee"],"picked":"Masterful Stab","floor":42},{"not_picked":["Sucker Punch","Bane"],"picked":"Finisher","floor":44},{"not_picked":["Footwork","Well Laid Plans"],"picked":"Prepared","floor":46},{"not_picked":["Predator","Flying Knee"],"picked":"Heel Hook","floor":48}],"player_experience":1044928,"potions_floor_usage":[38,48,50,50,50],"damage_taken":[{"damage":0.0,"enemies":"2 Louse","floor":1.0,"turns":3.0},{"damage":0.0,"enemies":"Cultist","floor":2.0,"turns":3.0},{"damage":0.0,"enemies":"Small Slimes","floor":5.0,"turns":3.0},{"damage":0.0,"enemies":"Red Slaver","floor":6.0,"turns":4.0},{"damage":0.0,"enemies":"Looter","floor":8.0,"turns":3.0},{"damage":3.0,"enemies":"Exordium Wildlife","floor":10.0,"turns":3.0},{"damage":14.0,"enemies":"Gremlin Nob","floor":12.0,"turns":4.0},{"damage":2.0,"enemies":"Lagavulin","floor":14.0,"turns":7.0},{"damage":6.0,"enemies":"Hexaghost","floor":16.0,"turns":9.0},{"damage":0.0,"enemies":"Shell Parasite","floor":18.0,"turns":4.0},{"damage":15.0,"enemies":"3 Byrds","floor":20.0,"turns":3.0},{"damage":3.0,"enemies":"Snake Plant","floor":22.0,"turns":4.0},{"damage":0.0,"enemies":"Book of Stabbing","floor":24.0,"turns":4.0},{"damage":5.0,"enemies":"Centurion and Healer","floor":27.0,"turns":3.0},{"damage":0.0,"enemies":"Chosen and Byrds","floor":29.0,"turns":3.0},{"damage":5.0,"enemies":"Slavers","floor":30.0,"turns":4.0},{"damage":0.0,"enemies":"Slaver and Parasite","floor":31.0,"turns":3.0},{"damage":20.0,"enemies":"Automaton","floor":33.0,"turns":7.0},{"damage":0.0,"enemies":"3 Darklings","floor":35.0,"turns":2.0},{"damage":0,"enemies":"Flame Bruiser 1 Orb","floor":38,"turns":2},{"damage":41,"enemies":"Nemesis","floor":40,"turns":3},{"damage":7,"enemies":"Giant Head","floor":42,"turns":4},{"damage":0,"enemies":"Maw","floor":44,"turns":4},{"damage":5,"enemies":"Sphere and 2 Shapes","floor":46,"turns":3},{"damage":6,"enemies":"4 Shapes","floor":48,"turns":3},{"damage":55,"enemies":"Awakened One","floor":50,"turns":7}],"event_choices":[{"event_name":"The Lab","player_choice":"Got Potions","floor":3.0,"damage_taken":0.0},{"event_name":"Wheel of Change","player_choice":"Relic","floor":13.0,"damage_taken":0.0},{"event_name":"Ghosts","player_choice":"Ignored","floor":21.0,"damage_taken":0.0},{"event_name":"Beggar","player_choice":"Gave Gold","floor":28.0,"damage_taken":0.0},{"event_name":"Transmorgrifier","player_choice":"Transform","floor":36.0,"damage_taken":0.0},{"event_name":"Golden Shrine","player_choice":"Pray","floor":37,"damage_taken":0}],"boss_relics":[],"potions_floor_spawned":[1,8,14,16,27,31,33,35,44],"seed_played":"5892148507369299506","ascension_level":0,"is_trial":false}