{"gold_per_floor":[115,131,143,153,153,153,186,202,202,202],"floor_reached":10,"playtime":317,"items_purged":[],"score":70,"play_id":"b782110b-e505-41a8-bd9b-5648c5ba1932","local_time":"20190512230758","is_ascension_mode":false,"campfire_choices":[{"floor":6,"key":"REST"}],"neow_cost":"NONE","seed_source_timestamp":36923697048013,"circlet_count":0,"master_deck":["Strike_B","Strike_B","Strike_B","Strike_B","Defend_B","Defend_B","Defend_B","Defend_B","Zap","Dualcast","Purity","Barrage","Skim","Beam Cell","Ball Lightning","Darkness","Genetic Algorithm"],"relics":["Cracked Core","Golden Idol","Boot","Gremlin Horn"],"potions_floor_usage":[],"damage_taken":[{"damage":1,"enemies":"Cultist","floor":1,"turns":4},{"damage":11,"enemies":"Jaw Worm","floor":2,"turns":2},{"damage":1,"enemies":"2 Louse","floor":3,"turns":3},{"damage":37,"enemies":"Exordium Thugs","floor":4,"turns":5},{"damage":26,"enemies":"3 Sentries","floor":7,"turns":7},{"damage":14,"enemies":"Blue Slaver","floor":8,"turns":4},{"damage":0,"enemies":"Gremlin Nob","floor":10,"turns":2}],"seed_played":"8620531151348436513","potions_obtained":[{"floor":3,"key":"FocusPotion"},{"floor":4,"key":"Strength Potion"},{"floor":8,"key":"FearPotion"}],"is_trial":false,"path_per_floor":["M","M","M","M","?","R","E","M","T","E"],"character_chosen":"DEFECT","items_purchased":[],"campfire_rested":1,"item_purchase_floors":[],"current_hp_per_floor":[74,63,62,25,25,45,19,5,5,5],"gold":202,"neow_bonus":"RANDOM_COLORLESS","is_prod":false,"is_daily":false,"chose_seed":false,"campfire_upgraded":0,"win_rate":0.0,"timestamp":1557716878,"path_taken":["M","M","?","M","?","R","E","M","T","E"],"build_version":"2019-01-23","purchased_purges":0,"victory":false,"max_hp_per_floor":[75,75,75,75,69,69,69,69,69,69],"card_choices":[{"not_picked":["Gash","Sweeping Beam"],"picked":"Barrage","floor":1},{"not_picked":["Leap","Self Repair"],"picked":"Skim","floor":2},{"not_picked":["Rebound","Go for the Eyes"],"picked":"Beam Cell","floor":3},{"not_picked":["Streamline","Rebound"],"picked":"Ball Lightning","floor":4},{"not_picked":["Reinforced Body","Biased Cognition"],"picked":"Darkness","floor":7},{"not_picked":["Hello World","Barrage"],"picked":"Genetic Algorithm","floor":8}],"player_experience":6378,"relics_obtained":[{"floor":7,"key":"Boot"},{"floor":9,"key":"Gremlin Horn"}],"event_choices":[{"damage_healed":0,"gold_gain":0,"player_choice":"Lose Max HP","damage_taken":0,"relics_obtained":["Golden Idol"],"max_hp_gain":0,"max_hp_loss":6,"event_name":"Golden Idol","floor":5,"gold_loss":0}],"is_beta":false,"boss_relics":[],"items_purged_floors":[],"is_endless":false,"potions_floor_spawned":[3,4,8],"killed_by":"Gremlin Nob","ascension_level":0}