{"path_per_floor":["M","M","M","$","M","R","?","$","T","R","?","R","M","T","R","B",null,"M","M","?","M","?","R","M","M","T","M","M","R","$","M","R","B",null,"M","M","M","$","?","E","R","?","T","R","M","?","R","$","R","B"],"character_chosen":"THE_SILENT","items_purchased":["Happy Flower","Footwork","Burst","Bag of Preparation"],"gold_per_floor":[113,123,141,66,81,81,81,81,105,105,105,105,119,419,419,516,516,499,514,464,481,481,481,496,512,512,528,542,542,215,231,231,327,327,342,361,381,188,188,221,221,221,221,221,233,233,233,87,87,87],"floor_reached":51,"campfire_rested":1,"playtime":4680,"current_hp_per_floor":[69,69,69,69,66,66,66,66,66,66,71,71,71,71,71,67,75,75,58,58,52,52,52,51,51,51,48,39,61,61,61,61,35,75,74,74,72,72,63,63,63,63,63,63,61,61,61,61,61,41],"items_purged":["Strike_G","Strike_G","Defend_G"],"gold":87,"score":519,"play_id":"7142577e-7292-4436-aa31-867629c9e16a","is_prod":false,"is_daily":false,"is_ascension_mode":false,"campfire_upgraded":10,"path_taken":["M","?","M","$","M","R","?","?","T","R","?","R","M","?","R","BOSS","M","M","?","M","?","R","?","M","T","?","M","R","?","?","R","BOSS","M","M","M","$","?","E","R","?","T","R","?","?","R","$","R","BOSS"],"build_version":"2018-02-22-PROD1","purchased_purges":3,"victory":true,"master_deck":["Defend_G+1","Defend_G+1","Defend_G","Defend_G","Survivor","Neutralize+1","Noxious Fumes+1","Footwork+1","Well Laid Plans+1","Die Die Die","Dodge and Roll+1","Malaise+1","Predator+1","Bane+1","Acrobatics+1","Footwork+1","Leg Sweep+1","Heel Hook+1","Catalyst+1","Tactician+1","Terror+1","Calculated Gamble+1","Burst+1","Madness+1","Deadly Poison+1","Predator"],"max_hp_per_floor":[70,70,70,70,70,70,70,70,70,70,75,75,75,75,75,75,75,75,75,75,75,75,75,75,75,75,75,75,75,75,75,75,75,75,75,75,75,75,75,75,75,75,75,75,75,75,75,75,75,75],"relics":["Ring of the Snake","Art of War","War Paint","Old Coin","Sozu","Dream Catcher","Happy Flower","Astrolabe","Meat on the Bone","Frozen Eye","Bag of Preparation"],"card_choices":[{"not_picked":["Reflex","Choke"],"picked":"Noxious Fumes"},{"not_picked":["Catalyst","Choke"],"picked":"Footwork"},{"not_picked":["Noxious Fumes","Catalyst"],"picked":"Well Laid Plans"},{"not_picked":["Storm of Steel","Unload"],"picked":"Die Die Die"},{"not_picked":["Quick Slash","Catalyst"],"picked":"Dodge and Roll"},{"not_picked":["Endless Agony","Well Laid Plans"],"picked":"Malaise"},{"not_picked":["Dagger Throw","Deflect"],"picked":"Predator"},{"not_picked":["Quick Slash","Dagger Spray"],"picked":"Bane"},{"not_picked":["Bane","Riddle With Holes"],"picked":"Acrobatics"},{"not_picked":["Slice","Acrobatics"],"picked":"Leg Sweep"},{"not_picked":["Backflip","Cloak And Dagger"],"picked":"Terror"},{"not_picked":["Malaise","Prepared"],"picked":"Calculated Gamble"},{"not_picked":["Prepared","Dagger Throw"],"picked":"Deadly Poison"},{"not_picked":["Poisoned Stab","Acrobatics"],"picked":"Predator"}],"player_experience":466357,"potions_floor_usage":[16,50,50],"damage_taken":[{"damage":1,"enemies":"Cultist","floor":1,"turns":3},{"damage":0,"enemies":"Jaw Worm","floor":2,"turns":5},{"damage":0,"enemies":"2 Louse","floor":3,"turns":3},{"damage":3,"enemies":"Large Slime","floor":5,"turns":10},{"damage":0,"enemies":"Looter","floor":13,"turns":4},{"damage":4,"enemies":"The Guardian","floor":16,"turns":11},{"damage":0,"enemies":"2 Thieves","floor":18,"turns":5},{"damage":17,"enemies":"Chosen","floor":19,"turns":7},{"damage":6,"enemies":"Snake Plant","floor":21,"turns":8},{"damage":1,"enemies":"Centurion and Healer","floor":24,"turns":10},{"damage":0,"enemies":"Cultist and Chosen","floor":25,"turns":9},{"damage":3,"enemies":"Snake Plant","floor":27,"turns":6},{"damage":9,"enemies":"3 Cultists","floor":28,"turns":4},{"damage":0,"enemies":"Centurion and Healer","floor":31,"turns":6},{"damage":26,"enemies":"Champ","floor":33,"turns":16},{"damage":1,"enemies":"Orb Walker","floor":35,"turns":5},{"damage":0,"enemies":"3 Shapes","floor":36,"turns":4},{"damage":2,"enemies":"3 Darklings","floor":37,"turns":5},{"damage":0,"enemies":"Giant Head","floor":40,"turns":7},{"damage":2,"enemies":"Sphere and 2 Shapes","floor":45,"turns":6},{"damage":20,"enemies":"Time Eater","floor":50,"turns":15}],"event_choices":[{"event_name":"Liars Game","player_choice":"disagreed","floor":7,"damage_taken":0},{"event_name":"Big Fish","player_choice":"Donut","floor":11,"damage_taken":0},{"event_name":"The Joust","player_choice":"Bet on Murderer","floor":20,"damage_taken":0},{"event_name":"The Woman in Blue","player_choice":"Bought 0 Potions","floor":22,"damage_taken":0},{"event_name":"Winding Halls","player_choice":"Embrace Madness","floor":39,"damage_taken":0},{"event_name":"Purifier","player_choice":"One Purge","floor":42,"damage_taken":0},{"event_name":"Tomb of Lord Red Mask","player_choice":"Ignored","floor":46,"damage_taken":0}],"boss_relics":[{"not_picked":["Philosopher\u0027s Stone","Runic Dome"],"picked":"Sozu"},{"not_picked":["Pandora\u0027s Box","Runic Pyramid"],"picked":"Astrolabe"}],"potions_floor_spawned":[1,2,5,13,16,19,21,27,33,36,40,45],"seed_played":"-9186317327242899970","ascension_level":0,"is_trial":false}