{"path_per_floor":["M","M","?","$","?","R","E","R","T","M","$","E","T","M","R","B",null,"M","M","?","M","?","E","R","E","T","E","?","M","M","$","R","B",null,"M","M","?","$","?","R","?","M","T","M","T","R","M","$","R"],"character_chosen":"THE_SILENT","items_purchased":["Noxious Fumes","Sucker Punch","Dagger Spray","Quick Slash"],"gold_per_floor":[14,31,206,34,34,34,68,68,68,87,42,76,129,142,142,239,239,239,239,239,239,239,239,239,239,239,239,239,239,239,139,139,139,139,139,139,139,88,88,88,0,0,0,0,0,0,0,0,0],"floor_reached":50,"campfire_rested":4,"playtime":4328,"current_hp_per_floor":[57,57,57,57,62,62,58,58,72,72,72,54,54,44,44,30,74,65,65,62,62,51,43,43,26,26,14,14,5,11,11,30,20,53,51,42,42,42,15,34,34,30,30,29,29,48,36,36,55],"items_purged":["Doubt","Parasite"],"gold":0,"score":736,"play_id":"f5374426-c33b-4dff-a617-5c6ec483f9fe","is_prod":false,"is_daily":false,"is_ascension_mode":true,"campfire_upgraded":1,"path_taken":["M","M","?","$","?","R","E","R","T","M","$","E","?","M","R","BOSS","M","M","?","?","?","E","R","E","T","E","?","M","?","$","R","BOSS","M","?","?","$","?","R","?","M","T","M","?","R","M","?","R","BOSS"],"build_version":"2018-02-08-PROD1","purchased_purges":3,"victory":false,"master_deck":["Defend_G","Defend_G","Defend_G+1","Defend_G","Survivor","Neutralize","Well Laid Plans","Footwork","Noxious Fumes","Sucker Punch","Footwork","Dagger Spray","Cloak And Dagger+1","Dagger Spray+1","Venomology","Riddle With Holes","Quick Slash+1","Bite","Bite","Bite","Bite","Bite","Backflip","Infinite Blades","Dagger Spray","Dagger Throw+1","Tools of the Trade","Prepared+1","Malaise","Quick Slash","Backflip+1","Footwork","Sucker Punch+1","Prepared+1"],"max_hp_per_floor":[70,70,70,70,75,75,75,75,89,89,89,89,89,89,89,89,89,89,89,62,62,67,67,67,67,67,67,67,67,67,64,64,64,64,64,64,64,64,64,64,64,64,64,64,64,64,64,64,64],"relics":["Ring of the Snake","Girya","Toolbox","Mango","Tiny Chest","Ectoplasm","Ancient Tea Set","War Paint","Frozen Eye","Anchor","Runic Dome","Unceasing Top","Red Mask","Vajra","Pen Nib"],"card_choices":[{"not_picked":["Calculated Gamble","Dodge and Roll"],"picked":"Well Laid Plans"},{"not_picked":["Blade Dance","Cloak And Dagger"],"picked":"Footwork"},{"not_picked":["Bane","Backflip"],"picked":"Footwork"},{"not_picked":["Terror","Finisher"],"picked":"Cloak And Dagger"},{"not_picked":["Poisoned Stab","Caltrops"],"picked":"Dagger Spray"},{"not_picked":["Burst","Doppelganger"],"picked":"Venomology"},{"not_picked":["Skewer","Acrobatics"],"picked":"Riddle With Holes"},{"not_picked":["Accuracy","Footwork"],"picked":"Quick Slash"},{"not_picked":["Finisher","Cloak And Dagger"],"picked":"Backflip"},{"not_picked":["Masterful Stab","Dagger Spray"],"picked":"Infinite Blades"},{"not_picked":["Outmaneuver","PiercingWail"],"picked":"Dagger Spray"},{"not_picked":["Bane","Reflex"],"picked":"Dagger Throw"},{"not_picked":["Wraith Form","Corpse Explosion"],"picked":"Tools of the Trade"},{"not_picked":["Slice","Dagger Spray"],"picked":"Prepared"},{"not_picked":["Prepared","Flechettes"],"picked":"Malaise"},{"not_picked":["Prepared","Bane"],"picked":"Backflip"},{"not_picked":["Acrobatics","Flying Knee"],"picked":"Footwork"},{"not_picked":["Outmaneuver","Blur"],"picked":"Sucker Punch"},{"not_picked":["Dagger Throw","Reflex"],"picked":"Prepared"}],"player_experience":260730,"potions_floor_usage":[50,50],"damage_taken":[{"damage":6.0,"enemies":"Small Slimes","floor":1.0,"turns":6.0},{"damage":0.0,"enemies":"Jaw Worm","floor":2.0,"turns":7.0},{"damage":4.0,"enemies":"Lagavulin","floor":7.0,"turns":10.0},{"damage":0.0,"enemies":"2 Louse","floor":10.0,"turns":3.0},{"damage":18.0,"enemies":"Gremlin Nob","floor":12.0,"turns":4.0},{"damage":10.0,"enemies":"Exordium Wildlife","floor":14.0,"turns":3.0},{"damage":14.0,"enemies":"Slime Boss","floor":16.0,"turns":9.0},{"damage":9.0,"enemies":"Shell Parasite","floor":18.0,"turns":5.0},{"damage":0.0,"enemies":"Chosen","floor":19.0,"turns":3.0},{"damage":0.0,"enemies":"Centurion and Healer","floor":21.0,"turns":4.0},{"damage":18.0,"enemies":"Slavers","floor":23.0,"turns":8.0},{"damage":29.0,"enemies":"Gremlin Leader","floor":25.0,"turns":6.0},{"damage":20.0,"enemies":"Book of Stabbing","floor":27.0,"turns":6.0},{"damage":17.0,"enemies":"Cultist and Chosen","floor":29.0,"turns":7.0},{"damage":0.0,"enemies":"3 Cultists","floor":30.0,"turns":3.0},{"damage":24.0,"enemies":"Automaton","floor":33.0,"turns":9.0},{"damage":14.0,"enemies":"3 Shapes","floor":35.0,"turns":6.0},{"damage":11.0,"enemies":"3 Darklings","floor":36.0,"turns":3.0},{"damage":33.0,"enemies":"Mysterious Sphere","floor":39.0,"turns":4.0},{"damage":4.0,"enemies":"Sphere and 2 Shapes","floor":42.0,"turns":2.0},{"damage":11.0,"enemies":"4 Shapes","floor":44.0,"turns":6.0},{"damage":14.0,"enemies":"3 Darklings","floor":47.0,"turns":4.0},{"damage":68,"enemies":"Awakened One","floor":50,"turns":4}],"event_choices":[{"event_name":"Liars Game","player_choice":"agreed","floor":3.0,"damage_taken":0.0},{"event_name":"Big Fish","player_choice":"Donut","floor":5.0,"damage_taken":0.0},{"event_name":"Vampires","player_choice":"Became a vampire","floor":20.0,"damage_taken":0.0},{"event_name":"Forgotten Altar","player_choice":"Shed Blood","floor":22.0,"damage_taken":0.0},{"event_name":"The Lab","player_choice":"Got Potions","floor":28.0,"damage_taken":0.0},{"event_name":"Mysterious Sphere","player_choice":"Fight","floor":39.0,"damage_taken":0.0},{"event_name":"Tomb of Lord Red Mask","player_choice":"Paid","floor":41.0,"damage_taken":0.0}],"boss_relics":[],"potions_floor_spawned":[1,2,7,18,25,30,33,36,39],"seed_played":"8255813914800796613","killed_by":"Awakened One","ascension_level":11,"is_trial":false}