{"gold_per_floor":[112,187,204,204,219,252,252,0,0,32,32,45,145,164,164,259,259,279,279],"floor_reached":19,"playtime":809,"items_purged":[],"score":186,"play_id":"9b49f17d-245b-4b43-925a-8dc2e9573980","local_time":"20190513073301","is_ascension_mode":true,"campfire_choices":[{"floor":7,"key":"REST"},{"data":"Armaments","floor":11,"key":"SMITH"},{"floor":15,"key":"REST"}],"neow_cost":"NONE","seed_source_timestamp":66733307346642,"circlet_count":0,"master_deck":["Strike_R","Strike_R","Strike_R","Strike_R","Defend_R","Defend_R","Defend_R","Defend_R","Bash","Inflame","Rupture","Impervious","Brutality","Armaments+1","Spot Weakness","Limit Break"],"relics":["Runic Pyramid","Mummified Hand","Paper Frog","Bottled Tornado","Bottled Flame","Eternal Feather"],"potions_floor_usage":[],"damage_taken":[{"damage":5,"enemies":"2 Louse","floor":1,"turns":4},{"damage":9,"enemies":"Cultist","floor":3,"turns":4},{"damage":1,"enemies":"Jaw Worm","floor":5,"turns":6},{"damage":30,"enemies":"Gremlin Nob","floor":6,"turns":5},{"damage":25,"enemies":"3 Sentries","floor":10,"turns":9},{"damage":8,"enemies":"Looter","floor":12,"turns":4},{"damage":2,"enemies":"2 Fungi Beasts","floor":14,"turns":4},{"damage":8,"enemies":"Hexaghost","floor":16,"turns":9},{"damage":45,"enemies":"2 Thieves","floor":18,"turns":4},{"damage":37,"enemies":"3 Byrds","floor":19,"turns":6}],"seed_played":"-200705290386958075","potions_obtained":[{"floor":1,"key":"Energy Potion"},{"floor":6,"key":"Weak Potion"},{"floor":12,"key":"Fire Potion"}],"is_trial":false,"path_per_floor":["M","?","M","?","M","E","R","$","T","E","R","M","?","M","R","B",null,"M","M"],"character_chosen":"IRONCLAD","items_purchased":["Paper Frog"],"campfire_rested":2,"item_purchase_floors":[8],"current_hp_per_floor":[75,64,55,55,54,24,48,48,48,23,23,15,15,13,37,29,80,35,0],"gold":279,"neow_bonus":"BOSS_RELIC","is_prod":false,"is_daily":false,"chose_seed":false,"campfire_upgraded":1,"win_rate":0,"timestamp":1557747181,"path_taken":["M","?","M","?","M","E","R","$","T","E","R","M","?","M","R","BOSS","M","M"],"build_version":"2019-01-23","purchased_purges":0,"victory":false,"max_hp_per_floor":[80,80,80,80,80,80,80,80,80,80,80,80,80,80,80,80,80,80,80],"card_choices":[{"not_picked":["Burning Pact","Thunderclap"],"picked":"Inflame","floor":1},{"not_picked":["Uppercut","Power Through"],"picked":"Rupture","floor":3},{"not_picked":["Cleave","Anger","Wild Strike"],"picked":"SKIP","floor":5},{"not_picked":["Burning Pact","Spot Weakness"],"picked":"Brutality","floor":6},{"not_picked":["Heavy Blade","Rupture"],"picked":"Armaments","floor":10},{"not_picked":["Thunderclap","Pummel"],"picked":"Spot Weakness","floor":12},{"not_picked":["Cleave","Warcry","Shrug It Off"],"picked":"SKIP","floor":14},{"not_picked":["Feed","Demon Form"],"picked":"Limit Break","floor":16},{"not_picked":["Burning Pact","Heavy Blade","Power Through"],"picked":"SKIP","floor":18}],"player_experience":35329,"relics_obtained":[{"floor":6,"key":"Mummified Hand"},{"floor":9,"key":"Bottled Tornado"},{"floor":10,"key":"Bottled Flame"}],"event_choices":[{"damage_healed":0,"gold_gain":75,"player_choice":"Gather Gold","damage_taken":11,"max_hp_gain":0,"max_hp_loss":0,"event_name":"World of Goop","floor":2,"gold_loss":0},{"damage_healed":0,"gold_gain":0,"cards_transformed":["Strike_R"],"player_choice":"Change","damage_taken":0,"max_hp_gain":0,"max_hp_loss":0,"event_name":"Living Wall","floor":4,"gold_loss":0,"cards_obtained":["Impervious"]},{"damage_healed":0,"gold_gain":100,"player_choice":"Pray","damage_taken":0,"max_hp_gain":0,"max_hp_loss":0,"event_name":"Golden Shrine","floor":13,"gold_loss":0}],"is_beta":false,"boss_relics":[{"not_picked":["Black Star","Calling Bell"],"picked":"Eternal Feather"}],"items_purged_floors":[],"is_endless":false,"potions_floor_spawned":[1,6,12,16,18],"killed_by":"3 Byrds","ascension_level":1}