{"gold_per_floor":[116,116,116,116,126,151,162,197,220,252,252,267,267,293,293,390,390,403,403,260,270,145,180,280,87,87,87],"floor_reached":27,"playtime":2228,"items_purged":["Defend_B","Defend_B","Defend_B"],"score":310,"play_id":"14ce4f7a-ac4e-480d-be57-67fb28a91f21","local_time":"20190510222326","is_ascension_mode":true,"campfire_choices":[{"floor":11,"key":"REST"},{"data":"Loop","floor":13,"key":"SMITH"},{"floor":15,"key":"REST"}],"neow_cost":"NONE","seed_source_timestamp":47979259756726,"circlet_count":0,"master_deck":["Strike_B+1","Defend_B+1","Zap","Dualcast","Ball Lightning","Self Repair","Turbo","FTL","Meteor Strike","Loop+1","Hologram","Loop","Core Surge","Glacier","Capacitor","Cold Snap","FTL","Ball Lightning","Consume"],"relics":["Cracked Core","NeowsBlessing","Boot","Anchor","Orichalcum","Gremlin Horn","StoneCalendar","Lizard Tail","Bottled Lightning","Ginger","Bottled Tornado","Ancient Tea Set"],"potions_floor_usage":[14,14,23,24,24],"damage_taken":[{"damage":0,"enemies":"Cultist","floor":1,"turns":1},{"damage":0,"enemies":"Small Slimes","floor":5,"turns":1},{"damage":0,"enemies":"Gremlin Nob","floor":6,"turns":1},{"damage":2,"enemies":"2 Louse","floor":7,"turns":2},{"damage":28,"enemies":"3 Sentries","floor":8,"turns":7},{"damage":22,"enemies":"Lagavulin","floor":10,"turns":6},{"damage":15,"enemies":"Exordium Thugs","floor":12,"turns":5},{"damage":17,"enemies":"3 Sentries","floor":14,"turns":4},{"damage":31,"enemies":"Hexaghost","floor":16,"turns":8},{"damage":26,"enemies":"2 Thieves","floor":18,"turns":4},{"damage":12,"enemies":"Shell Parasite","floor":21,"turns":4},{"damage":27,"enemies":"Book of Stabbing","floor":23,"turns":7},{"damage":26,"enemies":"Colosseum Slavers","floor":24,"turns":4},{"damage":15,"enemies":"Colosseum Nobs","floor":24,"turns":4},{"damage":64,"enemies":"Gremlin Leader","floor":27,"turns":3}],"seed_played":"8452233735188426091","potions_obtained":[{"floor":1,"key":"Energy Potion"},{"floor":7,"key":"Explosive Potion"},{"floor":12,"key":"Fire Potion"},{"floor":14,"key":"FearPotion"},{"floor":23,"key":"Energy Potion"}],"is_trial":false,"path_per_floor":["M","?","?","?","M","E","M","E","T","E","R","M","R","E","R","B",null,"M","?","$","M","$","E","?","$","T","E"],"character_chosen":"DEFECT","items_purchased":["Capacitor","Cold Snap","Consume"],"campfire_rested":2,"item_purchase_floors":[20,22,25],"current_hp_per_floor":[75,60,60,60,60,60,65,44,44,29,51,43,43,33,55,31,75,56,56,56,51,51,31,44,44,44,0],"gold":87,"neow_bonus":"THREE_ENEMY_KILL","is_prod":false,"is_daily":false,"chose_seed":false,"campfire_upgraded":1,"win_rate":0,"timestamp":1557545006,"path_taken":["M","?","?","?","?","E","?","E","T","E","R","M","R","E","R","BOSS","M","?","$","?","?","E","?","$","T","E"],"build_version":"2019-01-23","purchased_purges":3,"victory":false,"max_hp_per_floor":[75,75,75,75,75,75,75,75,75,75,75,75,75,75,75,75,75,75,75,75,75,75,75,75,75,75,75],"card_choices":[{"not_picked":["Recycle","Turbo"],"picked":"Ball Lightning","floor":1},{"not_picked":["Redo","Compile Driver"],"picked":"Self Repair","floor":5},{"not_picked":["Beam Cell","Rebound"],"picked":"Turbo","floor":6},{"not_picked":["Sweeping Beam","Beam Cell"],"picked":"FTL","floor":7},{"not_picked":["Cold Snap","Gash"],"picked":"Meteor Strike","floor":8},{"not_picked":["Static Discharge","Sweeping Beam"],"picked":"Loop","floor":10},{"not_picked":["Auto Shields","Gash"],"picked":"Hologram","floor":12},{"not_picked":["Reprogram","Reboot"],"picked":"Loop","floor":14},{"not_picked":["Hyperbeam","Amplify"],"picked":"Core Surge","floor":16},{"not_picked":["Conserve Battery+1","Stack"],"picked":"Glacier","floor":18},{"not_picked":["Sweeping Beam","Turbo","Blizzard"],"picked":"SKIP","floor":21},{"not_picked":["Force Field","Turbo"],"picked":"FTL","floor":23},{"not_picked":["Redo","Sweeping Beam+1"],"picked":"Ball Lightning","floor":24}],"player_experience":176918,"relics_obtained":[{"floor":6,"key":"Boot"},{"floor":8,"key":"Anchor"},{"floor":9,"key":"Orichalcum"},{"floor":10,"key":"Gremlin Horn"},{"floor":14,"key":"StoneCalendar"},{"floor":23,"key":"Bottled Lightning"},{"floor":24,"key":"Ginger"},{"floor":24,"key":"Bottled Tornado"},{"floor":26,"key":"Ancient Tea Set"}],"event_choices":[{"damage_healed":0,"gold_gain":0,"player_choice":"Entered Light","damage_taken":15,"max_hp_gain":0,"max_hp_loss":0,"event_name":"Shining Light","floor":2,"gold_loss":0,"cards_upgraded":["Defend_B","Strike_B"]},{"cards_removed":["Strike_B"],"damage_healed":0,"gold_gain":0,"player_choice":"Forget","damage_taken":0,"max_hp_gain":0,"max_hp_loss":0,"event_name":"Living Wall","floor":3,"gold_loss":0},{"cards_removed":["Strike_B"],"damage_healed":0,"gold_gain":0,"player_choice":"Offered Basic","damage_taken":0,"max_hp_gain":0,"max_hp_loss":0,"event_name":"Bonfire Elementals","floor":4,"gold_loss":0},{"cards_removed":["Strike_B"],"damage_healed":0,"gold_gain":0,"player_choice":"Purged","damage_taken":0,"max_hp_gain":0,"max_hp_loss":0,"event_name":"Purifier","floor":19,"gold_loss":0},{"damage_healed":0,"gold_gain":0,"player_choice":"Fight","damage_taken":0,"max_hp_gain":0,"max_hp_loss":0,"event_name":"Colosseum","floor":24,"gold_loss":0},{"damage_healed":0,"gold_gain":0,"player_choice":"Fought Nobs","damage_taken":0,"max_hp_gain":0,"max_hp_loss":0,"event_name":"Colosseum","floor":24,"gold_loss":0}],"is_beta":false,"boss_relics":[{"not_picked":["Busted Crown","Snecko Eye"],"picked":"Lizard Tail"}],"items_purged_floors":[20,22,25],"is_endless":false,"potions_floor_spawned":[1,7,12,14,23],"killed_by":"Gremlin Leader","ascension_level":2}