{"gold_per_floor":[115,126,51,61,11,11,42,42,65,79,79,99,117,117],"floor_reached":14,"playtime":1054,"items_purged":["Strike_B"],"score":101,"play_id":"f5f64df7-00b1-4531-b261-b7e7d04b3e38","local_time":"20190511020045","is_ascension_mode":true,"campfire_choices":[{"data":"Self Repair","floor":6,"key":"SMITH"},{"floor":8,"key":"RECALL"}],"neow_cost":"NONE","seed_source_timestamp":62180613014803,"circlet_count":0,"master_deck":["Strike_B","Strike_B","Defend_B","Defend_B","Defend_B","Defend_B","Zap","Dualcast","Self Repair+1","Undo","Reinforced Body","Turbo","Defragment","Conserve Battery","Barrage"],"relics":["Cracked Core","NeowsBlessing","Bag of Preparation","Ornamental Fan"],"potions_floor_usage":[12],"damage_taken":[{"damage":0,"enemies":"Cultist","floor":1,"turns":1},{"damage":0,"enemies":"2 Louse","floor":2,"turns":1},{"damage":0,"enemies":"Jaw Worm","floor":4,"turns":1},{"damage":29,"enemies":"3 Sentries","floor":7,"turns":11},{"damage":16,"enemies":"Red Slaver","floor":10,"turns":5},{"damage":23,"enemies":"Lots of Slimes","floor":12,"turns":5},{"damage":1,"enemies":"3 Louse","floor":13,"turns":4},{"damage":0,"enemies":"Red Slaver","floor":14,"turns":1}],"seed_played":"7765833824752205443","potions_obtained":[{"floor":1,"key":"GamblersBrew"},{"floor":2,"key":"Poison Potion"},{"floor":4,"key":"FearPotion"},{"floor":13,"key":"Weak Potion"}],"is_trial":false,"path_per_floor":["M","M","$","M","?","R","E","R","T","M","T","M","M","M"],"character_chosen":"DEFECT","items_purchased":[],"campfire_rested":0,"item_purchase_floors":[],"current_hp_per_floor":[75,75,75,75,75,75,56,56,56,50,50,37,46,46],"gold":117,"neow_bonus":"THREE_ENEMY_KILL","is_prod":false,"is_daily":false,"chose_seed":false,"campfire_upgraded":1,"win_rate":0,"timestamp":1557558045,"path_taken":["M","M","$","?","?","R","E","R","T","M","?","M","M","?"],"build_version":"2019-01-23","purchased_purges":1,"victory":false,"max_hp_per_floor":[75,75,75,75,75,75,75,75,75,75,75,75,75,75],"card_choices":[{"not_picked":["Lockon","Darkness"],"picked":"Self Repair","floor":1},{"not_picked":["Stack","Rebound"],"picked":"Undo","floor":2},{"not_picked":["Leap","Aggregate"],"picked":"Reinforced Body","floor":4},{"not_picked":["Barrage","Force Field"],"picked":"Turbo","floor":7},{"not_picked":["Loop","All For One"],"picked":"Defragment","floor":10},{"not_picked":["Fusion","Genetic Algorithm"],"picked":"Conserve Battery","floor":12},{"not_picked":["Stack","Rebound"],"picked":"Barrage","floor":13}],"player_experience":182754,"relics_obtained":[{"floor":7,"key":"Bag of Preparation"},{"floor":11,"key":"Ornamental Fan"}],"event_choices":[{"cards_removed":["Strike_B"],"damage_healed":0,"gold_gain":0,"player_choice":"Card Removal","damage_taken":0,"max_hp_gain":0,"max_hp_loss":0,"event_name":"The Cleric","floor":5,"gold_loss":50}],"is_beta":false,"boss_relics":[],"items_purged_floors":[3],"is_endless":false,"potions_floor_spawned":[1,2,4,13],"killed_by":"Red Slaver","ascension_level":2}