{"path_per_floor":["M","M","M","$","?","R","E","R","T","R","$","R","M","?","R","B",null,"M","?","$","?","?","R","$","M","T","M","R","E","M","?","R","B",null,"M","$","?","M","M","R","E","R","T","?","$","M","R","M","R","B"],"character_chosen":"THE_SILENT","items_purchased":["Toxic Egg 2","Noxious Fumes","Dash","Backflip"],"gold_per_floor":[119,129,142,142,142,142,181,181,181,181,181,181,205,205,205,331,331,344,269,269,269,269,269,17,41,41,62,62,101,125,40,40,159,159,174,35,135,154,172,172,212,212,236,236,136,154,154,168,168,168],"floor_reached":51,"campfire_rested":1,"playtime":3555,"current_hp_per_floor":[69,69,69,69,52,52,32,32,32,32,32,32,32,55,55,24,70,65,65,65,65,65,65,65,58,58,58,58,53,53,53,53,53,70,70,70,70,70,70,70,70,70,70,70,70,70,70,70,70,70],"items_purged":["Strike_G"],"gold":168,"score":641,"play_id":"dc67a39c-9010-45c1-965b-d40763e29d97","local_time":"20180309235841","is_prod":false,"is_daily":false,"is_ascension_mode":false,"campfire_upgraded":11,"timestamp":1520665121,"path_taken":["M","M","?","?","?","R","E","R","T","R","$","R","M","?","R","BOSS","M","?","?","?","?","R","$","?","T","M","R","E","M","?","R","BOSS","M","$","?","M","M","R","E","R","T","?","$","M","R","M","R","BOSS"],"build_version":"2018-03-01-PROD1","purchased_purges":1,"victory":true,"master_deck":["Defend_G+1","Defend_G+1","Defend_G+1","Defend_G+1","Survivor+1","Neutralize+1","Outmaneuver+1","Predator+1","Terror+1","Adrenaline+1","Backflip+1","PiercingWail+1","Malaise+1","Blur+1","Footwork+1","Glass Knife+1","Storm of Steel+1","Choke+1","Predator+1","Noxious Fumes+1","Dash+1","Blur+1","Crippling Poison+1","Concentrate+1","Backflip+1"],"max_hp_per_floor":[70,70,70,70,70,70,70,70,70,70,70,70,70,70,70,70,70,70,70,70,70,70,70,70,70,70,70,70,70,70,70,70,70,70,70,70,70,70,70,70,70,70,70,70,70,70,70,70,70,70],"relics":["Ring of the Snake","Vajra","Golden Idol","Pen Nib","Frozen Egg 2","Velvet Choker","Shuriken","Toxic Egg 2","Thread and Needle","Paper Crane","Bronze Scales","Astrolabe","Ice Cream","War Paint"],"card_choices":[{"not_picked":["Deadly Poison","Dodge and Roll"],"picked":"Outmaneuver"},{"not_picked":["Flying Knee","Prepared"],"picked":"Predator"},{"not_picked":["Eviscerate","Dagger Throw"],"picked":"Terror"},{"not_picked":["Doppelganger","Corpse Explosion"],"picked":"Adrenaline"},{"not_picked":["Dagger Spray","Acrobatics"],"picked":"Backflip"},{"not_picked":["Bane","Acrobatics"],"picked":"PiercingWail"},{"not_picked":["Deadly Poison","Poisoned Stab"],"picked":"Malaise"},{"not_picked":["Acrobatics","Sucker Punch"],"picked":"Blur"},{"not_picked":["Finisher","Dagger Throw"],"picked":"Footwork"},{"not_picked":["After Image","Unload"],"picked":"Glass Knife"},{"not_picked":["Bouncing Flask","Distraction"],"picked":"Predator"},{"not_picked":["Skewer","Endless Agony"],"picked":"Blur"},{"not_picked":["Poisoned Stab","Slice"],"picked":"Crippling Poison"},{"not_picked":["Flying Knee","Bouncing Flask"],"picked":"Concentrate"}],"player_experience":543365,"potions_floor_usage":[33,48,50],"damage_taken":[{"damage":1.0,"enemies":"Cultist","floor":1.0,"turns":4.0},{"damage":0.0,"enemies":"2 Louse","floor":2.0,"turns":2.0},{"damage":0.0,"enemies":"Jaw Worm","floor":3.0,"turns":4.0},{"damage":20.0,"enemies":"Gremlin Nob","floor":7.0,"turns":5.0},{"damage":0.0,"enemies":"3 Louse","floor":13.0,"turns":4.0},{"damage":31.0,"enemies":"Hexaghost","floor":16.0,"turns":9.0},{"damage":5.0,"enemies":"3 Byrds","floor":18.0,"turns":5.0},{"damage":7,"enemies":"Shell Parasite","floor":25,"turns":4},{"damage":0,"enemies":"Centurion and Healer","floor":27,"turns":5},{"damage":5,"enemies":"Slavers","floor":29,"turns":6},{"damage":0,"enemies":"Sentry and Sphere","floor":30,"turns":8},{"damage":0,"enemies":"Collector","floor":33,"turns":14},{"damage":0,"enemies":"3 Darklings","floor":35,"turns":9},{"damage":0,"enemies":"3 Shapes","floor":38,"turns":4},{"damage":0,"enemies":"Maw","floor":39,"turns":6},{"damage":0,"enemies":"Nemesis","floor":41,"turns":5},{"damage":0,"enemies":"4 Shapes","floor":46,"turns":5},{"damage":0,"enemies":"3 Darklings","floor":48,"turns":5},{"damage":0,"enemies":"Awakened One","floor":50,"turns":14}],"event_choices":[{"event_name":"Golden Idol","player_choice":"Take Damage","floor":5.0,"damage_taken":0.0},{"event_name":"Big Fish","player_choice":"Banana","floor":14.0,"damage_taken":0.0},{"event_name":"Beggar","player_choice":"Gave Gold","floor":19.0,"damage_taken":0.0},{"event_name":"The Mausoleum","player_choice":"Yes","floor":21,"damage_taken":0},{"event_name":"Bonfire Elementals","player_choice":"BASIC","floor":22,"damage_taken":0},{"event_name":"Addict","player_choice":"Obtained Relic","floor":31,"damage_taken":0},{"event_name":"Golden Shrine","player_choice":"Pray","floor":37,"damage_taken":0}],"boss_relics":[{"not_picked":["Snecko Eye","Lizard Tail"],"picked":"Astrolabe"}],"potions_floor_spawned":[2,30,33,46],"seed_played":"8334577186073566132","ascension_level":0,"is_trial":false}