{"gold_per_floor":[109,109,124,139,64,64,92,75,98,16,44,61,61,75,75,176,176,189,289,270,23,23,57,57,86,86,102,102,2,2,30,30,129,129,144,164,164,164,175,506,506,176,199,233,233,247,267,281,281,281],"floor_reached":51,"playtime":3065,"items_purged":["Strike_G","Strike_G","Strike_G"],"score":836,"play_id":"5f187f38-06e0-461c-83b7-1981186c272a","local_time":"20190513071417","is_ascension_mode":true,"campfire_choices":[{"data":"PiercingWail","floor":6,"key":"SMITH"},{"floor":13,"key":"REST"},{"floor":15,"key":"REST"},{"floor":24,"key":"REST"},{"floor":28,"key":"REST"},{"floor":32,"key":"REST"},{"floor":41,"key":"REST"},{"floor":45,"key":"REST"},{"floor":49,"key":"REST"}],"neow_cost":"NONE","seed_source_timestamp":63340835723751,"circlet_count":0,"master_deck":["Defend_G","Defend_G","Defend_G","Defend_G","Defend_G","Survivor","Neutralize","Dodge and Roll","Noxious Fumes","PiercingWail+1","Deadly Poison","Backflip","Infinite Blades","Infinite Blades","Footwork","Backstab","Adrenaline+1","Crippling Poison+1","Caltrops+1","Backstab+1","Leg Sweep","Burst","Noxious Fumes+1","Parasite","Well Laid Plans+1","Choke+1","Pain","Dodge and Roll+1","Calculated Gamble+1"],"relics":["Ring of the Snake","Centennial Puzzle","Happy Flower","Oddly Smooth Stone","Vajra","Black Star","Bottled Lightning","Darkstone Periapt","Calipers","Mercury Hourglass","Bag of Preparation","Shuriken","Molten Egg 2","Boot","Cursed Key","Old Coin","Strawberry","TwistedFunnel","Juzu Bracelet","Dream Catcher","Turnip"],"potions_floor_usage":[7,33,33,33,50,50,50],"damage_taken":[{"damage":0,"enemies":"2 Louse","floor":1,"turns":5},{"damage":0,"enemies":"Cultist","floor":3,"turns":5},{"damage":0,"enemies":"Jaw Worm","floor":4,"turns":6},{"damage":49,"enemies":"Gremlin Nob","floor":7,"turns":7},{"damage":0,"enemies":"Exordium Thugs","floor":8,"turns":5},{"damage":17,"enemies":"3 Sentries","floor":11,"turns":7},{"damage":0,"enemies":"Looter","floor":12,"turns":4},{"damage":20,"enemies":"Lots of Slimes","floor":14,"turns":5},{"damage":9,"enemies":"The Guardian","floor":16,"turns":12},{"damage":9,"enemies":"3 Byrds","floor":18,"turns":5},{"damage":2,"enemies":"2 Thieves","floor":20,"turns":4},{"damage":31,"enemies":"Slavers","floor":23,"turns":6},{"damage":21,"enemies":"Gremlin Leader","floor":25,"turns":6},{"damage":11,"enemies":"Shelled Parasite and Fungi","floor":27,"turns":4},{"damage":21,"enemies":"Slavers","floor":31,"turns":5},{"damage":47,"enemies":"Collector","floor":33,"turns":8},{"damage":0,"enemies":"Orb Walker","floor":35,"turns":4},{"damage":6,"enemies":"3 Darklings","floor":36,"turns":4},{"damage":8,"enemies":"Writhing Mass","floor":39,"turns":5},{"damage":6,"enemies":"Nemesis","floor":40,"turns":7},{"damage":68,"enemies":"Reptomancer","floor":44,"turns":5},{"damage":21,"enemies":"Maw","floor":46,"turns":7},{"damage":5,"enemies":"3 Darklings","floor":47,"turns":3},{"damage":0,"enemies":"4 Shapes","floor":48,"turns":3},{"damage":35,"enemies":"Time Eater","floor":50,"turns":14}],"seed_played":"2471781655677709173","potions_obtained":[{"floor":4,"key":"LiquidBronze"},{"floor":8,"key":"Regen Potion"},{"floor":14,"key":"GamblersBrew"},{"floor":18,"key":"FearPotion"},{"floor":27,"key":"Block Potion"},{"floor":35,"key":"Dexterity Potion"},{"floor":39,"key":"SkillPotion"},{"floor":40,"key":"Regen Potion"}],"is_trial":false,"path_per_floor":["M","?","M","M","$","R","E","M","T","$","E","M","R","M","R","B",null,"M","?","M","$","?","E","R","E","T","M","R","$","$","E","R","B",null,"M","M","?","?","M","E","R","$","T","E","R","M","M","M","R","B",null],"character_chosen":"THE_SILENT","items_purchased":["Infinite Blades","Bottled Lightning","TwistedFunnel"],"campfire_rested":8,"item_purchase_floors":[10,21,42],"current_hp_per_floor":[70,70,70,70,70,70,21,21,21,21,4,4,25,5,26,17,70,61,61,59,59,59,28,49,28,28,17,38,38,38,17,38,5,70,70,64,64,64,62,63,83,83,89,21,47,26,21,21,47,27],"gold":281,"neow_bonus":"RANDOM_COMMON_RELIC","is_prod":false,"is_daily":false,"chose_seed":false,"campfire_upgraded":1,"win_rate":0,"timestamp":1557746057,"path_taken":["M","?","?","M","?","R","E","M","T","$","E","?","R","M","R","BOSS","M","?","M","?","?","E","R","E","T","?","R","?","$","E","R","BOSS","M","M","?","?","M","E","R","$","T","E","R","M","M","M","R","BOSS"],"build_version":"2019-01-23","purchased_purges":3,"victory":true,"max_hp_per_floor":[70,70,70,70,70,70,70,70,70,70,70,70,70,70,70,70,70,70,70,70,70,70,70,70,70,70,70,70,70,70,70,70,70,70,70,70,70,70,76,83,83,83,89,89,89,89,89,89,89,89],"card_choices":[{"not_picked":["Underhanded Strike","Expertise"],"picked":"Dodge and Roll","floor":1},{"not_picked":["Flechettes","Terror"],"picked":"PiercingWail","floor":3},{"not_picked":["Slice","Dodge and Roll","Outmaneuver"],"picked":"SKIP","floor":4},{"not_picked":["Crippling Poison","Noxious Fumes"],"picked":"Deadly Poison","floor":7},{"not_picked":["Blur","Prepared"],"picked":"Backflip","floor":8},{"not_picked":["Sucker Punch","Tactician"],"picked":"Infinite Blades","floor":11},{"not_picked":["Quick Slash","Infinite Blades"],"picked":"Footwork","floor":12},{"not_picked":["Endless Agony","Bane"],"picked":"Backstab","floor":14},{"not_picked":["Tools of the Trade","Phantasmal Killer"],"picked":"Adrenaline","floor":16},{"not_picked":["Footwork","Leg Sweep"],"picked":"Crippling Poison+1","floor":18},{"not_picked":["Bouncing Flask","Prepared","Finisher"],"picked":"SKIP","floor":20},{"not_picked":["Slice","Riddle With Holes"],"picked":"Caltrops+1","floor":23},{"not_picked":["Distraction","Masterful Stab"],"picked":"Backstab+1","floor":25},{"not_picked":["Outmaneuver","Poisoned Stab+1","Prepared+1"],"picked":"SKIP","floor":27},{"not_picked":["Prepared","Phantasmal Killer"],"picked":"Leg Sweep","floor":31},{"not_picked":["Corpse Explosion","Doppelganger"],"picked":"Burst","floor":33},{"not_picked":["Dagger Spray+1","Sucker Punch+1"],"picked":"Noxious Fumes+1","floor":35},{"not_picked":["Dodge and Roll+1","Deadly Poison+1","Acrobatics+1"],"picked":"SKIP","floor":36},{"not_picked":["Slice+1","Dagger Spray+1"],"picked":"Well Laid Plans+1","floor":39},{"not_picked":["Burst","Dagger Spray+1"],"picked":"Choke+1","floor":40},{"not_picked":["Dagger Throw+1","Blade Dance+1","Poisoned Stab+1"],"picked":"SKIP","floor":44},{"not_picked":["Sucker Punch+1","Doppelganger"],"picked":"Dodge and Roll+1","floor":45},{"not_picked":["Acrobatics+1","Leg Sweep","Deflect+1"],"picked":"SKIP","floor":46},{"not_picked":["Prepared+1","Deadly Poison+1","Slice+1"],"picked":"SKIP","floor":47},{"not_picked":["Sucker Punch+1","Prepared","Quick Slash+1"],"picked":"SKIP","floor":48},{"not_picked":["All Out Attack+1","Outmaneuver"],"picked":"Calculated Gamble+1","floor":49}],"player_experience":32264,"relics_obtained":[{"floor":7,"key":"Happy Flower"},{"floor":9,"key":"Oddly Smooth Stone"},{"floor":11,"key":"Vajra"},{"floor":23,"key":"Darkstone Periapt"},{"floor":23,"key":"Calipers"},{"floor":25,"key":"Mercury Hourglass"},{"floor":25,"key":"Bag of Preparation"},{"floor":26,"key":"Shuriken"},{"floor":31,"key":"Molten Egg 2"},{"floor":31,"key":"Boot"},{"floor":40,"key":"Old Coin"},{"floor":40,"key":"Strawberry"},{"floor":43,"key":"Juzu Bracelet"},{"floor":44,"key":"Dream Catcher"},{"floor":44,"key":"Turnip"}],"event_choices":[{"damage_healed":0,"gold_gain":0,"player_choice":"1 cards matched","damage_taken":0,"max_hp_gain":0,"max_hp_loss":0,"event_name":"Match and Keep!","floor":2,"gold_loss":0,"cards_obtained":["Noxious Fumes"]},{"damage_healed":0,"gold_gain":100,"player_choice":"Pray","damage_taken":0,"max_hp_gain":0,"max_hp_loss":0,"event_name":"Golden Shrine","floor":19,"gold_loss":0},{"damage_healed":0,"gold_gain":0,"player_choice":"Forge","damage_taken":0,"max_hp_gain":0,"max_hp_loss":0,"event_name":"Accursed Blacksmith","floor":22,"gold_loss":0,"cards_upgraded":["Adrenaline"]},{"cards_removed":["Strike_G"],"damage_healed":0,"gold_gain":0,"player_choice":"Removed Attack","damage_taken":0,"max_hp_gain":0,"max_hp_loss":0,"event_name":"Falling","floor":37,"gold_loss":0},{"cards_removed":["Strike_G"],"damage_healed":0,"gold_gain":0,"player_choice":"Purged","damage_taken":0,"max_hp_gain":0,"max_hp_loss":0,"event_name":"Purifier","floor":38,"gold_loss":0}],"is_beta":false,"boss_relics":[{"not_picked":["Runic Dome","Calling Bell"],"picked":"Black Star"},{"not_picked":["Coffee Dripper","White Beast Statue"],"picked":"Cursed Key"}],"items_purged_floors":[5,29,42],"is_endless":false,"potions_floor_spawned":[4,8,14,18,25,27,35,39,40,48],"ascension_level":1}