{"gold_per_floor":[118,133,58,68,78,110,10,25,50,60,79,79,110,123,123,123],"floor_reached":16,"playtime":2608,"items_purged":["Defend_G","Strike_G"],"score":116,"play_id":"b1e040bb-7a9d-4b72-a72a-c7e68a09d03c","local_time":"20181211004451","is_ascension_mode":false,"campfire_choices":[{"floor":12,"key":"REST"},{"floor":15,"key":"REST"}],"neow_cost":"NONE","seed_source_timestamp":0,"circlet_count":0,"master_deck":["Defend_G","Defend_G","Defend_G","Defend_G","Strike_G","Strike_G","Strike_G","Strike_G","Survivor","Neutralize","Quick Slash","Blade Dance","Deflect","Footwork","Leg Sweep","Backflip"],"special_seed":0,"relics":["Ring of the Snake","Boot","Regal Pillow","Bag of Preparation","Juzu Bracelet"],"potions_floor_usage":[16],"damage_taken":[{"damage":3.0,"enemies":"Cultist","floor":1.0,"turns":5.0},{"damage":3.0,"enemies":"Jaw Worm","floor":2.0,"turns":3.0},{"damage":2,"enemies":"Small Slimes","floor":4,"turns":3},{"damage":1,"enemies":"2 Fungi Beasts","floor":5,"turns":4},{"damage":44,"enemies":"3 Sentries","floor":6,"turns":12},{"damage":6,"enemies":"Exordium Wildlife","floor":8,"turns":3},{"damage":1,"enemies":"3 Louse","floor":10,"turns":4},{"damage":0,"enemies":"Looter","floor":11,"turns":3},{"damage":24,"enemies":"Lagavulin","floor":13,"turns":9},{"damage":0,"enemies":"Lots of Slimes","floor":14,"turns":6},{"damage":73,"enemies":"Hexaghost","floor":16,"turns":16}],"seed_played":"5786703943524840332","potions_obtained":[{"floor":4,"key":"Regen Potion"},{"floor":6,"key":"FearPotion"},{"floor":8,"key":"SpeedPotion"},{"floor":11,"key":"Fire Potion"}],"is_trial":false,"path_per_floor":["M","M","M","$","M","M","E","$","M","T","M","M","R","E","M","R","B"],"character_chosen":"THE_SILENT","items_purchased":[],"campfire_rested":2,"item_purchase_floors":[],"current_hp_per_floor":[67,64,64,62,61,17,17,11,11,10,10,46,22,22,58,0],"gold":123,"neow_bonus":"RANDOM_COMMON_RELIC","is_prod":false,"is_daily":false,"chose_seed":false,"campfire_upgraded":0,"win_rate":0.0,"timestamp":1544510691,"path_taken":["M","M","$","M","M","E","$","M","T","M","M","R","E","M","R","BOSS"],"build_version":"2018-12-06","purchased_purges":2,"victory":false,"max_hp_per_floor":[70,70,70,70,70,70,70,70,70,70,70,70,70,70,70,70],"card_choices":[{"not_picked":["Deflect","Riddle With Holes"],"picked":"Quick Slash","floor":1.0},{"not_picked":["Bouncing Flask","Expertise"],"picked":"Blade Dance","floor":2},{"not_picked":["Heel Hook","Dagger Throw"],"picked":"Deflect","floor":4},{"not_picked":["Quick Slash","Flying Knee"],"picked":"Footwork","floor":5},{"not_picked":["Venomology","Catalyst","Predator"],"picked":"SKIP","floor":6},{"not_picked":["Slice","Deadly Poison","All Out Attack"],"picked":"SKIP","floor":8},{"not_picked":["Well Laid Plans","Dodge and Roll","Sucker Punch"],"picked":"SKIP","floor":10},{"not_picked":["Dodge and Roll","Catalyst","Dash"],"picked":"SKIP","floor":11},{"not_picked":["Bane","Terror"],"picked":"Leg Sweep","floor":13},{"not_picked":["Poisoned Stab","Prepared"],"picked":"Backflip","floor":14}],"player_experience":37738,"relics_obtained":[{"floor":6,"key":"Regal Pillow"},{"floor":9,"key":"Bag of Preparation"},{"floor":13,"key":"Juzu Bracelet"}],"event_choices":[],"is_beta":false,"boss_relics":[],"items_purged_floors":[3,7],"is_endless":false,"potions_floor_spawned":[4,6,8,10,11],"killed_by":"Hexaghost","ascension_level":0}