{"path_per_floor":["M","?","M","M","$","R","$","R","T","E","?","$","R","M","R","B",null,"M","M","?","M","$","R","M","R","T","M","M","M","R","M","R","B",null,"M","M","M","M","?","R","M","R","T","$","?","R","M","$","R","B"],"character_chosen":"THE_SILENT","items_purchased":["Noxious Fumes","Footwork","Happy Flower","Footwork","Backflip","Backflip","War Paint"],"gold_per_floor":[118,193,206,220,139,139,58,58,110,144,144,1,1,14,14,111,111,128,138,238,250,54,54,71,71,71,88,104,117,117,132,132,233,233,244,254,270,284,284,284,301,301,301,201,201,201,220,23,23,23],"floor_reached":51,"campfire_rested":0,"playtime":4757,"current_hp_per_floor":[69,58,58,55,55,55,55,55,55,51,44,44,44,39,39,41,70,70,68,68,64,64,64,64,64,64,64,64,64,64,64,64,70,70,70,70,70,70,70,70,70,70,70,70,70,70,70,70,70,70],"items_purged":["Underhanded Strike","Masterful Stab"],"gold":23,"score":701,"play_id":"c1a1e82f-d468-4f26-b63b-f3cecd7693ce","local_time":"20180320101247","is_prod":false,"is_daily":false,"is_ascension_mode":false,"campfire_upgraded":12,"timestamp":1521562367,"path_taken":["M","?","M","M","?","R","$","R","T","E","?","$","R","M","R","BOSS","M","M","?","M","$","R","M","R","T","M","M","?","R","M","R","BOSS","M","?","M","?","?","R","M","R","T","$","?","R","?","$","R","BOSS"],"build_version":"2018-03-15","purchased_purges":2,"victory":true,"master_deck":["Survivor","Neutralize+1","Sucker Punch+1","Terror+1","Noxious Fumes+1","Footwork+1","Escape Plan+1","Adrenaline+1","Acrobatics+1","All Out Attack","Distraction+1","Expertise+1","Dodge and Roll","Leg Sweep","PiercingWail+1","Escape Plan","Blur","Cloak And Dagger","Footwork+1","Backflip+1","Noxious Fumes+1","Dodge and Roll+1","Outmaneuver","Flying Knee","PiercingWail+1","Dash+1","Cloak And Dagger","Dodge and Roll+1","Footwork+1","Backflip"],"max_hp_per_floor":[70,70,70,70,70,70,70,70,70,70,70,70,70,70,70,70,70,70,70,70,70,70,70,70,70,70,70,70,70,70,70,70,70,70,70,70,70,70,70,70,70,70,70,70,70,70,70,70,70,70],"relics":["Ring of the Snake","Dream Catcher","Pantograph","Happy Flower","Pandora\u0027s Box","Matryoshka","Philosopher\u0027s Stone","Omamori","Pen Nib","War Paint"],"card_choices":[{"not_picked":["Poisoned Stab","Infinite Blades"],"picked":"Sucker Punch"},{"not_picked":["Infinite Blades","Riddle With Holes"],"picked":"Terror"},{"not_picked":["Dagger Throw","Night Terror"],"picked":"Escape Plan"},{"not_picked":["Venomology","Night Terror"],"picked":"Adrenaline"},{"not_picked":["Distraction","PiercingWail"],"picked":"Escape Plan"},{"not_picked":["Quick Slash","Deadly Poison"],"picked":"Blur"},{"not_picked":["Well Laid Plans","Bane"],"picked":"Cloak And Dagger"},{"not_picked":["Poisoned Stab","Outmaneuver"],"picked":"Noxious Fumes"},{"not_picked":["Predator","Underhanded Strike"],"picked":"Dodge and Roll"},{"not_picked":["Phantasmal Killer","Finisher"],"picked":"Outmaneuver"},{"not_picked":["Deflect","Poisoned Stab"],"picked":"Flying Knee"},{"not_picked":["Unload","Slice"],"picked":"Heel Hook"},{"not_picked":["Reflex","Slice"],"picked":"PiercingWail"},{"not_picked":["Quick Slash","Dagger Throw"],"picked":"Dash"},{"not_picked":["Quick Slash","Deadly Poison"],"picked":"Cloak And Dagger"},{"not_picked":["Poisoned Stab","Outmaneuver"],"picked":"Dodge and Roll"},{"not_picked":["Poisoned Stab","Accuracy"],"picked":"Footwork"}],"player_experience":738579,"potions_floor_usage":[10,33,50,50],"damage_taken":[{"damage":1.0,"enemies":"Jaw Worm","floor":1.0,"turns":6.0},{"damage":0.0,"enemies":"Cultist","floor":3.0,"turns":4.0},{"damage":3.0,"enemies":"Small Slimes","floor":4.0,"turns":3.0},{"damage":4,"enemies":"Gremlin Nob","floor":10,"turns":5},{"damage":5,"enemies":"2 Fungi Beasts","floor":14,"turns":4},{"damage":23,"enemies":"Slime Boss","floor":16,"turns":12},{"damage":0,"enemies":"Spheric Guardian","floor":18,"turns":5},{"damage":2,"enemies":"2 Thieves","floor":19,"turns":5},{"damage":4,"enemies":"Snecko","floor":21,"turns":6},{"damage":0,"enemies":"Snake Plant","floor":24,"turns":6},{"damage":0,"enemies":"3 Cultists","floor":27,"turns":5},{"damage":0,"enemies":"Chosen and Byrds","floor":28,"turns":7},{"damage":0,"enemies":"Sentry and Sphere","floor":29,"turns":7},{"damage":0,"enemies":"Snecko","floor":31,"turns":7},{"damage":0,"enemies":"Collector","floor":33,"turns":10},{"damage":0,"enemies":"Orb Walker","floor":35,"turns":6},{"damage":0,"enemies":"3 Shapes","floor":36,"turns":5},{"damage":0,"enemies":"3 Darklings","floor":37,"turns":5},{"damage":0,"enemies":"Sphere and 2 Shapes","floor":38,"turns":5},{"damage":0,"enemies":"Maw","floor":41,"turns":9},{"damage":0,"enemies":"4 Shapes","floor":47,"turns":6},{"damage":0,"enemies":"Donu and Deca","floor":50,"turns":15}],"event_choices":[{"event_name":"World of Goop","player_choice":"Gather Gold","floor":2.0,"damage_taken":0.0},{"event_name":"Golden Wing","player_choice":"Card Removal","floor":11,"damage_taken":0},{"event_name":"Golden Shrine","player_choice":"Pray","floor":20,"damage_taken":0},{"event_name":"Tomb of Lord Red Mask","player_choice":"Ignored","floor":39,"damage_taken":0}],"boss_relics":[{"not_picked":["Question Card","Lizard Tail"],"picked":"Pandora\u0027s Box"},{"not_picked":["Orrery","Snecko Eye"],"picked":"Philosopher\u0027s Stone"}],"potions_floor_spawned":[3,4,16,18,21,28,29,31,35,36,47],"seed_played":"7022895481988737306","ascension_level":0,"is_trial":false}