{"gold_per_floor":[112,62,62,23,23,23,37,37,37,37,65,79,79,110,110,185,185,185,88,38,38,38,38,38,38,38,2,2,2,2,2,2,2,2,2,2,2,2,2,2,2,2,2,2,2,2,2,2,2,2],"floor_reached":51,"playtime":1889,"items_purged":["Defend_G"],"score":1132,"play_id":"41718627-f5ad-4fe5-8729-e2c5646c057b","local_time":"20190514114157","is_ascension_mode":true,"campfire_choices":[{"data":"Survivor","floor":6.0,"key":"SMITH"},{"data":"Crippling Poison","floor":8.0,"key":"SMITH"},{"data":"Defend_G","floor":10.0,"key":"SMITH"},{"data":"Dagger Spray","floor":13.0,"key":"SMITH"},{"floor":15.0,"key":"REST"},{"data":"A Thousand Cuts","floor":23.0,"key":"SMITH"},{"data":"Backflip","floor":25.0,"key":"SMITH"},{"data":"PiercingWail","floor":29.0,"key":"SMITH"},{"data":"Deadly Poison","floor":32.0,"key":"SMITH"},{"data":"Leg Sweep","floor":40.0,"key":"SMITH"},{"data":"Bouncing Flask","floor":45.0,"key":"SMITH"},{"floor":49.0,"key":"REST"}],"neow_cost":"NONE","seed_source_timestamp":1493617868676304,"circlet_count":0,"master_deck":["AscendersBane","Defend_G","Defend_G","Defend_G","Defend_G+1","Strike_G","Strike_G","Strike_G","Survivor+1","Neutralize+1","Crippling Poison+1","Dagger Spray+1","Adrenaline","Infinite Blades","A Thousand Cuts+1","Deadly Poison+1","PiercingWail+1","Backflip+1","Well Laid Plans","Crippling Poison+1","Corpse Explosion","Deadly Poison","Leg Sweep+1","Bouncing Flask+1","Setup+1","Cloak And Dagger"],"special_seed":0,"relics":["Ring of the Snake","Ancient Tea Set","Juzu Bracelet","Snake Skull","Ectoplasm","Smiling Mask","Unceasing Top","Eternal Feather","FaceOfCleric","Bottled Flame","Dead Branch"],"potions_floor_usage":[50,50],"damage_taken":[{"damage":1.0,"enemies":"Small Slimes","floor":1.0,"turns":4.0},{"damage":0.0,"enemies":"2 Louse","floor":7.0,"turns":3.0},{"damage":12.0,"enemies":"3 Sentries","floor":11.0,"turns":13.0},{"damage":0.0,"enemies":"Cultist","floor":12.0,"turns":3.0},{"damage":15.0,"enemies":"Gremlin Nob","floor":14.0,"turns":4.0},{"damage":22.0,"enemies":"Slime Boss","floor":16.0,"turns":12.0},{"damage":2.0,"enemies":"Chosen","floor":18.0,"turns":6.0},{"damage":0.0,"enemies":"3 Byrds","floor":22.0,"turns":3.0},{"damage":26.0,"enemies":"Automaton","floor":33.0,"turns":10.0},{"damage":3.0,"enemies":"3 Shapes","floor":35.0,"turns":2.0},{"damage":16.0,"enemies":"3 Darklings","floor":37.0,"turns":3.0},{"damage":23.0,"enemies":"4 Shapes","floor":39.0,"turns":2.0},{"damage":19.0,"enemies":"Writhing Mass","floor":42.0,"turns":6.0},{"damage":13.0,"enemies":"Mind Bloom Boss Battle","floor":44.0,"turns":6.0},{"damage":16.0,"enemies":"Maw","floor":47.0,"turns":6.0},{"damage":8.0,"enemies":"3 Darklings","floor":48.0,"turns":3.0},{"damage":53,"enemies":"Donu and Deca","floor":50,"turns":8}],"seed_played":"1255898483184520563","potions_obtained":[{"floor":7.0,"key":"EntropicBrew"},{"floor":12.0,"key":"GhostInAJar"},{"floor":33.0,"key":"GhostInAJar"},{"floor":47.0,"key":"Poison Potion"}],"is_trial":false,"path_per_floor":["M","$","?","?","?","R","M","R","T","R","E","M","R","E","R","B",null,"M","$","?","?","M","R","T","R","T","$","?","R","?","?","R","B",null,"M","?","M","?","M","R","?","M","T","?","R","?","M","M","R","B",null],"character_chosen":"THE_SILENT","items_purchased":["Dexterity Potion","PiercingWail","Well Laid Plans"],"campfire_rested":2,"item_purchase_floors":[2,19,27],"current_hp_per_floor":[58,58,58,58,58,58,58,58,58,58,46,46,46,31,50,28,57,55,55,55,49,49,49,49,49,49,49,49,49,49,49,49,23,55,52,52,36,66,43,55,55,37,37,25,40,40,25,18,54,2],"gold":2,"neow_bonus":"UPGRADE_CARD","is_prod":false,"is_daily":false,"chose_seed":false,"campfire_upgraded":10,"win_rate":0,"timestamp":1557805317,"path_taken":["M","$","?","?","?","R","?","R","T","R","E","M","R","E","R","BOSS","M","$","?","?","M","R","?","R","T","$","?","R","?","?","R","BOSS","M","?","M","?","M","R","?","M","T","?","R","?","M","M","R","BOSS"],"build_version":"2019-01-23","purchased_purges":1,"victory":true,"max_hp_per_floor":[66,66,66,66,66,66,66,66,66,66,66,66,66,66,66,66,66,66,66,66,66,66,66,66,66,66,66,66,66,66,66,66,66,66,66,66,66,66,66,66,66,67,67,68,68,68,69,70,70,71],"card_choices":[{"not_picked":["Outmaneuver","Masterful Stab","Dodge and Roll"],"picked":"SKIP","floor":1.0},{"not_picked":["Eviscerate","Finisher"],"picked":"Crippling Poison","floor":7.0},{"not_picked":["Slice","Bane"],"picked":"Dagger Spray","floor":11.0},{"not_picked":["Sucker Punch","Underhanded Strike"],"picked":"Adrenaline","floor":12.0},{"not_picked":["Deflect","Prepared"],"picked":"Infinite Blades","floor":14.0},{"not_picked":["Glass Knife","Grand Finale"],"picked":"A Thousand Cuts","floor":16.0},{"not_picked":["Caltrops","Blade Dance"],"picked":"Deadly Poison","floor":18.0},{"not_picked":["Blade Dance","Dodge and Roll"],"picked":"Backflip","floor":22.0},{"not_picked":["Phantasmal Killer","Malaise"],"picked":"Corpse Explosion","floor":33.0},{"not_picked":["Bane","Sucker Punch","All Out Attack"],"picked":"SKIP","floor":35.0},{"not_picked":["Concentrate","Bane"],"picked":"Deadly Poison","floor":37.0},{"not_picked":["Burst","Flechettes"],"picked":"Leg Sweep","floor":39.0},{"not_picked":["Flying Knee","Endless Agony+1"],"picked":"Bouncing Flask","floor":42.0},{"not_picked":["Dodge and Roll","Caltrops"],"picked":"Setup+1","floor":44.0},{"not_picked":["Deadly Poison","Prepared+1"],"picked":"Cloak And Dagger","floor":47.0},{"not_picked":["Acrobatics","Terror","Flying Knee"],"picked":"SKIP","floor":48.0}],"player_experience":528729,"relics_obtained":[{"floor":9.0,"key":"Ancient Tea Set"},{"floor":11.0,"key":"Juzu Bracelet"},{"floor":14.0,"key":"Snake Skull"},{"floor":24.0,"key":"Smiling Mask"},{"floor":26.0,"key":"Unceasing Top"},{"floor":43.0,"key":"Bottled Flame"},{"floor":44.0,"key":"Dead Branch"}],"event_choices":[{"damage_healed":0.0,"max_hp_gain":0.0,"max_hp_loss":0.0,"gold_gain":0.0,"event_name":"Liars Game","player_choice":"Ignored","floor":3.0,"gold_loss":0.0,"damage_taken":0.0},{"damage_healed":0.0,"max_hp_gain":0.0,"max_hp_loss":0.0,"gold_gain":0.0,"event_name":"World of Goop","player_choice":"Left Gold","floor":4.0,"gold_loss":39.0,"damage_taken":0.0},{"cards_removed":["Strike_G"],"damage_healed":0.0,"max_hp_gain":0.0,"max_hp_loss":0.0,"gold_gain":0.0,"event_name":"Purifier","player_choice":"Purged","floor":5.0,"gold_loss":0.0,"damage_taken":0.0},{"damage_healed":0.0,"max_hp_gain":0.0,"max_hp_loss":0.0,"gold_gain":0.0,"event_name":"The Joust","player_choice":"Bet on Owner","floor":20.0,"gold_loss":50.0,"damage_taken":0.0},{"damage_healed":0.0,"max_hp_gain":0.0,"max_hp_loss":0.0,"gold_gain":0.0,"event_name":"Knowing Skull","player_choice":"","floor":21.0,"potions_obtained":[],"gold_loss":0.0,"damage_taken":6.0,"cards_obtained":[]},{"damage_healed":0.0,"max_hp_gain":0.0,"max_hp_loss":0.0,"gold_gain":0.0,"event_name":"Duplicator","player_choice":"Copied","floor":28.0,"gold_loss":0.0,"damage_taken":0.0,"cards_obtained":["Crippling Poison"]},{"damage_healed":0.0,"max_hp_gain":0.0,"max_hp_loss":0.0,"gold_gain":0.0,"event_name":"Beggar","player_choice":"Ignored","floor":31.0,"gold_loss":0.0,"damage_taken":0.0},{"damage_healed":0.0,"max_hp_gain":0.0,"max_hp_loss":0.0,"gold_gain":100.0,"event_name":"Golden Shrine","player_choice":"Pray","floor":36.0,"gold_loss":0.0,"damage_taken":0.0},{"damage_healed":30.0,"max_hp_gain":0.0,"max_hp_loss":0.0,"gold_gain":0.0,"event_name":"Wheel of Change","player_choice":"Full Heal","floor":38.0,"gold_loss":0.0,"damage_taken":0.0},{"damage_healed":0.0,"max_hp_gain":0.0,"max_hp_loss":0.0,"gold_gain":0.0,"event_name":"FaceTrader","player_choice":"Trade","floor":41.0,"gold_loss":0.0,"damage_taken":0.0,"relics_obtained":["FaceOfCleric"]},{"damage_healed":0.0,"max_hp_gain":0.0,"max_hp_loss":0.0,"gold_gain":0.0,"event_name":"MindBloom","player_choice":"Fight","floor":44.0,"gold_loss":0.0,"damage_taken":0.0},{"cards_removed":["Strike_G"],"damage_healed":0.0,"max_hp_gain":0.0,"max_hp_loss":0.0,"gold_gain":0.0,"event_name":"Falling","player_choice":"Removed Attack","floor":46.0,"gold_loss":0.0,"damage_taken":0.0}],"is_beta":false,"boss_relics":[{"not_picked":["Philosopher\u0027s Stone","Busted Crown"],"picked":"Ectoplasm"},{"not_picked":["HoveringKite","Coffee Dripper"],"picked":"Eternal Feather"}],"items_purged_floors":[19],"is_endless":false,"potions_floor_spawned":[7,12,14,16,18,33,37,39,44,47],"ascension_level":14}