{"gold_per_floor":[364,364,69,344,52,52,77,77,131,151,185,196,211,229,229,331,331,346,356,137,165,10,10,40,40,65,65,81,81,95,107,107,202,202,219,235,160,171,190,190,190,200,200,312,346,358,370,402,414,426],"floor_reached":51,"playtime":17120,"items_purged":["Regret","Regret","Strike_G","Strike_G"],"score":737,"play_id":"e4bd7769-2067-4d4f-9f89-042593090d7e","local_time":"20190508004955","is_ascension_mode":true,"campfire_choices":[{"data":"Noxious Fumes","floor":6.0,"key":"SMITH"},{"data":"Neutralize","floor":8.0,"key":"SMITH"},{"data":"Footwork","floor":15.0,"key":"SMITH"},{"data":"Envenom","floor":23.0,"key":"SMITH"},{"floor":25.0,"key":"REST"},{"floor":32.0,"key":"REST"},{"floor":40.0,"key":"REST"},{"floor":47,"key":"REST"},{"floor":49,"key":"REST"}],"neow_cost":"CURSE","seed_source_timestamp":0,"circlet_count":0,"master_deck":["Defend_G","Defend_G","Defend_G","Defend_G","Defend_G","Strike_G","Strike_G","Survivor","Neutralize+1","PiercingWail","Dash+1","Blur","Noxious Fumes+1","Cloak And Dagger","Leg Sweep","Footwork+1","Acrobatics","Deadly Poison","Envenom","Catalyst+1","Noxious Fumes","Envenom+1","Well Laid Plans","Dramatic Entrance+1","Backflip+1","Corpse Explosion","Terror+1","Crippling Poison+1","PiercingWail+1"],"special_seed":0,"relics":["Ring of the Serpent","Molten Egg 2","Membership Card","Gremlin Horn","MealTicket","Mercury Hourglass","Tiny Chest","Matryoshka","Empty Cage","Singing Bowl","Red Mask","Mango","Pen Nib","Shuriken","Bronze Scales","The Specimen","MawBank","Girya","CultistMask"],"potions_floor_usage":[50],"damage_taken":[{"damage":0.0,"enemies":"Small Slimes","floor":1.0,"turns":5.0},{"damage":6.0,"enemies":"3 Sentries","floor":7.0,"turns":7.0},{"damage":0.0,"enemies":"2 Louse","floor":10.0,"turns":2.0},{"damage":3.0,"enemies":"Lagavulin","floor":11.0,"turns":6.0},{"damage":0.0,"enemies":"Cultist","floor":12.0,"turns":3.0},{"damage":0.0,"enemies":"Blue Slaver","floor":13.0,"turns":5.0},{"damage":0.0,"enemies":"Exordium Wildlife","floor":14.0,"turns":5.0},{"damage":10.0,"enemies":"Slime Boss","floor":16.0,"turns":11.0},{"damage":7.0,"enemies":"Shell Parasite","floor":18.0,"turns":8.0},{"damage":0.0,"enemies":"Chosen","floor":19.0,"turns":4.0},{"damage":30.0,"enemies":"Masked Bandits","floor":21.0,"turns":5.0},{"damage":34.0,"enemies":"Gremlin Leader","floor":24.0,"turns":7.0},{"damage":5.0,"enemies":"Snake Plant","floor":28.0,"turns":5.0},{"damage":16.0,"enemies":"Chosen and Byrds","floor":30.0,"turns":5.0},{"damage":2.0,"enemies":"Centurion and Healer","floor":31.0,"turns":6.0},{"damage":13.0,"enemies":"Automaton","floor":33.0,"turns":10.0},{"damage":9.0,"enemies":"3 Shapes","floor":35.0,"turns":3.0},{"damage":14.0,"enemies":"3 Darklings","floor":36.0,"turns":5.0},{"damage":67.0,"enemies":"Transient","floor":38.0,"turns":5.0},{"damage":6.0,"enemies":"4 Shapes","floor":39.0,"turns":2.0},{"damage":24.0,"enemies":"3 Darklings","floor":42.0,"turns":4.0},{"damage":10.0,"enemies":"Mind Bloom Boss Battle","floor":44.0,"turns":7.0},{"damage":41.0,"enemies":"Writhing Mass","floor":45.0,"turns":6.0},{"damage":4,"enemies":"Sphere and 2 Shapes","floor":48,"turns":3},{"damage":42,"enemies":"Time Eater","floor":50,"turns":14}],"seed_played":"-2859570568474790705","potions_obtained":[{"floor":7.0,"key":"PowerPotion"},{"floor":11.0,"key":"Block Potion"},{"floor":13.0,"key":"Poison Potion"},{"floor":28.0,"key":"Ancient Potion"},{"floor":30.0,"key":"Dexterity Potion"},{"floor":31.0,"key":"Weak Potion"},{"floor":35.0,"key":"Fire Potion"},{"floor":36.0,"key":"SteroidPotion"}],"is_trial":false,"path_per_floor":["M","?","$","?","$","R","E","R","T","M","E","M","M","M","R","B",null,"M","M","$","?","$","R","E","R","T","T","M","?","M","M","R","B",null,"M","M","$","M","M","R","?","M","T","?","M","?","R","M","R","B",null],"character_chosen":"THE_SILENT","items_purchased":["Membership Card","Dash+1","Blur","Noxious Fumes","Gremlin Horn","MealTicket","Envenom","Singing Bowl","Mango"],"campfire_rested":5,"item_purchase_floors":[3,3,3,5,5,5,20,20,22],"current_hp_per_floor":[70,70,70,70,70,70,64,64,64,64,61,61,61,61,61,51,70,63,63,70,40,69,69,37,62,62,62,59,59,43,43,70,57,90,81,67,82,17,13,41,82,60,60,52,11,11,36,34,60,18],"gold":438,"neow_bonus":"TWO_FIFTY_GOLD","is_prod":false,"is_daily":false,"chose_seed":false,"campfire_upgraded":4,"win_rate":0,"timestamp":1557294595,"path_taken":["M","?","$","?","$","R","E","R","T","M","E","M","?","M","R","BOSS","M","M","$","?","$","R","E","R","T","?","M","?","M","M","R","BOSS","M","M","$","?","M","R","?","M","T","?","M","?","R","M","R","BOSS"],"build_version":"2019-01-23","purchased_purges":4,"victory":true,"max_hp_per_floor":[70,70,70,70,70,70,70,70,70,70,70,70,70,70,70,70,70,70,70,70,70,84,84,86,86,86,86,88,88,88,90,90,90,90,90,90,90,92,94,94,82,84,84,86,86,86,86,88,88,88],"card_choices":[{"not_picked":["Bane","Setup"],"picked":"PiercingWail","floor":1.0},{"not_picked":["Quick Slash+1","Bane+1"],"picked":"Cloak And Dagger","floor":7.0},{"not_picked":["Tactician","Slice+1"],"picked":"Leg Sweep","floor":10.0},{"not_picked":["Sucker Punch+1","Quick Slash+1","Underhanded Strike+1"],"picked":"SKIP","floor":11.0},{"not_picked":["Outmaneuver","Setup"],"picked":"Footwork","floor":12.0},{"not_picked":["Leg Sweep","Blade Dance"],"picked":"Acrobatics","floor":13.0},{"not_picked":["Dodge and Roll","Tools of the Trade"],"picked":"Deadly Poison","floor":14.0},{"not_picked":["Venomology","A Thousand Cuts"],"picked":"Envenom","floor":16.0},{"not_picked":["Sucker Punch+1","Dash+1"],"picked":"Catalyst+1","floor":18.0},{"not_picked":["Bane+1","Blade Dance"],"picked":"Noxious Fumes","floor":19.0},{"not_picked":["Deadly Poison","Distraction"],"picked":"Well Laid Plans","floor":21.0},{"not_picked":["Acrobatics+1","Flying Knee+1","Cloak And Dagger"],"picked":"Singing Bowl","floor":24.0},{"not_picked":["Outmaneuver","Prepared","Bane+1"],"picked":"Singing Bowl","floor":28.0},{"not_picked":["Heel Hook+1","Dodge and Roll"],"picked":"Backflip+1","floor":30.0},{"not_picked":["Slice+1","Underhanded Strike+1","Sucker Punch+1"],"picked":"Singing Bowl","floor":31.0},{"not_picked":["Phantasmal Killer","Envenom"],"picked":"Corpse Explosion","floor":33.0},{"not_picked":["Slice+1","Acrobatics"],"picked":"Terror+1","floor":35.0},{"not_picked":["Poisoned Stab+1","Accuracy"],"picked":"Crippling Poison+1","floor":36.0},{"not_picked":["Sucker Punch+1","Eviscerate+1","Dodge and Roll+1"],"picked":"Singing Bowl","floor":38.0},{"not_picked":["Dodge and Roll","Calculated Gamble","Poisoned Stab+1"],"picked":"Singing Bowl","floor":39.0},{"not_picked":["Leg Sweep+1","Deadly Poison+1","Dagger Spray+1"],"picked":"Singing Bowl","floor":42.0},{"not_picked":["Tactician","Grand Finale+1","Deadly Poison+1"],"picked":"Singing Bowl","floor":44.0},{"not_picked":["Dodge and Roll","Slice+1"],"picked":"PiercingWail+1","floor":45},{"not_picked":["Slice+1","Sucker Punch+1","Blade Dance"],"picked":"Singing Bowl","floor":48}],"player_experience":137748,"relics_obtained":[{"floor":7.0,"key":"Mercury Hourglass"},{"floor":9.0,"key":"Tiny Chest"},{"floor":11.0,"key":"Matryoshka"},{"floor":21.0,"key":"Red Mask"},{"floor":24.0,"key":"Pen Nib"},{"floor":26.0,"key":"Shuriken"},{"floor":27.0,"key":"Bronze Scales"},{"floor":27.0,"key":"The Specimen"},{"floor":43.0,"key":"MawBank"},{"floor":44.0,"key":"Girya"}],"event_choices":[{"damage_healed":0.0,"max_hp_gain":0.0,"max_hp_loss":0.0,"gold_gain":0.0,"event_name":"Big Fish","player_choice":"Box","floor":2.0,"gold_loss":0.0,"damage_taken":0.0,"relics_obtained":["Molten Egg 2"],"cards_obtained":["Regret"]},{"damage_healed":0.0,"max_hp_gain":0.0,"max_hp_loss":0.0,"gold_gain":275.0,"event_name":"Golden Shrine","player_choice":"Desecrate","floor":4.0,"gold_loss":0.0,"damage_taken":0.0,"cards_obtained":["Regret"]},{"damage_healed":0.0,"max_hp_gain":0.0,"max_hp_loss":0.0,"gold_gain":0.0,"event_name":"Masked Bandits","player_choice":"Fought Bandits","floor":21.0,"gold_loss":0.0,"damage_taken":0.0},{"damage_healed":0.0,"max_hp_gain":0.0,"max_hp_loss":0.0,"gold_gain":0.0,"event_name":"Match and Keep!","player_choice":"1 cards matched","floor":29.0,"gold_loss":0.0,"damage_taken":0.0,"cards_obtained":["Dramatic Entrance"]},{"damage_healed":82.0,"max_hp_gain":0.0,"max_hp_loss":12.0,"gold_gain":0.0,"event_name":"The Moai Head","player_choice":"Heal","floor":41.0,"gold_loss":0.0,"damage_taken":0.0},{"damage_healed":0.0,"max_hp_gain":0.0,"max_hp_loss":0.0,"gold_gain":0.0,"event_name":"MindBloom","player_choice":"Fight","floor":44.0,"gold_loss":0.0,"damage_taken":0.0},{"damage_healed":0,"gold_gain":0,"player_choice":"Trade","damage_taken":0,"relics_obtained":["CultistMask"],"max_hp_gain":0,"max_hp_loss":0,"event_name":"FaceTrader","floor":46,"gold_loss":0}],"is_beta":false,"boss_relics":[{"not_picked":["Orrery","Astrolabe"],"picked":"Empty Cage"},{"not_picked":["Coffee Dripper","Philosopher\u0027s Stone"],"picked":"Ring of the Serpent"}],"items_purged_floors":[3,5,20,37],"is_endless":false,"potions_floor_spawned":[7,11,13,16,28,30,31,35,36,42],"ascension_level":1}