{"gold_per_floor":[144,189,189,189,234,324,324,414,414,459,459,504,432,507,507,807,807,852,897,897,897,942,1032,1032,1122,1122,1167,1212,1257,1257,7,7,307,307,352,352,397,397,442,442,442,742,742,742,102,102,102,102,102,102],"floor_reached":51,"playtime":2375,"items_purged":[],"score":1047,"play_id":"014638ec-99f5-44c1-b328-dca727626a87","local_time":"20190513062208","daily_mods":["SealedDeck","Hoarder","Midas"],"is_ascension_mode":false,"campfire_choices":[{"floor":7,"key":"REST"},{"floor":11,"key":"REST"},{"floor":15,"key":"REST"},{"floor":24,"key":"REST"},{"floor":30,"key":"REST"},{"floor":32,"key":"REST"},{"floor":40,"key":"REST"},{"floor":44,"key":"REST"},{"floor":49,"key":"REST"}],"neow_cost":"","seed_source_timestamp":59737155998649,"circlet_count":0,"master_deck":["Conserve Battery","Conserve Battery","Conserve Battery+1","Cold Snap+1","Cold Snap","FTL","FTL","FTL","Darkness","Darkness","Darkness","Compile Driver","Compile Driver","Compile Driver","Static Discharge","Static Discharge","Static Discharge","Cold Snap","Cold Snap","Cold Snap","FTL","FTL","FTL","Force Field","Force Field","Force Field","Ball Lightning","Ball Lightning","Ball Lightning","Steam","Steam","Steam","White Noise","White Noise","White Noise","Aggregate","Aggregate+1","Aggregate+1","Redo","Redo","Redo","Leap","Leap","Leap","Self Repair","Self Repair","Self Repair","Machine Learning","Machine Learning","Machine Learning","Defragment","Defragment","Defragment","Lockon","Lockon","Lockon","Capacitor","Capacitor","Capacitor","Barrage","Barrage","Barrage","Seek","Seek","Seek","Beam Cell+1","Beam Cell+1","Beam Cell+1","Recycle","Recycle","Recycle","Leap","Leap","Leap","White Noise+1","White Noise+1","White Noise+1","Ball Lightning","Ball Lightning","Ball Lightning","Defragment+1","Defragment+1","Defragment+1"],"special_seed":18029,"relics":["FrozenCore","Pear","Gambling Chip","Kunai","Runic Dome","Dream Catcher","FossilizedHelix","The Courier","Mango","Matryoshka","DataDisk","Strawberry","Happy Flower","Bag of Preparation","War Paint","Tiny Chest","Juzu Bracelet","Frozen Egg 2","Boot","Emotion Chip","Omamori","Question Card","Gremlin Horn","Blood Vial","Singing Bowl","Centennial Puzzle"],"potions_floor_usage":[29,29,29],"damage_taken":[{"damage":0,"enemies":"2 Louse","floor":1,"turns":2},{"damage":0,"enemies":"Small Slimes","floor":2,"turns":2},{"damage":0,"enemies":"Jaw Worm","floor":5,"turns":2},{"damage":19,"enemies":"3 Sentries","floor":6,"turns":5},{"damage":30,"enemies":"Gremlin Nob","floor":8,"turns":3},{"damage":0,"enemies":"Exordium Wildlife","floor":10,"turns":3},{"damage":13,"enemies":"Red Slaver","floor":12,"turns":2},{"damage":17,"enemies":"The Guardian","floor":16,"turns":17},{"damage":10,"enemies":"Spheric Guardian","floor":18,"turns":4},{"damage":27,"enemies":"2 Thieves","floor":19,"turns":3},{"damage":3,"enemies":"Centurion and Healer","floor":22,"turns":10},{"damage":46,"enemies":"Gremlin Leader","floor":23,"turns":4},{"damage":11,"enemies":"Book of Stabbing","floor":25,"turns":6},{"damage":19,"enemies":"Cultist and Chosen","floor":27,"turns":5},{"damage":37,"enemies":"Snake Plant","floor":28,"turns":5},{"damage":10,"enemies":"Centurion and Healer","floor":29,"turns":7},{"damage":12,"enemies":"Champ","floor":33,"turns":8},{"damage":0,"enemies":"Orb Walker","floor":35,"turns":3},{"damage":0,"enemies":"3 Darklings","floor":36,"turns":9},{"damage":0,"enemies":"Maw","floor":37,"turns":6},{"damage":3,"enemies":"Writhing Mass","floor":39,"turns":5},{"damage":0,"enemies":"4 Shapes","floor":41,"turns":7},{"damage":0,"enemies":"Mind Bloom Boss Battle","floor":42,"turns":8},{"damage":3,"enemies":"Time Eater","floor":50,"turns":14}],"seed_played":"7421306700894987377","potions_obtained":[{"floor":6,"key":"SpeedPotion"},{"floor":10,"key":"FocusPotion"},{"floor":16,"key":"FearPotion"},{"floor":33,"key":"Fire Potion"},{"floor":41,"key":"Swift Potion"}],"is_trial":false,"path_per_floor":["M","M","?","?","M","E","R","E","T","M","R","M","$","?","R","B",null,"M","M","?","?","M","E","R","E","T","M","M","M","R","$","R","B",null,"M","M","M","T","M","R","M","?","T","R","$","?","?","?","R","B",null],"character_chosen":"DEFECT","items_purchased":["Self Repair","Mango","Matryoshka","DataDisk","Strawberry","Happy Flower","Bag of Preparation","War Paint","Tiny Chest","Juzu Bracelet","Gremlin Horn","Blood Vial","Singing Bowl","Centennial Puzzle"],"campfire_rested":9,"item_purchase_floors":[13,31,31,31,31,31,31,31,31,31,45,45,45,45],"current_hp_per_floor":[75,75,60,48,48,39,64,34,34,34,59,46,46,35,60,64,85,85,65,65,65,83,37,62,58,58,46,23,27,52,73,104,106,106,106,106,106,106,106,106,106,106,106,106,106,106,106,106,106,103],"gold":102,"neow_bonus":"","is_prod":false,"is_daily":true,"chose_seed":false,"campfire_upgraded":0,"win_rate":0.0,"timestamp":1557742928,"path_taken":["M","M","?","?","M","E","R","E","T","M","R","M","$","?","R","BOSS","M","M","?","?","M","E","R","E","T","M","M","M","R","?","R","BOSS","M","M","M","?","M","R","M","?","T","R","$","?","?","?","R","BOSS"],"build_version":"2019-01-23","purchased_purges":0,"victory":true,"max_hp_per_floor":[75,75,75,75,75,85,85,85,85,85,85,85,85,85,85,85,85,85,85,85,85,85,85,85,85,85,85,85,85,85,106,106,106,106,106,106,106,106,106,106,106,106,106,106,106,106,106,106,106,106],"card_choices":[{"not_picked":["Cold Snap","Sweeping Beam"],"picked":"Steam","floor":1},{"not_picked":["Compile Driver","Hello World","Static Discharge"],"picked":"SKIP","floor":2},{"not_picked":["BootSequence","Darkness"],"picked":"White Noise","floor":5},{"not_picked":["Consume","Chill"],"picked":"Aggregate","floor":6},{"not_picked":["Storm","Gash","Lockon"],"picked":"SKIP","floor":8},{"not_picked":["Scrape","Echo Form"],"picked":"Redo","floor":10},{"not_picked":["Double Energy","Stack"],"picked":"Leap","floor":12},{"not_picked":["Biased Cognition","Creative AI"],"picked":"Machine Learning","floor":16},{"not_picked":["Conserve Battery","Hello World"],"picked":"Defragment","floor":18},{"not_picked":["Hologram","Aggregate+1","Beam Cell"],"picked":"SKIP","floor":19},{"not_picked":["Hologram","Stack","Reinforced Body"],"picked":"SKIP","floor":22},{"not_picked":["Stack","Lockon+1","Cold Snap"],"picked":"SKIP","floor":23},{"not_picked":["Rebound+1","Heatsinks"],"picked":"Capacitor","floor":24},{"not_picked":["Stack","Steam+1","Loop"],"picked":"SKIP","floor":25},{"not_picked":["Steam","Cold Snap+1","Capacitor"],"picked":"SKIP","floor":27},{"not_picked":["Rainbow","Sweeping Beam"],"picked":"Barrage","floor":28},{"not_picked":["Rebound+1","Go for the Eyes","Coolheaded"],"picked":"SKIP","floor":29},{"not_picked":["All For One","Buffer"],"picked":"Seek","floor":33},{"not_picked":["Leap+1","BootSequence+1","Aggregate+1"],"picked":"SKIP","floor":35},{"not_picked":["Double Energy","Rebound","Hologram+1"],"picked":"SKIP","floor":36},{"not_picked":["Streamline+1","Loop+1"],"picked":"Beam Cell+1","floor":37},{"not_picked":["Cold Snap","Turbo+1"],"picked":"Recycle","floor":39},{"not_picked":["Lockon+1","Hologram","Redo"],"picked":"SKIP","floor":41},{"not_picked":["Cold Snap","Gash+1"],"picked":"Leap","floor":42},{"not_picked":["Cold Snap+1","Rip and Tear+1","Double Energy"],"picked":"White Noise+1","floor":44},{"not_picked":["Hyperbeam","Compile Driver","Ball Lightning+1"],"picked":"Defragment+1","floor":49}],"player_experience":29889,"relics_obtained":[{"floor":6,"key":"Pear"},{"floor":8,"key":"Gambling Chip"},{"floor":9,"key":"Kunai"},{"floor":23,"key":"Dream Catcher"},{"floor":25,"key":"FossilizedHelix"},{"floor":26,"key":"The Courier"},{"floor":38,"key":"Frozen Egg 2"},{"floor":38,"key":"Boot"},{"floor":42,"key":"Emotion Chip"},{"floor":43,"key":"Omamori"},{"floor":43,"key":"Question Card"}],"event_choices":[{"damage_healed":0,"gold_gain":0,"player_choice":"Entered Light","damage_taken":15,"max_hp_gain":0,"max_hp_loss":0,"event_name":"Shining Light","floor":3,"gold_loss":0,"cards_upgraded":["Conserve Battery","Cold Snap"]},{"damage_healed":0,"gold_gain":0,"player_choice":"Fled","damage_taken":12,"max_hp_gain":0,"max_hp_loss":0,"event_name":"Scrap Ooze","floor":4,"gold_loss":0},{"damage_healed":0,"gold_gain":75,"player_choice":"Gather Gold","damage_taken":11,"max_hp_gain":0,"max_hp_loss":0,"event_name":"World of Goop","floor":14,"gold_loss":0},{"damage_healed":0,"gold_gain":0,"player_choice":"Ignored","damage_taken":0,"max_hp_gain":0,"max_hp_loss":0,"event_name":"Beggar","floor":20,"gold_loss":0},{"damage_healed":0,"gold_gain":0,"player_choice":"Read","damage_taken":0,"max_hp_gain":0,"max_hp_loss":0,"event_name":"The Library","floor":21,"gold_loss":0,"cards_obtained":["Lockon"]},{"damage_healed":0,"gold_gain":0,"player_choice":"Fight","damage_taken":0,"max_hp_gain":0,"max_hp_loss":0,"event_name":"MindBloom","floor":42,"gold_loss":0},{"cards_removed":["Cold Snap"],"damage_healed":0,"gold_gain":0,"player_choice":"Removed Attack","damage_taken":0,"max_hp_gain":0,"max_hp_loss":0,"event_name":"Falling","floor":46,"gold_loss":0},{"damage_healed":0,"gold_gain":0,"player_choice":"Copied","damage_taken":0,"max_hp_gain":0,"max_hp_loss":0,"event_name":"Duplicator","floor":47,"gold_loss":0,"cards_obtained":["Ball Lightning"]},{"damage_healed":0,"gold_gain":0,"player_choice":"Ignored","damage_taken":0,"max_hp_gain":0,"max_hp_loss":0,"event_name":"Purifier","floor":48,"gold_loss":0}],"is_beta":false,"boss_relics":[{"not_picked":["Coffee Dripper","Velvet Choker"],"picked":"Runic Dome"},{"not_picked":["White Beast Statue","Astrolabe"],"picked":"FrozenCore"}],"items_purged_floors":[],"is_endless":false,"potions_floor_spawned":[6,10,16,18,22,27,33,35,41,42],"ascension_level":0}