{"gold_per_floor":[111,36,48,123,136,170,170,197,223,223,254,265,265,275,275,275],"floor_reached":16,"playtime":1776,"items_purged":["Strike_R"],"score":138,"play_id":"8b69de25-e09c-45ac-ae8d-a3a778033557","local_time":"20190504042111","is_ascension_mode":true,"campfire_choices":[{"floor":7,"key":"REST"},{"floor":13,"key":"REST"},{"floor":15,"key":"REST"}],"neow_cost":"TEN_PERCENT_HP_LOSS","seed_source_timestamp":1804400988844,"circlet_count":0,"master_deck":["Strike_R","Strike_R","Strike_R","Defend_R","Defend_R","Defend_R","Bash","Headbutt","Armaments","Sword Boomerang","Offering","Headbutt","Dark Embrace","Bash","Carnage","Heavy Blade"],"relics":["Burning Blood","Vajra","Boot","Singing Bowl"],"potions_floor_usage":[11],"damage_taken":[{"damage":6,"enemies":"Cultist","floor":1,"turns":4},{"damage":0,"enemies":"2 Louse","floor":3,"turns":2},{"damage":3,"enemies":"Jaw Worm","floor":5,"turns":4},{"damage":55,"enemies":"3 Sentries","floor":6,"turns":10},{"damage":19,"enemies":"Gremlin Nob","floor":8,"turns":3},{"damage":18,"enemies":"3 Sentries","floor":11,"turns":7},{"damage":5,"enemies":"Red Slaver","floor":12,"turns":3},{"damage":24,"enemies":"Large Slime","floor":14,"turns":4},{"damage":40,"enemies":"The Guardian","floor":16,"turns":5}],"seed_played":"5519117409253696321","potions_obtained":[{"floor":5,"key":"Dexterity Potion"},{"floor":8,"key":"Poison Potion"},{"floor":12,"key":"AttackPotion"}],"is_trial":false,"path_per_floor":["M","$","M","?","M","E","R","E","T","?","E","M","R","M","R","B"],"character_chosen":"IRONCLAD","items_purchased":[],"campfire_rested":3,"item_purchase_floors":[],"current_hp_per_floor":[72,72,72,61,64,15,36,23,23,23,11,12,33,17,39,0],"gold":275,"neow_bonus":"REMOVE_TWO","is_prod":false,"is_daily":false,"chose_seed":false,"campfire_upgraded":0,"win_rate":0,"timestamp":1556961671,"path_taken":["M","$","M","?","M","E","R","E","T","?","E","M","R","?","R","BOSS"],"build_version":"2019-01-23","purchased_purges":1,"victory":false,"max_hp_per_floor":[72,72,72,72,72,72,72,72,72,72,72,72,72,74,74,74],"card_choices":[{"not_picked":["Wild Strike","Clash"],"picked":"Headbutt","floor":1},{"not_picked":["Dropkick","Carnage"],"picked":"Armaments","floor":3},{"not_picked":["Wild Strike","Cleave"],"picked":"Sword Boomerang","floor":5},{"not_picked":["Armaments","Corruption"],"picked":"Offering","floor":6},{"not_picked":["Cleave","Thunderclap"],"picked":"Headbutt","floor":8},{"not_picked":["Anger","Clothesline"],"picked":"Carnage","floor":11},{"not_picked":["Armaments","Warcry"],"picked":"Heavy Blade","floor":12},{"not_picked":["Sentinel","Headbutt","Pommel Strike"],"picked":"Singing Bowl","floor":14}],"player_experience":127691,"relics_obtained":[{"floor":6,"key":"Vajra"},{"floor":8,"key":"Boot"},{"floor":11,"key":"Singing Bowl"}],"event_choices":[{"damage_healed":0,"gold_gain":75,"player_choice":"Gather Gold","damage_taken":11,"max_hp_gain":0,"max_hp_loss":0,"event_name":"World of Goop","floor":4,"gold_loss":0},{"damage_healed":0,"gold_gain":0,"player_choice":"2 cards matched","damage_taken":0,"max_hp_gain":0,"max_hp_loss":0,"event_name":"Match and Keep!","floor":10,"gold_loss":0,"cards_obtained":["Dark Embrace","Bash"]}],"is_beta":false,"boss_relics":[],"items_purged_floors":[2],"is_endless":false,"potions_floor_spawned":[5,8,12],"killed_by":"The Guardian","ascension_level":3}