{"gold_per_floor":[119,51,69,86,104,130,150,162,187,214,245,245,210,238,238,343,343,356,356,356,356,368,368,368,403,403,429,429,441,471,485,485,485],"floor_reached":33,"playtime":1129,"items_purged":[],"score":475,"play_id":"825643a8-618c-46ac-8347-4621d486ad7f","local_time":"20190512234430","is_ascension_mode":false,"campfire_choices":[{"floor":15,"key":"REST"},{"data":"White Noise","floor":24,"key":"SMITH"},{"floor":32,"key":"REST"}],"neow_cost":"NONE","seed_source_timestamp":38302817065945,"circlet_count":0,"master_deck":["Defend_B","Defend_B","Defend_B","Defend_B","Zap","Dualcast","Doom and Gloom","Streamline","Barrage","Coolheaded","Compile Driver","Leap","Ball Lightning","Hello World","Cold Snap","Machine Learning+1","Turbo+1","Bite","Bite","Bite","Bite","Bite","White Noise+1","Ghostly","Ghostly","Ghostly","Ghostly","Ghostly","Defragment+1","Reinforced Body","Defragment"],"relics":["FrozenCore","Orichalcum","Pen Nib","Strawberry","Odd Mushroom","Anchor","PreservedInsect","MutagenicStrength","Vajra","Question Card","Centennial Puzzle","Oddly Smooth Stone"],"potions_floor_usage":[],"damage_taken":[{"damage":0,"enemies":"Cultist","floor":1,"turns":4},{"damage":7,"enemies":"2 Louse","floor":3,"turns":2},{"damage":0,"enemies":"Small Slimes","floor":4,"turns":3},{"damage":9,"enemies":"Blue Slaver","floor":5,"turns":4},{"damage":10,"enemies":"Gremlin Nob","floor":6,"turns":3},{"damage":2,"enemies":"Exordium Thugs","floor":7,"turns":4},{"damage":4,"enemies":"Looter","floor":8,"turns":2},{"damage":18,"enemies":"The Mushroom Lair","floor":10,"turns":3},{"damage":8,"enemies":"3 Sentries","floor":11,"turns":5},{"damage":23,"enemies":"Lagavulin","floor":14,"turns":6},{"damage":0,"enemies":"Slime Boss","floor":16,"turns":6},{"damage":14,"enemies":"3 Byrds","floor":18,"turns":5},{"damage":0,"enemies":"Chosen","floor":22,"turns":4},{"damage":0,"enemies":"Book of Stabbing","floor":25,"turns":6},{"damage":0,"enemies":"Slavers","floor":27,"turns":6},{"damage":4,"enemies":"Snake Plant","floor":29,"turns":6},{"damage":11,"enemies":"Gremlin Leader","floor":30,"turns":6},{"damage":3,"enemies":"Snecko","floor":31,"turns":9},{"damage":44,"enemies":"Automaton","floor":33,"turns":6}],"seed_played":"-1921517506379950127","potions_obtained":[{"floor":1,"key":"Block Potion"},{"floor":4,"key":"Weak Potion"},{"floor":6,"key":"Energy Potion"}],"is_trial":false,"path_per_floor":["M","$","M","M","M","E","M","M","T","?","E","?","?","E","R","B",null,"M","?","?","?","M","?","R","E","T","E","?","M","E","M","R","B"],"character_chosen":"DEFECT","items_purchased":["Doom and Gloom"],"campfire_rested":2,"item_purchase_floors":[2],"current_hp_per_floor":[75,75,68,68,59,49,47,43,50,32,24,24,44,21,45,45,82,68,68,57,57,57,28,28,28,28,28,28,24,19,22,28,0],"gold":485,"neow_bonus":"RANDOM_COMMON_RELIC","is_prod":false,"is_daily":false,"chose_seed":false,"campfire_upgraded":1,"win_rate":0.0,"timestamp":1557719070,"path_taken":["M","$","M","M","?","E","M","M","T","?","E","?","?","E","R","BOSS","M","?","?","?","?","?","R","E","T","E","?","?","E","M","R","BOSS"],"build_version":"2019-01-23","purchased_purges":0,"victory":false,"max_hp_per_floor":[75,75,75,75,75,75,75,75,82,82,82,82,82,82,82,82,82,82,82,57,57,57,28,28,28,28,28,28,28,28,28,28,28],"card_choices":[{"not_picked":["Consume","Stack","Scrape"],"picked":"SKIP","floor":1},{"not_picked":["Aggregate","Leap"],"picked":"Streamline","floor":3},{"not_picked":["Self Repair","Sunder"],"picked":"Ball Lightning","floor":4},{"not_picked":["Gash","Tempest"],"picked":"Barrage","floor":5},{"not_picked":["Loop","Storm","Redo"],"picked":"SKIP","floor":6},{"not_picked":["Melter","Blizzard"],"picked":"Coolheaded","floor":7},{"not_picked":["Hello World","Tempest"],"picked":"Compile Driver","floor":8},{"not_picked":["Steam","Turbo"],"picked":"Leap","floor":10},{"not_picked":["Barrage","Defragment"],"picked":"Ball Lightning","floor":11},{"not_picked":["Sweeping Beam","Buffer"],"picked":"Cold Snap","floor":14},{"not_picked":["All For One","Echo Form"],"picked":"Machine Learning","floor":16},{"not_picked":["Go for the Eyes","Gash"],"picked":"Turbo+1","floor":18},{"not_picked":["Barrage","Cold Snap"],"picked":"White Noise","floor":22},{"not_picked":["Rainbow","Streamline"],"picked":"Defragment+1","floor":25},{"not_picked":["Blizzard","Cold Snap","Double Energy"],"picked":"Reinforced Body","floor":27},{"not_picked":["Beam Cell+1","Go for the Eyes","Steam","Cold Snap+1"],"picked":"SKIP","floor":29},{"not_picked":["Streamline","White Noise","Amplify"],"picked":"Defragment","floor":30},{"not_picked":["Hologram","Conserve Battery","Coolheaded+1","Cold Snap"],"picked":"SKIP","floor":31}],"player_experience":7712,"relics_obtained":[{"floor":6,"key":"Pen Nib"},{"floor":9,"key":"Strawberry"},{"floor":10,"key":"Odd Mushroom"},{"floor":11,"key":"Anchor"},{"floor":14,"key":"PreservedInsect"},{"floor":25,"key":"Vajra"},{"floor":26,"key":"Question Card"},{"floor":27,"key":"Centennial Puzzle"},{"floor":30,"key":"Oddly Smooth Stone"}],"event_choices":[{"damage_healed":0,"gold_gain":0,"player_choice":"Fought Mushrooms","damage_taken":0,"max_hp_gain":0,"max_hp_loss":0,"event_name":"Mushrooms","floor":10,"gold_loss":0},{"damage_healed":0,"gold_gain":0,"cards_transformed":["Strike_B"],"player_choice":"Change","damage_taken":0,"max_hp_gain":0,"max_hp_loss":0,"event_name":"Living Wall","floor":12,"gold_loss":0,"cards_obtained":["Hello World"]},{"damage_healed":20,"gold_gain":0,"player_choice":"Healed","damage_taken":0,"max_hp_gain":0,"max_hp_loss":0,"event_name":"The Cleric","floor":13,"gold_loss":35},{"damage_healed":0,"gold_gain":0,"player_choice":"Inject Mutagens","damage_taken":0,"relics_obtained":["MutagenicStrength"],"max_hp_gain":0,"max_hp_loss":0,"event_name":"Drug Dealer","floor":19,"gold_loss":0},{"damage_healed":0,"gold_gain":0,"player_choice":"Became a vampire","damage_taken":0,"max_hp_gain":0,"max_hp_loss":25,"event_name":"Vampires","floor":20,"gold_loss":0,"cards_obtained":["Bite","Bite","Bite","Bite","Bite"]},{"damage_healed":0,"gold_gain":0,"player_choice":"Upgraded","damage_taken":0,"max_hp_gain":0,"max_hp_loss":0,"event_name":"Upgrade Shrine","floor":21,"gold_loss":0,"cards_upgraded":["Machine Learning"]},{"damage_healed":0,"gold_gain":0,"player_choice":"Became a Ghost","damage_taken":0,"max_hp_gain":0,"max_hp_loss":29,"event_name":"Ghosts","floor":23,"gold_loss":0,"cards_obtained":["Ghostly","Ghostly","Ghostly","Ghostly","Ghostly"]},{"cards_removed":["Ball Lightning"],"damage_healed":0,"gold_gain":0,"player_choice":"Purged","damage_taken":0,"max_hp_gain":0,"max_hp_loss":0,"event_name":"Purifier","floor":28,"gold_loss":0}],"is_beta":false,"boss_relics":[{"not_picked":["Runic Pyramid","Orrery"],"picked":"FrozenCore"}],"items_purged_floors":[],"is_endless":false,"potions_floor_spawned":[1,4,6,10,14,16,18,22,25,31],"killed_by":"Automaton","ascension_level":0}