{"gold_per_floor":[111,111,129,129,149,184,184,212,239,239,255,255,275,48,48,152,152,166,183,183,183,183],"floor_reached":22,"playtime":1083,"items_purged":[],"score":194,"play_id":"a2f45b90-0ee0-47f6-bc38-4eb582f0aaff","local_time":"20190513004523","is_ascension_mode":false,"campfire_choices":[{"floor":7,"key":"REST"},{"floor":12,"key":"REST"},{"floor":15,"key":"REST"}],"neow_cost":"NONE","seed_source_timestamp":42001553640269,"circlet_count":0,"master_deck":["Strike_R","Strike_R+1","Strike_R+1","Defend_R","Defend_R","Defend_R","Bash+1","Thunderclap","Shrug It Off","Armaments","Feel No Pain","Burning Pact","Clothesline","Burning Pact","Power Through","Impervious","True Grit","Inflame","Offering","Shrug It Off+1","Reckless Charge+1","Fire Breathing+1","Sword Boomerang","Ghostly Armor+1"],"relics":["Burning Blood","Whetstone","Dream Catcher","Regal Pillow","Charon\u0027s Ashes","TheAbacus","Astrolabe"],"potions_floor_usage":[],"damage_taken":[{"damage":0,"enemies":"2 Louse","floor":1,"turns":4},{"damage":1,"enemies":"Cultist","floor":3,"turns":3},{"damage":0,"enemies":"Small Slimes","floor":5,"turns":3},{"damage":58,"enemies":"Lagavulin","floor":6,"turns":8},{"damage":48,"enemies":"Gremlin Nob","floor":8,"turns":5},{"damage":11,"enemies":"Red Slaver","floor":11,"turns":5},{"damage":16,"enemies":"Exordium Thugs","floor":13,"turns":5},{"damage":52,"enemies":"The Guardian","floor":16,"turns":20},{"damage":27,"enemies":"Shell Parasite","floor":18,"turns":6},{"damage":11,"enemies":"3 Byrds","floor":19,"turns":4},{"damage":35,"enemies":"Colosseum Slavers","floor":21,"turns":5},{"damage":17,"enemies":"Cultist and Chosen","floor":22,"turns":5}],"seed_played":"729332275616267245","potions_obtained":[{"floor":1,"key":"SteroidPotion"},{"floor":11,"key":"Regen Potion"},{"floor":16,"key":"Swift Potion"}],"is_trial":false,"path_per_floor":["M","?","M","?","M","E","R","E","T","T","M","R","M","$","R","B",null,"M","M","?","?","M"],"character_chosen":"IRONCLAD","items_purchased":["True Grit","TheAbacus"],"campfire_rested":3,"item_purchase_floors":[14,14],"current_hp_per_floor":[88,88,88,88,88,36,62,20,20,20,15,56,46,46,87,41,88,67,62,45,16,0],"gold":183,"neow_bonus":"TEN_PERCENT_HP_BONUS","is_prod":false,"is_daily":false,"chose_seed":false,"campfire_upgraded":0,"win_rate":0.0,"timestamp":1557722723,"path_taken":["M","?","?","?","?","E","R","E","T","?","M","R","M","?","R","BOSS","M","M","?","?","M"],"build_version":"2019-01-23","purchased_purges":0,"victory":false,"max_hp_per_floor":[88,88,88,88,88,88,88,88,88,88,88,88,88,88,88,88,88,88,88,93,93,93],"card_choices":[{"not_picked":["Seeing Red","Perfected Strike"],"picked":"Thunderclap","floor":1},{"not_picked":["Clothesline","Flex"],"picked":"Shrug It Off","floor":3},{"not_picked":["Twin Strike","True Grit"],"picked":"Feel No Pain","floor":5},{"not_picked":["True Grit","Sword Boomerang"],"picked":"Burning Pact","floor":6},{"not_picked":["Sword Boomerang","Headbutt"],"picked":"Clothesline","floor":8},{"not_picked":["Flex","Perfected Strike"],"picked":"Burning Pact","floor":11},{"not_picked":["Twin Strike","Body Slam"],"picked":"Power Through","floor":12},{"not_picked":["Rampage","Blood for Blood"],"picked":"Impervious","floor":13},{"not_picked":["Iron Wave","Clothesline"],"picked":"Inflame","floor":15},{"not_picked":["Impervious","Barricade"],"picked":"Offering","floor":16},{"not_picked":["Burning Pact+1","Battle Trance"],"picked":"Sword Boomerang","floor":18},{"not_picked":["Body Slam+1","Searing Blow"],"picked":"Ghostly Armor+1","floor":19}],"player_experience":11361,"relics_obtained":[{"floor":6,"key":"Whetstone"},{"floor":8,"key":"Dream Catcher"},{"floor":9,"key":"Regal Pillow"},{"floor":10,"key":"Charon\u0027s Ashes"}],"event_choices":[{"damage_healed":0,"gold_gain":0,"player_choice":"Upgraded","damage_taken":0,"max_hp_gain":0,"max_hp_loss":0,"event_name":"Upgrade Shrine","floor":2,"gold_loss":0,"cards_upgraded":["Bash"]},{"damage_healed":0,"gold_gain":0,"player_choice":"1 cards matched","damage_taken":0,"max_hp_gain":0,"max_hp_loss":0,"event_name":"Match and Keep!","floor":4,"gold_loss":0,"cards_obtained":["Armaments"]},{"damage_healed":0,"gold_gain":0,"player_choice":"Shed Blood","damage_taken":22,"max_hp_gain":5,"max_hp_loss":0,"event_name":"Forgotten Altar","floor":20,"gold_loss":0},{"damage_healed":0,"gold_gain":0,"player_choice":"Fight","damage_taken":0,"max_hp_gain":0,"max_hp_loss":0,"event_name":"Colosseum","floor":21,"gold_loss":0},{"damage_healed":0,"gold_gain":0,"player_choice":"Fled From Nobs","damage_taken":0,"max_hp_gain":0,"max_hp_loss":0,"event_name":"Colosseum","floor":21,"gold_loss":0}],"is_beta":false,"boss_relics":[{"not_picked":["Velvet Choker","Orrery"],"picked":"Astrolabe"}],"items_purged_floors":[],"is_endless":false,"potions_floor_spawned":[1,11,16,21],"killed_by":"Cultist and Chosen","ascension_level":0}