{"path_per_floor":["M","?","$","M","?","R","E","R","T","M","R","M","$","M","R"],"character_chosen":"DEFECT","items_purchased":["Static Discharge","Reinforced Body","Gash","Coolheaded"],"gold_per_floor":[118,193,5,16,16,16,41,41,89,107,107,124,47,65,65,65],"floor_reached":16,"campfire_rested":1,"playtime":1068,"item_purchase_floors":[3,3,13,13],"current_hp_per_floor":[68,57,57,56,53,53,26,26,26,26,26,14,14,2,22,0],"items_purged":["Defend_B"],"gold":65,"score":100,"play_id":"c6245e86-1701-4d4c-b4a8-6af7381c0a29","local_time":"20180601214025","is_prod":false,"is_daily":false,"chose_seed":false,"is_ascension_mode":false,"campfire_upgraded":3,"win_rate":0.0,"timestamp":1527903625,"campfire_choices":[{"data":"Dualcast","floor":6,"key":"SMITH"},{"data":"Fission","floor":8,"key":"SMITH"},{"data":"Zap","floor":11,"key":"SMITH"},{"floor":15,"key":"REST"}],"path_taken":["M","?","?","M","?","R","E","R","T","?","R","M","$","M","R","BOSS"],"build_version":"2018-05-31","seed_source_timestamp":243302851461872,"purchased_purges":1,"victory":false,"master_deck":["Strike_B","Strike_B","Strike_B","Strike_B","Defend_B","Defend_B","Defend_B","Zap+1","Dualcast+1","Fission+1","Doom and Gloom","Static Discharge","Reinforced Body","Force Field","FTL","Heatsinks+1","Beam Cell","Gash","Coolheaded","Chill"],"max_hp_per_floor":[68,68,68,68,68,68,68,68,68,68,68,68,68,68,68,68],"relics":["Cracked Core","Frozen Egg 2","Centennial Puzzle","Potion Belt"],"card_choices":[{"not_picked":["Buffer","Seek"],"picked":"Fission","floor":0},{"not_picked":["Gash","Beam Cell"],"picked":"Doom and Gloom","floor":1},{"not_picked":["Redo","Genetic Algorithm"],"picked":"Force Field","floor":4},{"not_picked":["Leap","Barrage"],"picked":"FTL","floor":7},{"not_picked":["Genetic Algorithm","Skim"],"picked":"Heatsinks+1","floor":10},{"not_picked":["Barrage","Lockon"],"picked":"Beam Cell","floor":12},{"not_picked":["Steam Power","Conserve Battery"],"picked":"Chill","floor":14}],"player_experience":742364,"potions_floor_usage":[12,14,16,16],"damage_taken":[{"damage":0,"enemies":"Small Slimes","floor":1,"turns":4},{"damage":1,"enemies":"2 Louse","floor":4,"turns":2},{"damage":27,"enemies":"Gremlin Nob","floor":7,"turns":4},{"damage":0,"enemies":"Cultist","floor":10,"turns":2},{"damage":12,"enemies":"Exordium Thugs","floor":12,"turns":4},{"damage":12,"enemies":"3 Louse","floor":14,"turns":2},{"damage":22,"enemies":"Slime Boss","floor":16,"turns":6}],"relics_obtained":[{"floor":7,"key":"Centennial Puzzle"},{"floor":9,"key":"Potion Belt"}],"event_choices":[{"event_name":"World of Goop","player_choice":"Gather Gold","floor":2,"damage_taken":0},{"event_name":"Scrap Ooze","player_choice":"success","floor":5,"damage_taken":3}],"boss_relics":[],"items_purged_floors":[3],"potions_floor_spawned":[4,7,10,14],"seed_played":"1638354529149013007","killed_by":"Slime Boss","ascension_level":0,"potions_obtained":[{"floor":4,"key":"Poison Potion"},{"floor":7,"key":"SkillPotion"},{"floor":10,"key":"Dexterity Potion"},{"floor":14,"key":"Ancient Potion"}],"is_trial":false}