{"gold_per_floor":[115,115,127,147,162,194,194,194,244,269,281,293,317,76,76,172,172,97,116,116,135,60,60,60,60,105,124,124,124,124,139,139,139],"floor_reached":33,"playtime":1147,"items_purged":["Strike_B"],"score":253,"play_id":"b903e2ff-6c38-4f19-943f-1af4b8c6fa99","local_time":"20190513035802","is_ascension_mode":false,"campfire_choices":[{"floor":7,"key":"REST"},{"floor":15,"key":"REST"},{"floor":23,"key":"REST"},{"floor":25,"key":"REST"},{"floor":30,"key":"REST"},{"floor":32,"key":"REST"}],"neow_cost":"NONE","seed_source_timestamp":53497096135461,"circlet_count":0,"master_deck":["Strike_B","Defend_B","Defend_B","Defend_B","Defend_B","Zap","Dualcast","Hello World","Compile Driver","Genetic Algorithm","Sunder","Glacier","Leap","Compile Driver","Turbo","Creative AI+1","Zap","Storm+1","Machine Learning+1"],"relics":["Cracked Core","Frozen Egg 2","Juzu Bracelet","MawBank","Sundial","Gremlin Horn","Inserter","Nloth\u0027s Gift"],"potions_floor_usage":[33,33,33],"damage_taken":[{"damage":1,"enemies":"2 Louse","floor":1,"turns":3},{"damage":1,"enemies":"Cultist","floor":3,"turns":4},{"damage":10,"enemies":"Small Slimes","floor":4,"turns":5},{"damage":6,"enemies":"Exordium Wildlife","floor":5,"turns":4},{"damage":43,"enemies":"Gremlin Nob","floor":6,"turns":5},{"damage":5,"enemies":"3 Sentries","floor":10,"turns":9},{"damage":5,"enemies":"2 Fungi Beasts","floor":13,"turns":5},{"damage":45,"enemies":"Slime Boss","floor":16,"turns":17},{"damage":7,"enemies":"2 Thieves","floor":18,"turns":5},{"damage":20,"enemies":"Chosen","floor":19,"turns":7},{"damage":33,"enemies":"Snake Plant","floor":21,"turns":5},{"damage":14,"enemies":"Snecko","floor":27,"turns":5},{"damage":60,"enemies":"Centurion and Healer","floor":31,"turns":7},{"damage":35,"enemies":"Champ","floor":33,"turns":6}],"seed_played":"911454593829872616","potions_obtained":[{"floor":3,"key":"LiquidBronze"},{"floor":6,"key":"Swift Potion"},{"floor":13,"key":"Explosive Potion"}],"is_trial":false,"path_per_floor":["M","?","M","M","M","E","R","?","T","E","T","?","M","$","R","B",null,"M","M","?","M","$","R","$","R","T","M","?","?","R","M","R","B"],"character_chosen":"DEFECT","items_purchased":["Gremlin Horn"],"campfire_rested":6,"item_purchase_floors":[14],"current_hp_per_floor":[74,74,73,63,57,14,36,36,36,31,31,36,31,31,55,10,80,73,53,53,20,20,44,44,68,68,54,46,46,70,10,34,0],"gold":139,"neow_bonus":"THREE_CARDS","is_prod":false,"is_daily":false,"chose_seed":false,"campfire_upgraded":0,"win_rate":0.0,"timestamp":1557734282,"path_taken":["M","?","M","?","M","E","R","?","T","E","?","?","M","$","R","BOSS","M","M","?","M","$","R","?","R","T","M","?","?","R","M","R","BOSS"],"build_version":"2019-01-23","purchased_purges":1,"victory":false,"max_hp_per_floor":[75,75,75,75,75,75,75,75,75,75,75,80,80,80,80,80,80,80,80,80,80,80,80,80,80,80,80,80,80,80,80,80,80],"card_choices":[{"not_picked":["Double Energy","Beam Cell"],"picked":"Hello World","floor":0},{"not_picked":["Go for the Eyes","Coolheaded"],"picked":"Compile Driver","floor":1},{"not_picked":["Redo","Loop"],"picked":"Genetic Algorithm","floor":3},{"not_picked":["Chaos","Rebound"],"picked":"Sunder","floor":4},{"not_picked":["FTL","Steam"],"picked":"Glacier","floor":5},{"not_picked":["Rainbow","Tempest"],"picked":"Leap","floor":6},{"not_picked":["Beam Cell","Compile Driver"],"picked":"Turbo","floor":10},{"not_picked":["Sweeping Beam","Redo","Go for the Eyes"],"picked":"SKIP","floor":13},{"not_picked":["Multi-Cast","Hyperbeam"],"picked":"Creative AI+1","floor":16},{"not_picked":["Steam+1","Turbo","Beam Cell"],"picked":"SKIP","floor":18},{"not_picked":["Streamline","Go for the Eyes","Hologram"],"picked":"SKIP","floor":19},{"not_picked":["Sweeping Beam","Stack"],"picked":"Storm+1","floor":21},{"not_picked":["Coolheaded","Recycle"],"picked":"Machine Learning+1","floor":27},{"not_picked":["Compile Driver","Scrape","Redo"],"picked":"SKIP","floor":31}],"player_experience":22679,"relics_obtained":[{"floor":6,"key":"Frozen Egg 2"},{"floor":9,"key":"Juzu Bracelet"},{"floor":10,"key":"MawBank"},{"floor":11,"key":"Sundial"},{"floor":26,"key":"Bronze Scales"}],"event_choices":[{"cards_removed":["Strike_B"],"damage_healed":0,"gold_gain":0,"player_choice":"Card Removal","damage_taken":0,"max_hp_gain":0,"max_hp_loss":0,"event_name":"Wheel of Change","floor":2,"gold_loss":0},{"damage_healed":0,"gold_gain":0,"cards_transformed":["Strike_B"],"player_choice":"Change","damage_taken":0,"max_hp_gain":0,"max_hp_loss":0,"event_name":"Living Wall","floor":8,"gold_loss":0,"cards_obtained":["Compile Driver"]},{"damage_healed":0,"gold_gain":0,"player_choice":"Donut","damage_taken":0,"max_hp_gain":5,"max_hp_loss":0,"event_name":"Big Fish","floor":12,"gold_loss":0},{"damage_healed":0,"gold_gain":0,"player_choice":"Copied","damage_taken":0,"max_hp_gain":0,"max_hp_loss":0,"event_name":"Duplicator","floor":20,"gold_loss":0,"cards_obtained":["Zap"]},{"damage_healed":0,"gold_gain":0,"player_choice":"Damaged","damage_taken":8,"max_hp_gain":0,"max_hp_loss":0,"event_name":"Wheel of Change","floor":28,"gold_loss":0},{"damage_healed":0,"gold_gain":0,"player_choice":"Traded Relic","damage_taken":0,"relics_obtained":["Nloth\u0027s Gift"],"max_hp_gain":0,"max_hp_loss":0,"event_name":"N\u0027loth","floor":29,"relics_lost":["Bronze Scales"],"gold_loss":0}],"is_beta":false,"boss_relics":[{"not_picked":["Runic Pyramid","Tiny House"],"picked":"Inserter"}],"items_purged_floors":[22],"is_endless":false,"potions_floor_spawned":[3,6,13,16,21,27],"killed_by":"Champ","ascension_level":0}