{"gold_per_floor":[114,129,149,163,64,91,91,118,118,131,146,157,57,82,82,182,182,201,120,120,136,235,235,255,284,310,310,310,310,326,351,351,451,451,470,487,533,533,933,933,968,968,968,968,968,981,1001,739,739,739],"floor_reached":51,"playtime":3529,"items_purged":["Strike_B","Strike_B"],"score":922,"play_id":"d4360a1c-1542-48be-b4ad-9c6bcbd5aefd","local_time":"20190513205152","is_ascension_mode":true,"campfire_choices":[{"data":"Self Repair","floor":7,"key":"SMITH"},{"floor":15,"key":"REST"},{"data":"Defragment","floor":23,"key":"SMITH"},{"data":"Zap","floor":27,"key":"SMITH"},{"data":"Creative AI","floor":29,"key":"SMITH"},{"data":"Go for the Eyes","floor":32,"key":"SMITH"},{"data":"1","floor":40,"key":"LIFT"},{"data":"2","floor":42,"key":"LIFT"},{"data":"3","floor":44,"key":"LIFT"},{"data":"Beam Cell","floor":49,"key":"SMITH"}],"neow_cost":"NONE","seed_source_timestamp":611894470172700,"circlet_count":0,"master_deck":["Strike_B+1","Strike_B+1","Defend_B+1","Defend_B+1","Defend_B+1","Defend_B+1","Zap+1","Dualcast","Sweeping Beam","Self Repair+1","Go for the Eyes+1","Ball Lightning","Doom and Gloom","Beam Cell+1","Auto Shields+1","Coolheaded+1","Fission+1","All For One","Compile Driver","Defragment+1","Capacitor+1","Creative AI+1","Ball Lightning","Conserve Battery+1","Undo+1","Rainbow+1","FTL","Consume+1","Force Field+1","Steam+1","Melter","Coolheaded+1","Turbo+1","Parasite","Stack+1"],"relics":["Cracked Core","Juzu Bracelet","Du-Vu Doll","Darkstone Periapt","Toxic Egg 2","Gremlin Horn","Coffee Dripper","Happy Flower","Bag of Marbles","Dream Catcher","Lizard Tail","Girya","Old Coin","PreservedInsect","Molten Egg 2","Pear"],"potions_floor_usage":[10,24,24,37,50,50],"damage_taken":[{"damage":2,"enemies":"Jaw Worm","floor":1,"turns":4},{"damage":4,"enemies":"2 Louse","floor":2,"turns":3},{"damage":1,"enemies":"Cultist","floor":3,"turns":3},{"damage":8,"enemies":"Large Slime","floor":4,"turns":5},{"damage":36,"enemies":"3 Sentries","floor":6,"turns":5},{"damage":18,"enemies":"Lagavulin","floor":8,"turns":6},{"damage":7,"enemies":"Red Slaver","floor":10,"turns":4},{"damage":7,"enemies":"2 Fungi Beasts","floor":11,"turns":3},{"damage":11,"enemies":"Exordium Thugs","floor":12,"turns":4},{"damage":18,"enemies":"Gremlin Nob","floor":14,"turns":4},{"damage":1,"enemies":"Slime Boss","floor":16,"turns":7},{"damage":1,"enemies":"Chosen","floor":18,"turns":5},{"damage":0,"enemies":"3 Byrds","floor":21,"turns":3},{"damage":13,"enemies":"Shelled Parasite and Fungi","floor":24,"turns":6},{"damage":13,"enemies":"Gremlin Leader","floor":25,"turns":6},{"damage":11,"enemies":"Snake Plant","floor":30,"turns":4},{"damage":20,"enemies":"Book of Stabbing","floor":31,"turns":5},{"damage":40,"enemies":"Automaton","floor":33,"turns":9},{"damage":6,"enemies":"3 Shapes","floor":35,"turns":7},{"damage":12,"enemies":"Orb Walker","floor":36,"turns":3},{"damage":39,"enemies":"2 Orb Walkers","floor":37,"turns":6},{"damage":9,"enemies":"Mind Bloom Boss Battle","floor":39,"turns":8},{"damage":11,"enemies":"Nemesis","floor":41,"turns":9},{"damage":7,"enemies":"Sphere and 2 Shapes","floor":46,"turns":2},{"damage":2,"enemies":"Writhing Mass","floor":47,"turns":7},{"damage":51,"enemies":"Awakened One","floor":50,"turns":16}],"seed_played":"2499508615350417439","potions_obtained":[{"floor":2,"key":"Strength Potion"},{"floor":6,"key":"Explosive Potion"},{"floor":8,"key":"Swift Potion"},{"floor":16,"key":"AttackPotion"},{"floor":25,"key":"Dexterity Potion"},{"floor":30,"key":"Dexterity Potion"},{"floor":37,"key":"Energy Potion"}],"is_trial":false,"path_per_floor":["M","M","M","M","$","E","R","E","T","M","M","M","$","E","R","B",null,"M","$","?","M","?","R","M","E","T","R","?","R","M","E","R","B",null,"M","M","?","?","?","R","E","R","T","R","?","M","M","$","R","B",null],"character_chosen":"DEFECT","items_purchased":["Ball Lightning","Defragment","Pear"],"campfire_rested":1,"item_purchase_floors":[5,19,48],"current_hp_per_floor":[73,69,68,67,67,38,38,30,30,33,36,25,25,17,39,48,75,75,75,75,75,75,75,72,69,69,69,69,69,68,48,48,18,75,75,73,44,44,45,45,44,44,44,44,44,47,51,61,61,20],"gold":739,"neow_bonus":"RANDOM_COMMON_RELIC","is_prod":false,"is_daily":false,"chose_seed":false,"campfire_upgraded":6,"win_rate":0,"timestamp":1557760912,"path_taken":["M","M","M","M","$","E","R","E","T","M","M","M","$","E","R","BOSS","M","$","?","M","?","R","M","E","T","R","?","R","M","E","R","BOSS","M","M","?","?","?","R","E","R","T","R","?","M","M","?","R","BOSS"],"build_version":"2019-01-23","purchased_purges":2,"victory":true,"max_hp_per_floor":[75,75,75,75,75,75,75,75,75,75,75,75,75,75,75,75,75,75,75,75,75,75,75,75,75,75,75,75,75,75,75,75,75,75,75,75,75,75,75,75,75,75,75,75,75,75,81,91,91,91],"card_choices":[{"not_picked":["White Noise","Beam Cell"],"picked":"Coolheaded","floor":1},{"not_picked":["Steam Power","Reprogram"],"picked":"Sweeping Beam","floor":2},{"not_picked":["Beam Cell","Reprogram"],"picked":"Self Repair","floor":3},{"not_picked":["Streamline","Steam"],"picked":"Go for the Eyes","floor":4},{"not_picked":["Hello World","Streamline"],"picked":"Doom and Gloom","floor":6},{"not_picked":["Hello World","Static Discharge"],"picked":"Beam Cell","floor":8},{"not_picked":["Self Repair","Reprogram+1"],"picked":"Auto Shields+1","floor":10},{"not_picked":["Compile Driver","Leap+1"],"picked":"Coolheaded+1","floor":11},{"not_picked":["Turbo+1","Streamline"],"picked":"Fission+1","floor":12},{"not_picked":["Ball Lightning","Turbo+1"],"picked":"Storm","floor":14},{"not_picked":["Meteor Strike","Multi-Cast+1"],"picked":"All For One","floor":16},{"not_picked":["Aggregate+1","Go for the Eyes"],"picked":"Compile Driver","floor":18},{"not_picked":["Cold Snap","Redo+1"],"picked":"Capacitor+1","floor":21},{"not_picked":["Blizzard","Gash","Hello World"],"picked":"SKIP","floor":24},{"not_picked":["Darkness+1","Auto Shields+1"],"picked":"Creative AI","floor":25},{"not_picked":["Coolheaded+1","Chill+1"],"picked":"Conserve Battery+1","floor":30},{"not_picked":["Reboot+1","Steam+1"],"picked":"Undo+1","floor":31},{"not_picked":["Core Surge","Reboot+1"],"picked":"Rainbow+1","floor":33},{"not_picked":["Rebound+1","Compile Driver+1"],"picked":"FTL","floor":35},{"not_picked":["Turbo+1","Go for the Eyes"],"picked":"Consume+1","floor":36},{"not_picked":["Leap+1","Streamline+1"],"picked":"Force Field+1","floor":37},{"not_picked":["Fusion+1","Force Field+1"],"picked":"Melter","floor":39},{"not_picked":["Beam Cell","Gash+1"],"picked":"Coolheaded+1","floor":41},{"not_picked":["Self Repair+1","Go for the Eyes+1"],"picked":"Turbo+1","floor":46},{"not_picked":["Sweeping Beam+1","Beam Cell+1"],"picked":"Stack+1","floor":47}],"player_experience":187569,"relics_obtained":[{"floor":6,"key":"Du-Vu Doll"},{"floor":8,"key":"Darkstone Periapt"},{"floor":9,"key":"Toxic Egg 2"},{"floor":14,"key":"Gremlin Horn"},{"floor":25,"key":"Happy Flower"},{"floor":26,"key":"Bag of Marbles"},{"floor":31,"key":"Dream Catcher"},{"floor":37,"key":"Girya"},{"floor":39,"key":"Old Coin"},{"floor":41,"key":"PreservedInsect"},{"floor":43,"key":"Molten Egg 2"}],"event_choices":[{"damage_healed":0,"gold_gain":0,"player_choice":"Simplicity","damage_taken":0,"max_hp_gain":0,"max_hp_loss":0,"event_name":"Back to Basics","floor":20,"gold_loss":0,"cards_upgraded":["Strike_B","Strike_B","Defend_B","Defend_B","Defend_B","Defend_B"]},{"damage_healed":0,"gold_gain":99,"player_choice":"Stole From Cult","damage_taken":0,"max_hp_gain":0,"max_hp_loss":0,"event_name":"Nest","floor":22,"gold_loss":0},{"damage_healed":0,"gold_gain":0,"cards_transformed":["Storm"],"player_choice":"Transformed","damage_taken":0,"max_hp_gain":0,"max_hp_loss":0,"event_name":"Transmorgrifier","floor":28,"gold_loss":0,"cards_obtained":["Ball Lightning"]},{"damage_healed":0,"gold_gain":0,"player_choice":"Fight","damage_taken":0,"max_hp_gain":0,"max_hp_loss":0,"event_name":"Mysterious Sphere","floor":37,"gold_loss":0},{"damage_healed":0,"gold_gain":0,"cards_transformed":["Coolheaded"],"player_choice":"Transformed","damage_taken":0,"max_hp_gain":0,"max_hp_loss":0,"event_name":"Transmorgrifier","floor":38,"gold_loss":0,"cards_obtained":["Steam"]},{"damage_healed":0,"gold_gain":0,"player_choice":"Fight","damage_taken":0,"max_hp_gain":0,"max_hp_loss":0,"event_name":"MindBloom","floor":39,"gold_loss":0},{"damage_healed":0,"gold_gain":0,"player_choice":"Ignored","damage_taken":0,"max_hp_gain":0,"max_hp_loss":0,"event_name":"SecretPortal","floor":45,"gold_loss":0}],"is_beta":false,"boss_relics":[{"not_picked":["Velvet Choker","Calling Bell"],"picked":"Coffee Dripper"},{"not_picked":["Empty Cage","Runic Dome"],"picked":"Lizard Tail"}],"items_purged_floors":[5,13],"is_endless":false,"potions_floor_spawned":[2,6,8,16,21,25,30,36,37,39],"ascension_level":4}