{"gold_per_floor":[115,115,115,131,131,167,186,186,209,209,247,247,247,261,261,382,382,401,401,476,496,517,517,551,551,577,577,590,590,590,608,608,737,737,762,762,611,629,629,629,652,652,652,985,985,665,565,576,576,576,576,576,25,54,54],"floor_reached":56,"playtime":3079,"items_purged":["Strike_B+1","Strike_B+1","Strike_B+1","Zap"],"score":1223,"play_id":"e1597b02-ebc4-48ca-9aaf-786b2d1740eb","local_time":"20190508083741","is_ascension_mode":false,"campfire_choices":[{"floor":10.0,"key":"REST"},{"floor":13.0,"key":"REST"},{"data":"Coolheaded","floor":15.0,"key":"SMITH"},{"floor":23.0,"key":"REST"},{"data":"Go for the Eyes","floor":25.0,"key":"SMITH"},{"floor":27.0,"key":"RECALL"},{"data":"Consume","floor":32.0,"key":"SMITH"},{"data":"Defragment","floor":40.0,"key":"SMITH"},{"data":"Biased Cognition","floor":45.0,"key":"SMITH"},{"data":"Capacitor","floor":49.0,"key":"SMITH"},{"data":"Defragment","floor":52.0,"key":"SMITH"}],"neow_cost":"PERCENT_DAMAGE","seed_source_timestamp":0,"circlet_count":0,"master_deck":["Defend_B+1","Defend_B+1","Defend_B+1","Defend_B+1","Dualcast","Reinforced Body+1","Sunder+1","Hologram","Electrodynamics","Coolheaded+1","Core Surge","Conserve Battery","Go for the Eyes+1","Chill","Consume+1","White Noise+1","Biased Cognition+1","Defragment+1","Blizzard+1","Defragment+1","Storm","Capacitor+1","Loop"],"special_seed":0,"relics":["FrozenCore","Ancient Tea Set","Sundial","Velvet Choker","Bag of Preparation","Omamori","Happy Flower","The Courier","Calipers","ClockworkSouvenir","Bottled Lightning"],"potions_floor_usage":[55,55,55],"damage_taken":[{"damage":2.0,"enemies":"Small Slimes","floor":1.0,"turns":3.0},{"damage":6.0,"enemies":"Jaw Worm","floor":4.0,"turns":3.0},{"damage":19.0,"enemies":"Gremlin Nob","floor":6.0,"turns":4.0},{"damage":1.0,"enemies":"2 Louse","floor":7.0,"turns":2.0},{"damage":20.0,"enemies":"Lagavulin","floor":11.0,"turns":7.0},{"damage":0.0,"enemies":"2 Fungi Beasts","floor":14.0,"turns":2.0},{"damage":0.0,"enemies":"Slime Boss","floor":16.0,"turns":7.0},{"damage":14.0,"enemies":"Shell Parasite","floor":18.0,"turns":4.0},{"damage":0.0,"enemies":"Chosen","floor":21.0,"turns":4.0},{"damage":11.0,"enemies":"Centurion and Healer","floor":22.0,"turns":7.0},{"damage":23.0,"enemies":"Book of Stabbing","floor":24.0,"turns":7.0},{"damage":0.0,"enemies":"Shelled Parasite and Fungi","floor":28.0,"turns":5.0},{"damage":0.0,"enemies":"Chosen and Byrds","floor":31.0,"turns":6.0},{"damage":45.0,"enemies":"Champ","floor":33.0,"turns":10.0},{"damage":0.0,"enemies":"Orb Walker","floor":35.0,"turns":5.0},{"damage":0.0,"enemies":"3 Darklings","floor":38.0,"turns":4.0},{"damage":4.0,"enemies":"Maw","floor":39.0,"turns":8.0},{"damage":0.0,"enemies":"Sphere and 2 Shapes","floor":41.0,"turns":4.0},{"damage":0.0,"enemies":"3 Darklings","floor":48.0,"turns":3.0},{"damage":12.0,"enemies":"Time Eater","floor":50.0,"turns":17.0},{"damage":64.0,"enemies":"Shield and Spear","floor":54.0,"turns":6.0},{"damage":3,"enemies":"The Heart","floor":55,"turns":15}],"seed_played":"4344352333450354085","potions_obtained":[{"floor":1.0,"key":"Weak Potion"},{"floor":4.0,"key":"SpeedPotion"},{"floor":6.0,"key":"SteroidPotion"},{"floor":14.0,"key":"SteroidPotion"},{"floor":22.0,"key":"SmokeBomb"},{"floor":24.0,"key":"Weak Potion"},{"floor":31.0,"key":"Ancient Potion"},{"floor":35.0,"key":"SteroidPotion"}],"is_trial":false,"path_per_floor":["M","?","?","M","?","E","M","?","T","R","E","?","R","M","R","B",null,"M","?","?","M","M","R","E","R","T","R","M","?","?","M","R","B",null,"M","?","$","M","M","R","M","?","T","?","R","$","$","M","R","B",null,"R","$","E","B",null],"character_chosen":"DEFECT","items_purchased":["Defragment","Defragment","Storm","Capacitor","Ancient Potion","Calipers","Loop","ClockworkSouvenir"],"campfire_rested":3,"item_purchase_floors":[37,46,46,46,46,53,53,53],"current_hp_per_floor":[66,66,48,42,42,23,22,22,22,46,26,18,42,42,42,42,82,68,68,60,60,49,73,50,50,50,50,50,50,50,50,50,5,82,82,82,82,82,78,78,78,78,78,78,78,78,78,78,78,66,82,82,82,18,15],"gold":54,"neow_bonus":"TWENTY_PERCENT_HP_BONUS","is_prod":false,"is_daily":false,"chose_seed":false,"campfire_upgraded":7,"win_rate":0,"timestamp":1557326261,"path_taken":["M","?","?","M","?","E","?","?","T","R","E","?","R","?","R","BOSS","M","?","?","?","M","R","E","R","T","R","M","?","?","M","R","BOSS","M","?","$","?","M","R","M","?","T","?","R","?","$","?","R","BOSS","R","$","E","BOSS"],"build_version":"2019-01-23","purchased_purges":4,"victory":true,"max_hp_per_floor":[89,89,89,89,82,82,82,82,82,82,82,82,82,82,82,82,82,82,82,82,82,82,82,82,82,82,82,82,82,82,82,82,82,82,82,82,82,82,82,82,82,82,82,82,82,82,82,82,82,82,82,82,82,82,82],"card_choices":[{"not_picked":["Gash","Skim"],"picked":"Reinforced Body","floor":1.0},{"not_picked":["Turbo","Ball Lightning"],"picked":"Sunder","floor":4.0},{"not_picked":["Turbo","Chaos"],"picked":"Hologram","floor":6.0},{"not_picked":["Capacitor","Redo"],"picked":"Electrodynamics","floor":7.0},{"not_picked":["Streamline","White Noise","Aggregate"],"picked":"SKIP","floor":11.0},{"not_picked":["Barrage","Blizzard"],"picked":"Coolheaded","floor":14.0},{"not_picked":["Amplify","Rainbow"],"picked":"Core Surge","floor":16.0},{"not_picked":["Barrage","Reprogram+1"],"picked":"Conserve Battery","floor":18.0},{"not_picked":["White Noise","Streamline"],"picked":"Go for the Eyes","floor":21.0},{"not_picked":["Beam Cell","Multi-Cast"],"picked":"Chill","floor":22.0},{"not_picked":["Ball Lightning","Creative AI","Scrape"],"picked":"SKIP","floor":24.0},{"not_picked":["Streamline","Redo+1"],"picked":"Consume","floor":28.0},{"not_picked":["Hello World+1","Ball Lightning"],"picked":"White Noise+1","floor":31.0},{"not_picked":["Machine Learning","Amplify"],"picked":"Biased Cognition","floor":33.0},{"not_picked":["Gash","Chaos+1","Recycle+1"],"picked":"SKIP","floor":35.0},{"not_picked":["Force Field","Steam"],"picked":"Blizzard+1","floor":38.0},{"not_picked":["Ball Lightning+1","Auto Shields","Leap"],"picked":"SKIP","floor":41.0},{"not_picked":["Go for the Eyes+1","Beam Cell+1","Lockon"],"picked":"SKIP","floor":48.0},{"not_picked":["Storm","Recycle","Cold Snap"],"picked":"SKIP","floor":54.0}],"player_experience":1718018,"relics_obtained":[{"floor":6.0,"key":"Ancient Tea Set"},{"floor":11.0,"key":"Sundial"},{"floor":24.0,"key":"Bag of Preparation"},{"floor":26.0,"key":"Omamori"},{"floor":43.0,"key":"The Courier"},{"floor":54.0,"key":"Bottled Lightning"}],"event_choices":[{"damage_healed":0.0,"max_hp_gain":0.0,"max_hp_loss":0.0,"gold_gain":0.0,"event_name":"Liars Game","player_choice":"Ignored","floor":2.0,"gold_loss":0.0,"damage_taken":0.0},{"damage_healed":0.0,"max_hp_gain":0.0,"max_hp_loss":0.0,"gold_gain":0.0,"event_name":"Shining Light","player_choice":"Entered Light","floor":3.0,"gold_loss":0.0,"damage_taken":18.0,"cards_upgraded":["Reinforced Body","Strike_B"]},{"damage_healed":0.0,"max_hp_gain":0.0,"max_hp_loss":7.0,"gold_gain":0.0,"event_name":"Golden Idol","player_choice":"Lose Max HP","floor":5.0,"gold_loss":0.0,"damage_taken":0.0,"relics_obtained":["Golden Idol"]},{"damage_healed":0.0,"max_hp_gain":0.0,"max_hp_loss":0.0,"gold_gain":0.0,"event_name":"Living Wall","player_choice":"Grow","floor":8.0,"gold_loss":0.0,"damage_taken":0.0,"cards_upgraded":["Sunder"]},{"damage_healed":0.0,"max_hp_gain":0.0,"max_hp_loss":0.0,"gold_gain":0.0,"event_name":"Wheel of Change","player_choice":"Damaged","floor":12.0,"gold_loss":0.0,"damage_taken":8.0},{"damage_healed":0.0,"max_hp_gain":0.0,"max_hp_loss":0.0,"gold_gain":0.0,"event_name":"Ghosts","player_choice":"Ignored","floor":19.0,"gold_loss":0.0,"damage_taken":0.0},{"damage_healed":0.0,"max_hp_gain":0.0,"max_hp_loss":0.0,"gold_gain":75.0,"event_name":"FaceTrader","player_choice":"Touch","floor":20.0,"gold_loss":0.0,"damage_taken":8.0},{"damage_healed":0.0,"max_hp_gain":0.0,"max_hp_loss":0.0,"gold_gain":0.0,"event_name":"Back to Basics","player_choice":"Simplicity","floor":29.0,"gold_loss":0.0,"damage_taken":0.0,"cards_upgraded":["Strike_B","Strike_B","Strike_B","Defend_B","Defend_B","Defend_B","Defend_B"]},{"damage_healed":0.0,"max_hp_gain":0.0,"max_hp_loss":0.0,"gold_gain":0.0,"event_name":"The Mausoleum","player_choice":"Opened","floor":30.0,"gold_loss":0.0,"damage_taken":0.0,"relics_obtained":["Happy Flower"]},{"cards_removed":["Strike_B"],"damage_healed":0.0,"max_hp_gain":0.0,"max_hp_loss":0.0,"gold_gain":0.0,"event_name":"Purifier","player_choice":"Purged","floor":36.0,"gold_loss":0.0,"damage_taken":0.0},{"damage_healed":0.0,"max_hp_gain":0.0,"max_hp_loss":0.0,"gold_gain":0.0,"event_name":"SensoryStone","player_choice":"Memory 1","floor":42.0,"gold_loss":0.0,"damage_taken":0.0},{"damage_healed":0.0,"max_hp_gain":0.0,"max_hp_loss":0.0,"gold_gain":333.0,"event_name":"The Moai Head","player_choice":"Gave Idol","floor":44.0,"relics_lost":["Golden Idol"],"gold_loss":0.0,"damage_taken":0.0}],"is_beta":false,"boss_relics":[{"not_picked":["Busted Crown","Runic Dome"],"picked":"Velvet Choker"},{"not_picked":["Philosopher\u0027s Stone","Nuclear Battery"],"picked":"FrozenCore"}],"items_purged_floors":[37,46,47,53],"is_endless":false,"potions_floor_spawned":[1,4,6,14,22,24,31,35,39],"ascension_level":0}