{"path_per_floor":["M","?","M","$","M","R","?","?","T","M","?","R","$","M","R","B",null,"M","?","$","?","M","R"],"character_chosen":"THE_SILENT","items_purchased":[],"gold_per_floor":[110,185,197,122,142,142,142,142,142,154,154,154,54,72,72,197,197,215,215,90,90,106,106],"floor_reached":24,"campfire_rested":1,"playtime":1077,"current_hp_per_floor":[68,57,57,57,56,56,56,56,56,54,54,54,54,54,54,14,65,21,21,21,21,6,25],"items_purged":["Strike_G","Defend_G","Defend_G"],"gold":106,"score":184,"play_id":"29296ca8-ca98-4097-967c-ec574180b429","local_time":"20180315040737","is_prod":false,"is_daily":false,"is_ascension_mode":false,"campfire_upgraded":3,"timestamp":1521108457,"path_taken":["M","?","M","$","M","R","?","?","T","M","?","R","$","M","R","BOSS","M","?","$","?","M","R","M"],"build_version":"2018-03-01-PROD1","purchased_purges":3,"victory":false,"master_deck":["Defend_G","Defend_G","Defend_G+1","Strike_G","Strike_G","Strike_G","Strike_G","Survivor+1","Neutralize+1"],"max_hp_per_floor":[70,70,70,70,70,70,70,70,70,70,65,65,65,65,65,65,65,65,65,65,65,65,65],"relics":["Ring of the Snake","Frozen Eye","Golden Idol","Philosopher\u0027s Stone"],"card_choices":[],"player_experience":621418,"potions_floor_usage":[24],"damage_taken":[{"damage":2.0,"enemies":"Jaw Worm","floor":1.0,"turns":5.0},{"damage":0.0,"enemies":"2 Louse","floor":3.0,"turns":3.0},{"damage":1.0,"enemies":"Cultist","floor":5.0,"turns":4.0},{"damage":2.0,"enemies":"Blue Slaver","floor":10.0,"turns":5.0},{"damage":0.0,"enemies":"Exordium Wildlife","floor":14.0,"turns":3.0},{"damage":40.0,"enemies":"The Guardian","floor":16.0,"turns":28.0},{"damage":44.0,"enemies":"3 Byrds","floor":18.0,"turns":10.0},{"damage":15.0,"enemies":"Chosen","floor":22.0,"turns":8.0},{"damage":27,"enemies":"Sentry and Sphere","floor":24,"turns":4}],"event_choices":[{"event_name":"World of Goop","player_choice":"Gather Gold","floor":2.0,"damage_taken":0.0},{"event_name":"Liars Game","player_choice":"disagreed","floor":7.0,"damage_taken":0.0},{"event_name":"The Woman in Blue","player_choice":"Bought 0 Potions","floor":8.0,"damage_taken":0.0},{"event_name":"Golden Idol","player_choice":"Lose Max HP","floor":11.0,"damage_taken":0.0},{"event_name":"Cursed Tome","player_choice":"Ignored","floor":19.0,"damage_taken":0.0},{"event_name":"Vampires","player_choice":"Ignored","floor":21.0,"damage_taken":0.0}],"boss_relics":[],"potions_floor_spawned":[5,10,22],"seed_played":"821863752357077841","killed_by":"Sentry and Sphere","ascension_level":0,"is_trial":false}