{"path_per_floor":["M","M","M","M","?","R","E","?","T","R","M","E","$","?","R","B",null,"M","?","$","M","M","E"],"character_chosen":"DEFECT","items_purchased":["Frozen Egg 2","Storm+1"],"gold_per_floor":[109,125,135,151,151,151,195,270,296,296,320,359,25,25,25,154,154,169,169,96,117,142,182,182],"floor_reached":24,"campfire_rested":0,"playtime":2650,"item_purchase_floors":[13,20],"current_hp_per_floor":[67,66,72,70,52,52,44,33,33,33,42,44,44,44,44,25,75,75,75,75,71,71,18,0],"items_purged":["Strike_B"],"gold":182,"score":237,"play_id":"194bc860-fdf0-49ab-8fa6-045017ca980b","local_time":"20180603141829","is_prod":false,"is_daily":false,"chose_seed":false,"is_ascension_mode":true,"campfire_upgraded":3,"win_rate":0.0,"timestamp":1528049909,"campfire_choices":[{"data":"Zap","floor":6,"key":"SMITH"},{"data":"Dualcast","floor":10,"key":"SMITH"},{"data":"Genetic Algorithm","floor":15,"key":"SMITH"}],"path_taken":["M","M","M","M","?","R","E","?","T","R","?","E","$","?","R","BOSS","M","?","?","M","M","E","?"],"build_version":"2018-05-31","seed_source_timestamp":45366195800464,"purchased_purges":1,"victory":false,"master_deck":["Strike_B","Strike_B","Strike_B","Defend_B","Defend_B","Defend_B","Defend_B","Zap+1","Dualcast+1","Self Repair","Ball Lightning","FTL","Conserve Battery","Streamline","Force Field","Genetic Algorithm+1","Amplify","Hologram+1","Storm+1","Redo","Heatsinks+1","Darkness"],"max_hp_per_floor":[75,75,75,75,75,75,75,75,75,75,75,75,75,75,75,75,75,75,75,75,75,75,75,75],"relics":["Cracked Core","Golden Idol","Anchor","Potion Belt","Frozen Egg 2","Nuclear Battery","Nloth\u0027s Gift","Regal Pillow"],"card_choices":[{"not_picked":["Stack","Go for the Eyes"],"picked":"Self Repair","floor":1},{"not_picked":["Redo","Coolheaded"],"picked":"Ball Lightning","floor":2},{"not_picked":["BootSequence","Cold Snap"],"picked":"FTL","floor":3},{"not_picked":["Streamline","Sweeping Beam"],"picked":"Conserve Battery","floor":4},{"not_picked":["Barrage","Rebound"],"picked":"Streamline","floor":7},{"not_picked":["Beam Cell","Compile Driver"],"picked":"Force Field","floor":11},{"not_picked":["Chill","Thunder Strike"],"picked":"Genetic Algorithm","floor":12},{"not_picked":["Meteor Strike","Hyperbeam"],"picked":"Amplify","floor":16},{"not_picked":["Beam Cell","BootSequence+1"],"picked":"Hologram+1","floor":18},{"not_picked":["Go for the Eyes","Stack"],"picked":"Redo","floor":21},{"not_picked":["Beam Cell+1","Redo"],"picked":"Heatsinks+1","floor":22},{"not_picked":["All For One","Meteor Strike"],"picked":"Darkness","floor":23}],"player_experience":762882,"potions_floor_usage":[11,12,12,23,23,24],"damage_taken":[{"damage":8,"enemies":"Jaw Worm","floor":1,"turns":4},{"damage":8,"enemies":"Small Slimes","floor":2,"turns":3},{"damage":1,"enemies":"Cultist","floor":3,"turns":4},{"damage":9,"enemies":"Blue Slaver","floor":4,"turns":3},{"damage":15,"enemies":"3 Sentries","floor":7,"turns":9},{"damage":0,"enemies":"Large Slime","floor":11,"turns":4},{"damage":7,"enemies":"Gremlin Nob","floor":12,"turns":3},{"damage":28,"enemies":"The Guardian","floor":16,"turns":13},{"damage":5,"enemies":"3 Byrds","floor":18,"turns":6},{"damage":11,"enemies":"2 Thieves","floor":21,"turns":5},{"damage":7,"enemies":"Snake Plant","floor":22,"turns":4},{"damage":67,"enemies":"Gremlin Leader","floor":23,"turns":9},{"damage":20,"enemies":"Slaver and Parasite","floor":24,"turns":2}],"relics_obtained":[{"floor":7,"key":"Anchor"},{"floor":9,"key":"Blood Vial"},{"floor":12,"key":"Potion Belt"},{"floor":23,"key":"Regal Pillow"}],"event_choices":[{"event_name":"Golden Idol","player_choice":"Take Damage","floor":5,"damage_taken":0},{"event_name":"World of Goop","player_choice":"Gather Gold","floor":8,"damage_taken":0},{"event_name":"The Cleric","player_choice":"Leave","floor":14,"damage_taken":0},{"event_name":"N\u0027loth","player_choice":"Traded a Blood Vial","floor":19,"damage_taken":0}],"boss_relics":[{"not_picked":["Runic Dome","Cursed Key"],"picked":"Nuclear Battery"}],"items_purged_floors":[13],"potions_floor_spawned":[2,3,4,16,22,23],"seed_played":"125504253674744261","killed_by":"Slaver and Parasite","ascension_level":1,"potions_obtained":[{"floor":2,"key":"FearPotion"},{"floor":3,"key":"Weak Potion"},{"floor":4,"key":"Energy Potion"},{"floor":16,"key":"Explosive Potion"},{"floor":22,"key":"AttackPotion"},{"floor":23,"key":"Explosive Potion"}],"is_trial":false}