{"gold_per_floor":[117,117,69,85,95,123,138,158,182,182,182,199,211,221,221,322,322,341,416,430,448,448,448,465,465],"floor_reached":25,"playtime":819,"items_purged":[],"score":219,"play_id":"e7a1311d-ee61-432e-856f-1342c6507e20","local_time":"20190513185610","is_ascension_mode":true,"campfire_choices":[{"floor":10,"key":"REST"},{"floor":15,"key":"REST"},{"floor":23,"key":"REST"}],"neow_cost":"CURSE","seed_source_timestamp":107712205125791,"circlet_count":0,"master_deck":["Strike_B","Strike_B","Strike_B","Strike_B","Defend_B","Defend_B","Defend_B","Defend_B","Zap","Dualcast","Madness","The Bomb","Injury","FTL","Ball Lightning","Chill","Echo Form","Sweeping Beam","Conserve Battery","Seek","BootSequence+1","Leap","Chaos+1","Loop"],"relics":["Cracked Core","Symbiotic Virus","Anchor","Snecko Eye"],"potions_floor_usage":[],"damage_taken":[{"damage":8,"enemies":"Jaw Worm","floor":1,"turns":3},{"damage":0,"enemies":"Cultist","floor":4,"turns":3},{"damage":2,"enemies":"2 Louse","floor":5,"turns":4},{"damage":4,"enemies":"Gremlin Nob","floor":6,"turns":3},{"damage":26,"enemies":"Lots of Slimes","floor":7,"turns":4},{"damage":6,"enemies":"3 Louse","floor":8,"turns":4},{"damage":3,"enemies":"Red Slaver","floor":12,"turns":3},{"damage":7,"enemies":"Blue Slaver","floor":13,"turns":4},{"damage":19,"enemies":"Gremlin Gang","floor":14,"turns":4},{"damage":26,"enemies":"Hexaghost","floor":16,"turns":7},{"damage":26,"enemies":"Shell Parasite","floor":18,"turns":4},{"damage":3,"enemies":"3 Byrds","floor":20,"turns":4},{"damage":29,"enemies":"Sentry and Sphere","floor":21,"turns":4},{"damage":0,"enemies":"Snecko","floor":24,"turns":3},{"damage":33,"enemies":"Book of Stabbing","floor":25,"turns":5}],"seed_played":"953149398295188409","potions_obtained":[{"floor":4,"key":"Energy Potion"},{"floor":6,"key":"Dexterity Potion"},{"floor":11,"key":"SkillPotion"}],"is_trial":false,"path_per_floor":["M","?","$","M","M","E","M","M","T","R","?","M","M","M","R","B",null,"M","?","M","M","$","R","M","E"],"character_chosen":"DEFECT","items_purchased":["Ball Lightning"],"campfire_rested":3,"item_purchase_floors":[3],"current_hp_per_floor":[67,67,67,67,65,61,35,29,29,51,51,48,41,22,44,18,75,49,42,39,10,10,32,32,0],"gold":465,"neow_bonus":"RANDOM_COLORLESS_2","is_prod":false,"is_daily":false,"chose_seed":false,"campfire_upgraded":0,"win_rate":0,"timestamp":1557788170,"path_taken":["M","?","?","?","M","E","M","M","T","R","?","M","?","M","R","BOSS","M","?","?","M","$","R","M","E"],"build_version":"2019-01-23","purchased_purges":0,"victory":false,"max_hp_per_floor":[75,75,75,75,75,75,75,75,75,75,75,75,75,75,75,75,75,75,75,75,75,75,75,75,75],"card_choices":[{"not_picked":["Compile Driver","Rebound"],"picked":"FTL","floor":1},{"not_picked":["Compile Driver","Ball Lightning"],"picked":"Chill","floor":4},{"not_picked":["Multi-Cast","Rebound","Darkness"],"picked":"SKIP","floor":5},{"not_picked":["Force Field","Streamline"],"picked":"Echo Form","floor":6},{"not_picked":["Coolheaded","Ball Lightning"],"picked":"Sweeping Beam","floor":7},{"not_picked":["Streamline","Redo"],"picked":"Conserve Battery","floor":8},{"not_picked":["Streamline","Coolheaded","Redo"],"picked":"SKIP","floor":12},{"not_picked":["Streamline","Blizzard","Sunder"],"picked":"SKIP","floor":13},{"not_picked":["Stack","Beam Cell","Hologram"],"picked":"SKIP","floor":14},{"not_picked":["Creative AI","Hyperbeam"],"picked":"Seek","floor":16},{"not_picked":["Coolheaded+1","Steam"],"picked":"BootSequence+1","floor":18},{"not_picked":["Rebound","Doom and Gloom+1"],"picked":"Leap","floor":20},{"not_picked":["Conserve Battery","Rebound+1"],"picked":"Chaos+1","floor":21},{"not_picked":["Redo+1","Sweeping Beam"],"picked":"Loop","floor":24}],"player_experience":40496,"relics_obtained":[{"floor":6,"key":"Symbiotic Virus"},{"floor":9,"key":"Anchor"}],"event_choices":[{"damage_healed":0,"gold_gain":0,"player_choice":"0 cards matched","damage_taken":0,"max_hp_gain":0,"max_hp_loss":0,"event_name":"Match and Keep!","floor":2,"gold_loss":0,"cards_obtained":[]},{"damage_healed":0,"gold_gain":0,"player_choice":"Got Potions","damage_taken":0,"max_hp_gain":0,"max_hp_loss":0,"event_name":"Lab","floor":11,"gold_loss":0},{"damage_healed":0,"gold_gain":75,"player_choice":"Touch","damage_taken":7,"max_hp_gain":0,"max_hp_loss":0,"event_name":"FaceTrader","floor":19,"gold_loss":0}],"is_beta":false,"boss_relics":[{"not_picked":["Coffee Dripper","Velvet Choker"],"picked":"Snecko Eye"}],"items_purged_floors":[],"is_endless":false,"potions_floor_spawned":[4,6,14,16,21,24],"killed_by":"Book of Stabbing","ascension_level":1}