{"path_per_floor":["M","?","M","M","$","E","R","M","T","R","?","R","M","$","R","B",null,"M","M","?","?","?","M","R","T","T","M","M","?","M","M","R","B",null,"M","?","?","M","?","R","?","M","T","M","E","R","$","M","R","B"],"character_chosen":"THE_SILENT","items_purchased":[],"gold_per_floor":[114,114,126,143,68,100,100,117,117,117,117,117,132,32,32,133,133,73,73,73,73,73,73,73,73,73,73,73,73,73,73,73,73,73,73,73,73,73,73,73,0,0,0,0,0,0,0,0,0,0],"floor_reached":51,"campfire_rested":0,"playtime":4186,"current_hp_per_floor":[70,75,75,75,75,41,41,31,31,31,31,31,31,31,31,44,75,75,75,61,61,45,45,45,45,45,45,45,45,44,44,44,17,80,80,78,78,78,78,78,78,68,68,66,66,66,66,54,54,61],"items_purged":["Strike_G","Defend_G"],"gold":0,"score":529,"play_id":"bdc59935-dd0e-4a0d-abdb-5bc3ce27a1b9","is_prod":false,"is_daily":false,"is_ascension_mode":false,"campfire_upgraded":8,"path_taken":["M","?","M","?","$","E","R","M","T","R","?","R","M","$","R","BOSS","M","M","?","?","?","?","R","?","T","?","M","?","M","?","R","BOSS","M","?","?","M","?","R","?","M","T","M","E","R","?","M","R","BOSS"],"build_version":"2018-02-22-PROD1","purchased_purges":2,"victory":true,"master_deck":["Defend_G","Defend_G","Defend_G","Defend_G","Strike_G","Survivor","Neutralize+1","Quick Slash+1","Terror+1","Escape Plan+1","Flying Knee","Expertise+1","Glass Knife+1","Leg Sweep","Acrobatics+1","Dash","Sucker Punch+1","Unload","Adrenaline+1","Backflip+1","Skewer+1","Outmaneuver+1","Acrobatics","Blur+1","Predator","Prepared+1"],"max_hp_per_floor":[70,75,75,75,75,75,75,75,75,75,75,75,75,75,75,75,75,75,75,80,80,80,80,80,80,80,80,80,80,80,80,80,80,80,80,80,80,80,80,80,80,80,80,80,80,80,80,80,80,80],"relics":["Ring of the Snake","NeowsBlessing","Tingsha","Paper Crane","Ectoplasm","Enchiridion","Anchor","Peace Pipe","Philosopher\u0027s Stone","Thread and Needle","Red Mask","Darkstone Periapt","Dodecahedron"],"card_choices":[{"not_picked":["PiercingWail","Setup"],"picked":"Quick Slash"},{"not_picked":["Underhanded Strike","Deflect"],"picked":"Terror"},{"not_picked":["Night Terror","Prepared"],"picked":"Escape Plan"},{"not_picked":["Backstab","Infinite Blades"],"picked":"Flying Knee"},{"not_picked":["Underhanded Strike","Flechettes"],"picked":"Expertise"},{"not_picked":["Grand Finale","A Thousand Cuts"],"picked":"Glass Knife"},{"not_picked":["Backstab","Bane"],"picked":"Leg Sweep"},{"not_picked":["Outmaneuver","Blade Dance"],"picked":"Acrobatics"},{"not_picked":["Dagger Throw","Underhanded Strike"],"picked":"Dash"},{"not_picked":["PiercingWail","Quick Slash"],"picked":"Sucker Punch"},{"not_picked":["Underhanded Strike","Bane"],"picked":"Unload"},{"not_picked":["Glass Knife","Burst"],"picked":"Adrenaline"},{"not_picked":["Endless Agony","Escape Plan"],"picked":"Backflip"},{"not_picked":["Deflect","Underhanded Strike"],"picked":"Skewer"},{"not_picked":["Dodge and Roll","Setup"],"picked":"Outmaneuver"},{"not_picked":["Dagger Throw","Backstab"],"picked":"Acrobatics"},{"not_picked":["Deadly Poison","Flying Knee"],"picked":"Blur"},{"not_picked":["Concentrate","PiercingWail"],"picked":"Predator"},{"not_picked":["After Image","Bane"],"picked":"Prepared"}],"player_experience":480524,"potions_floor_usage":[33,33,36,42,50,50,50],"damage_taken":[{"damage":0.0,"enemies":"2 Louse","floor":1.0,"turns":1.0},{"damage":0.0,"enemies":"Small Slimes","floor":3.0,"turns":1.0},{"damage":0.0,"enemies":"Cultist","floor":4.0,"turns":1.0},{"damage":34.0,"enemies":"Gremlin Nob","floor":6.0,"turns":5.0},{"damage":10.0,"enemies":"Large Slime","floor":8.0,"turns":6.0},{"damage":0.0,"enemies":"2 Fungi Beasts","floor":13.0,"turns":2.0},{"damage":2.0,"enemies":"Slime Boss","floor":16.0,"turns":9.0},{"damage":0.0,"enemies":"2 Thieves","floor":18.0,"turns":5.0},{"damage":0.0,"enemies":"3 Byrds","floor":19.0,"turns":8.0},{"damage":0.0,"enemies":"Snecko","floor":23.0,"turns":3.0},{"damage":0.0,"enemies":"Snake Plant","floor":27.0,"turns":2.0},{"damage":0.0,"enemies":"Cultist and Chosen","floor":28.0,"turns":5.0},{"damage":1.0,"enemies":"3 Cultists","floor":30.0,"turns":5.0},{"damage":0.0,"enemies":"Snecko","floor":31.0,"turns":3.0},{"damage":27,"enemies":"Champ","floor":33,"turns":13},{"damage":0,"enemies":"3 Shapes","floor":35,"turns":3},{"damage":2,"enemies":"Mysterious Sphere","floor":36,"turns":5},{"damage":0,"enemies":"Orb Walker","floor":38,"turns":1},{"damage":10,"enemies":"Maw","floor":42,"turns":4},{"damage":2,"enemies":"4 Shapes","floor":44,"turns":3},{"damage":0,"enemies":"Nemesis","floor":45,"turns":5},{"damage":12,"enemies":"Sphere and 2 Shapes","floor":48,"turns":4},{"damage":8,"enemies":"Awakened One","floor":50,"turns":17}],"event_choices":[{"event_name":"Big Fish","player_choice":"Donut","floor":2.0,"damage_taken":0.0},{"event_name":"Living Wall","player_choice":"Forget","floor":11.0,"damage_taken":0.0},{"event_name":"Forgotten Altar","player_choice":"Shed Blood","floor":20.0,"damage_taken":0.0},{"event_name":"Vampires","player_choice":"Ignored","floor":21.0,"damage_taken":0.0},{"event_name":"Cursed Tome","player_choice":"Obtained Book","floor":22.0,"damage_taken":0.0},{"event_name":"The Woman in Blue","player_choice":"Bought 0 Potions","floor":29.0,"damage_taken":0.0},{"event_name":"Mysterious Sphere","player_choice":"Fight","floor":36,"damage_taken":0},{"event_name":"Accursed Blacksmith","player_choice":"Forge","floor":37,"damage_taken":0},{"event_name":"Tomb of Lord Red Mask","player_choice":"Paid","floor":41,"damage_taken":0}],"boss_relics":[{"not_picked":["Snecko Eye","Calling Bell"],"picked":"Philosopher\u0027s Stone"}],"potions_floor_spawned":[6,8,13,18,19,30,33,35,36,45],"seed_played":"-7625733355925209795","ascension_level":0,"is_trial":false}