{"path_per_floor":["M","M","?","M","?","R","E","M","T","M","R","E"],"character_chosen":"DEFECT","items_purchased":[],"gold_per_floor":[111,121,121,141,91,91,126,141,141,152,152,185,185],"floor_reached":13,"campfire_rested":1,"playtime":801,"item_purchase_floors":[],"current_hp_per_floor":[75,75,75,70,70,70,61,16,16,11,33,1,0],"items_purged":[],"gold":185,"score":95,"play_id":"288aec23-c256-4708-8296-d784a401faf6","local_time":"20180601215427","is_prod":false,"is_daily":false,"chose_seed":false,"is_ascension_mode":false,"campfire_upgraded":1,"win_rate":0.0,"timestamp":1527904467,"campfire_choices":[{"data":"Redo","floor":6,"key":"SMITH"},{"floor":11,"key":"REST"}],"path_taken":["M","M","?","M","?","R","E","M","T","?","R","E","M"],"build_version":"2018-05-31","seed_source_timestamp":244413649280732,"purchased_purges":0,"victory":false,"master_deck":["Strike_B","Strike_B","Strike_B","Defend_B","Defend_B+1","Defend_B","Zap+1","Dualcast","Redo+1","Genetic Algorithm+1","Heatsinks","Tempest","Hello World","Beam Cell","Leap","Go for the Eyes"],"max_hp_per_floor":[75,75,75,75,75,75,75,75,75,75,75,75,75],"relics":["Cracked Core","Matryoshka","War Paint","Pantograph","Centennial Puzzle"],"card_choices":[{"not_picked":["Ball Lightning","FTL"],"picked":"Genetic Algorithm","floor":1},{"not_picked":["Steam Power","Ball Lightning"],"picked":"Heatsinks","floor":2},{"not_picked":["Leap","Cold Snap"],"picked":"Tempest","floor":4},{"not_picked":["Barrage","Turbo"],"picked":"Hello World","floor":7},{"not_picked":["Hello World","Barrage"],"picked":"Beam Cell","floor":8},{"not_picked":["Go for the Eyes","Hello World"],"picked":"Leap","floor":10},{"not_picked":["Genetic Algorithm","Tempest"],"picked":"Go for the Eyes","floor":12}],"player_experience":743432,"potions_floor_usage":[7,7,10,13],"damage_taken":[{"damage":0,"enemies":"2 Louse","floor":1,"turns":3},{"damage":0,"enemies":"Cultist","floor":2,"turns":4},{"damage":5,"enemies":"Small Slimes","floor":4,"turns":3},{"damage":9,"enemies":"3 Sentries","floor":7,"turns":3},{"damage":45,"enemies":"Gremlin Gang","floor":8,"turns":5},{"damage":5,"enemies":"Exordium Thugs","floor":10,"turns":4},{"damage":32,"enemies":"Gremlin Nob","floor":12,"turns":4},{"damage":7,"enemies":"3 Louse","floor":13,"turns":2}],"relics_obtained":[{"floor":7,"key":"Matryoshka"},{"floor":9,"key":"War Paint"},{"floor":9,"key":"Pantograph"},{"floor":12,"key":"Centennial Puzzle"}],"event_choices":[{"event_name":"Upgrade Shrine","player_choice":"Upgraded","floor":3,"damage_taken":0},{"event_name":"The Cleric","player_choice":"Card Removal","floor":5,"damage_taken":0}],"boss_relics":[],"items_purged_floors":[],"potions_floor_spawned":[1,4,8,10],"seed_played":"-4870449127813637710","killed_by":"3 Louse","ascension_level":0,"potions_obtained":[{"floor":1,"key":"AttackPotion"},{"floor":4,"key":"Energy Potion"},{"floor":8,"key":"Explosive Potion"},{"floor":10,"key":"GamblersBrew"}],"is_trial":false}