{"gold_per_floor":[119,119,67,67,67,98,122,155,209,209,209,209,244,265,265,386,386,401,420,272,272,272],"floor_reached":22,"playtime":1721,"items_purged":["Decay"],"score":270,"play_id":"89b1ee7b-9b20-4da3-8e1a-39d068a7ed83","local_time":"20190511153736","is_ascension_mode":true,"campfire_choices":[{"data":"Strike_R","floor":10,"key":"PURGE"},{"data":"Regret","floor":12,"key":"PURGE"},{"floor":15,"key":"REST"}],"neow_cost":"NONE","seed_source_timestamp":110537772213763,"circlet_count":0,"master_deck":["Strike_R","Defend_R","Defend_R","Defend_R","Defend_R","Bash","Pommel Strike","Immolate","Shrug It Off","Armaments","Heavy Blade","Exhume","Clothesline","Cleave","Inflame","Reaper","Pommel Strike+1","Evolve+1","True Grit","Burning Pact","Shockwave"],"relics":["Burning Blood","NeowsBlessing","Golden Idol","Red Skull","Peace Pipe","Dream Catcher","Matryoshka","Astrolabe"],"potions_floor_usage":[19,21],"damage_taken":[{"damage":0,"enemies":"Small Slimes","floor":1,"turns":1},{"damage":0,"enemies":"Gremlin Nob","floor":6,"turns":1},{"damage":0,"enemies":"Cultist","floor":7,"turns":1},{"damage":46,"enemies":"Lagavulin","floor":8,"turns":10},{"damage":25,"enemies":"3 Sentries","floor":13,"turns":5},{"damage":7,"enemies":"Jaw Worm","floor":14,"turns":2},{"damage":42,"enemies":"The Guardian","floor":16,"turns":11},{"damage":55,"enemies":"2 Thieves","floor":18,"turns":4},{"damage":10,"enemies":"3 Byrds","floor":19,"turns":3},{"damage":53,"enemies":"Colosseum Slavers","floor":21,"turns":6},{"damage":40,"enemies":"Centurion and Healer","floor":22,"turns":4}],"seed_played":"-8881498306817706226","potions_obtained":[{"floor":6,"key":"LiquidBronze"},{"floor":7,"key":"Ancient Potion"},{"floor":8,"key":"SpeedPotion"},{"floor":19,"key":"Regen Potion"}],"is_trial":false,"path_per_floor":["M","?","$","$","?","E","M","E","T","R","?","R","E","M","R","B",null,"M","M","$","?","M"],"character_chosen":"IRONCLAD","items_purchased":["Shrug It Off","Shockwave"],"campfire_rested":1,"item_purchase_floors":[3,20],"current_hp_per_floor":[80,80,80,80,80,80,80,40,40,40,40,40,21,20,44,8,80,40,40,40,34,0],"gold":272,"neow_bonus":"THREE_ENEMY_KILL","is_prod":false,"is_daily":false,"chose_seed":false,"campfire_upgraded":0,"win_rate":0,"timestamp":1557607056,"path_taken":["M","?","?","$","?","E","?","E","T","R","?","R","E","M","R","BOSS","M","M","$","?","M"],"build_version":"2019-01-23","purchased_purges":1,"victory":false,"max_hp_per_floor":[80,80,80,80,80,80,80,80,80,80,80,80,80,80,80,80,80,80,80,80,80,80],"card_choices":[{"not_picked":["Perfected Strike","Clash"],"picked":"Pommel Strike","floor":1},{"not_picked":["Clothesline","Pommel Strike"],"picked":"Armaments","floor":6},{"not_picked":["Headbutt","Rupture"],"picked":"Heavy Blade","floor":7},{"not_picked":["Anger","Flex"],"picked":"Exhume","floor":8},{"not_picked":["Body Slam","Perfected Strike"],"picked":"Clothesline","floor":13},{"not_picked":["Perfected Strike","Anger"],"picked":"Cleave","floor":14},{"not_picked":["Headbutt","Clothesline"],"picked":"Inflame","floor":15},{"not_picked":["Limit Break","Bludgeon"],"picked":"Reaper","floor":16},{"not_picked":["Disarm+1","Heavy Blade"],"picked":"True Grit","floor":18},{"not_picked":["Iron Wave","Cleave"],"picked":"Burning Pact","floor":19}],"player_experience":192383,"relics_obtained":[{"floor":6,"key":"Red Skull"},{"floor":8,"key":"Peace Pipe"},{"floor":13,"key":"Matryoshka"}],"event_choices":[{"damage_healed":0,"gold_gain":0,"cards_transformed":["Strike_R"],"player_choice":"Transformed","damage_taken":0,"max_hp_gain":0,"max_hp_loss":0,"event_name":"Transmorgrifier","floor":2,"gold_loss":0,"cards_obtained":["Immolate"]},{"damage_healed":0,"gold_gain":0,"player_choice":"Take Wound","damage_taken":0,"relics_obtained":["Golden Idol"],"max_hp_gain":0,"max_hp_loss":0,"event_name":"Golden Idol","floor":5,"gold_loss":0,"cards_obtained":["Injury"]},{"damage_healed":0,"gold_gain":0,"player_choice":"Box","damage_taken":0,"relics_obtained":["Dream Catcher"],"max_hp_gain":0,"max_hp_loss":0,"event_name":"Big Fish","floor":11,"gold_loss":0,"cards_obtained":["Regret"]},{"damage_healed":0,"gold_gain":0,"player_choice":"Fight","damage_taken":0,"max_hp_gain":0,"max_hp_loss":0,"event_name":"Colosseum","floor":21,"gold_loss":0},{"damage_healed":0,"gold_gain":0,"player_choice":"Fled From Nobs","damage_taken":0,"max_hp_gain":0,"max_hp_loss":0,"event_name":"Colosseum","floor":21,"gold_loss":0}],"is_beta":false,"boss_relics":[{"not_picked":["Busted Crown","Ectoplasm"],"picked":"Astrolabe"}],"items_purged_floors":[20],"is_endless":false,"potions_floor_spawned":[6,7,8,16,19,21],"killed_by":"Centurion and Healer","ascension_level":4}