{"gold_per_floor":[114,127,139,314,324,358,376,386,386,386,386,461,492,515,527,636,698,683,695,707,736,763,775],"floor_reached":23,"playtime":1226,"items_purged":[],"score":230,"play_id":"9a3f9edd-5586-4eb6-9b35-7bd533d4544e","local_time":"20190512215903","is_ascension_mode":false,"campfire_choices":[{"floor":10,"key":"REST"},{"floor":15,"key":"REST"}],"neow_cost":"NONE","seed_source_timestamp":31878826781123,"circlet_count":0,"master_deck":["Defend_G+1","Defend_G+1","Defend_G+1","Defend_G+1","Defend_G+1","Strike_G+1","Strike_G+1","Strike_G+1","Strike_G+1","Strike_G+1","Survivor","Neutralize","Deadly Poison","Dodge and Roll","Crippling Poison","Doubt","Quick Slash","Dodge and Roll","Acrobatics","Footwork","Backflip","Backflip+1","Malaise","Deadly Poison","Blade Dance","Writhe","Poisoned Stab+1"],"relics":["Ring of the Snake","Strawberry","PreservedInsect","Pocketwatch","Darkstone Periapt","MawBank","Tiny House","Shuriken"],"potions_floor_usage":[],"damage_taken":[{"damage":1,"enemies":"Cultist","floor":1,"turns":4},{"damage":7,"enemies":"Small Slimes","floor":2,"turns":4},{"damage":0,"enemies":"Jaw Worm","floor":3,"turns":4},{"damage":4,"enemies":"Blue Slaver","floor":5,"turns":5},{"damage":29,"enemies":"3 Sentries","floor":6,"turns":13},{"damage":6,"enemies":"Looter","floor":7,"turns":3},{"damage":3,"enemies":"3 Louse","floor":8,"turns":4},{"damage":17,"enemies":"Lagavulin","floor":13,"turns":7},{"damage":1,"enemies":"Large Slime","floor":14,"turns":11},{"damage":47,"enemies":"Hexaghost","floor":16,"turns":17},{"damage":29,"enemies":"2 Thieves","floor":18,"turns":5},{"damage":21,"enemies":"3 Byrds","floor":21,"turns":7},{"damage":17,"enemies":"Centurion and Healer","floor":22,"turns":12},{"damage":29,"enemies":"Book of Stabbing","floor":23,"turns":7}],"seed_played":"-907531104948829633","potions_obtained":[{"floor":2,"key":"Weak Potion"},{"floor":3,"key":"SteroidPotion"},{"floor":8,"key":"FearPotion"}],"is_trial":false,"path_per_floor":["M","M","M","?","M","E","M","M","T","R","?","T","E","M","R","B",null,"M","?","?","M","M","E"],"character_chosen":"THE_SILENT","items_purchased":[],"campfire_rested":2,"item_purchase_floors":[],"current_hp_per_floor":[76,69,69,69,65,43,37,34,34,59,56,56,39,38,63,16,89,60,60,66,45,28,0],"gold":775,"neow_bonus":"TEN_PERCENT_HP_BONUS","is_prod":false,"is_daily":false,"chose_seed":false,"campfire_upgraded":0,"win_rate":0.0,"timestamp":1557712743,"path_taken":["M","M","?","?","M","E","M","M","T","R","?","?","E","M","R","BOSS","M","?","?","M","M","E"],"build_version":"2019-01-23","purchased_purges":0,"victory":false,"max_hp_per_floor":[77,77,77,77,77,84,84,84,84,84,84,84,84,84,84,84,89,89,89,95,95,95,95],"card_choices":[{"not_picked":["Sucker Punch","Reflex"],"picked":"Deadly Poison","floor":1},{"not_picked":["Dagger Spray","Poisoned Stab"],"picked":"Dodge and Roll","floor":2},{"not_picked":["Underhanded Strike","Deflect"],"picked":"Crippling Poison","floor":3},{"not_picked":["Slice","Prepared"],"picked":"Quick Slash","floor":5},{"not_picked":["Outmaneuver","Acrobatics"],"picked":"Dodge and Roll","floor":6},{"not_picked":["Venomology","Expertise"],"picked":"Acrobatics","floor":7},{"not_picked":["Noxious Fumes","Poisoned Stab"],"picked":"Footwork","floor":8},{"not_picked":["Outmaneuver","Acrobatics"],"picked":"Backflip","floor":13},{"not_picked":["Blade Dance","Outmaneuver"],"picked":"Backflip","floor":14},{"not_picked":["Unload","Adrenaline"],"picked":"Malaise","floor":16},{"not_picked":["Flying Knee","Caltrops"],"picked":"Deadly Poison","floor":17},{"not_picked":["PiercingWail","Outmaneuver+1"],"picked":"Blade Dance","floor":18},{"not_picked":["Slice","Prepared+1"],"picked":"Poisoned Stab+1","floor":21},{"not_picked":["PiercingWail","Underhanded Strike+1","Tactician"],"picked":"SKIP","floor":22}],"player_experience":1375,"relics_obtained":[{"floor":6,"key":"Strawberry"},{"floor":9,"key":"PreservedInsect"},{"floor":12,"key":"Darkstone Periapt"},{"floor":13,"key":"MawBank"}],"event_choices":[{"damage_healed":0,"gold_gain":175,"player_choice":"AGREE","damage_taken":0,"max_hp_gain":0,"max_hp_loss":0,"event_name":"Liars Game","floor":4,"gold_loss":0,"cards_obtained":["Doubt"]},{"damage_healed":0,"gold_gain":0,"player_choice":"Success","damage_taken":3,"relics_obtained":["Pocketwatch"],"max_hp_gain":0,"max_hp_loss":0,"event_name":"Scrap Ooze","floor":11,"gold_loss":0},{"damage_healed":0,"gold_gain":0,"player_choice":"Simplicity","damage_taken":0,"max_hp_gain":0,"max_hp_loss":0,"event_name":"Back to Basics","floor":19,"gold_loss":0,"cards_upgraded":["Defend_G","Defend_G","Defend_G","Defend_G","Defend_G","Strike_G","Strike_G","Strike_G","Strike_G","Strike_G"]},{"damage_healed":0,"gold_gain":0,"player_choice":"Opened","damage_taken":0,"relics_obtained":["Shuriken"],"max_hp_gain":0,"max_hp_loss":0,"event_name":"The Mausoleum","floor":20,"gold_loss":0,"cards_obtained":["Writhe"]}],"is_beta":false,"boss_relics":[{"not_picked":["Coffee Dripper","White Beast Statue"],"picked":"Tiny House"}],"items_purged_floors":[],"is_endless":false,"potions_floor_spawned":[2,3,8,14,21,22],"killed_by":"Book of Stabbing","ascension_level":0}