{"gold_per_floor":[110,129,304,321,341,341,366,89,112,129,158,158],"floor_reached":12,"playtime":448,"items_purged":[],"score":120,"play_id":"e4971dbb-8c82-4be5-a1c1-fd23cb8225d6","local_time":"20190513231102","is_ascension_mode":true,"campfire_choices":[{"data":"Wild Strike","floor":6,"key":"SMITH"}],"neow_cost":"NONE","seed_source_timestamp":123376486133791,"circlet_count":0,"master_deck":["Strike_R","Strike_R","Strike_R","Strike_R","Strike_R","Defend_R","Defend_R+1","Defend_R+1","Defend_R","Bash","Cleave","Wild Strike+1","Doubt","Sword Boomerang","Inflame","Metallicize","Shrug It Off","Shrug It Off"],"relics":["Burning Blood","Strawberry","Strange Spoon","Omamori","War Paint"],"potions_floor_usage":[],"damage_taken":[{"damage":3,"enemies":"Small Slimes","floor":1,"turns":3},{"damage":0,"enemies":"2 Louse","floor":2,"turns":2},{"damage":1,"enemies":"Jaw Worm","floor":4,"turns":3},{"damage":13,"enemies":"Red Slaver","floor":5,"turns":4},{"damage":40,"enemies":"3 Sentries","floor":7,"turns":6},{"damage":4,"enemies":"Blue Slaver","floor":10,"turns":4},{"damage":45,"enemies":"Gremlin Nob","floor":11,"turns":5},{"damage":18,"enemies":"Exordium Wildlife","floor":12,"turns":3}],"seed_played":"-4583476307978633343","potions_obtained":[{"floor":1,"key":"FearPotion"},{"floor":4,"key":"AttackPotion"},{"floor":10,"key":"Weak Potion"}],"is_trial":false,"path_per_floor":["M","M","?","M","M","R","E","$","T","M","E","M"],"character_chosen":"IRONCLAD","items_purchased":["Strange Spoon","Metallicize"],"campfire_rested":0,"item_purchase_floors":[8,8],"current_hp_per_floor":[88,88,88,88,81,81,54,54,54,56,17,0],"gold":158,"neow_bonus":"TEN_PERCENT_HP_BONUS","is_prod":false,"is_daily":false,"chose_seed":false,"campfire_upgraded":1,"win_rate":0,"timestamp":1557803462,"path_taken":["M","M","?","M","M","R","E","$","T","M","E","M"],"build_version":"2019-01-23","purchased_purges":0,"victory":false,"max_hp_per_floor":[88,88,88,88,88,88,95,95,95,95,95,95],"card_choices":[{"not_picked":["Flex","Warcry"],"picked":"Cleave","floor":1},{"not_picked":["Iron Wave","Uppercut"],"picked":"Wild Strike","floor":2},{"not_picked":["Anger","Cleave"],"picked":"Sword Boomerang","floor":4},{"not_picked":["Flex","Iron Wave","Brutality"],"picked":"SKIP","floor":5},{"not_picked":["Dropkick","Iron Wave"],"picked":"Inflame","floor":7},{"not_picked":["Sentinel","Dropkick"],"picked":"Shrug It Off","floor":10},{"not_picked":["Bloodletting","Exhume"],"picked":"Shrug It Off","floor":11}],"player_experience":53434,"relics_obtained":[{"floor":7,"key":"Strawberry"},{"floor":9,"key":"Omamori"},{"floor":11,"key":"War Paint"}],"event_choices":[{"damage_healed":0,"gold_gain":175,"player_choice":"AGREE","damage_taken":0,"max_hp_gain":0,"max_hp_loss":0,"event_name":"Liars Game","floor":3,"gold_loss":0,"cards_obtained":["Doubt"]}],"is_beta":false,"boss_relics":[],"items_purged_floors":[],"is_endless":false,"potions_floor_spawned":[1,4,10,11],"killed_by":"Exordium Wildlife","ascension_level":1}