{"gold_per_floor":[11,11,11,23,38,70,112,124,136,160,172,184,228,257,269,376,388,419,431,542,554,582,594,606],"floor_reached":24,"playtime":750,"items_purged":[],"score":204,"play_id":"2c9d16ee-e6fd-4b5f-a2f9-32d051c9bebd","local_time":"20190513041042","is_ascension_mode":false,"campfire_choices":[{"floor":8,"key":"REST"},{"floor":11,"key":"REST"},{"floor":15,"key":"REST"},{"floor":23,"key":"REST"}],"neow_cost":"NO_GOLD","seed_source_timestamp":54654257838631,"circlet_count":0,"master_deck":["Strike_B","Strike_B","Strike_B","Defend_B+1","Defend_B","Defend_B","Defend_B","Zap","Dualcast","Creative AI+1","Steam Power","Stack","FTL","Stack","Gash+1","Rip and Tear+1","Streamline+1","Conserve Battery","Skim","Conserve Battery","Force Field","Hologram","Gash+1","Leap","Aggregate+1"],"relics":["Cracked Core","MawBank","Molten Egg 2","Bottled Tornado","Orrery"],"potions_floor_usage":[13,13,16],"damage_taken":[{"damage":0,"enemies":"2 Louse","floor":1,"turns":2},{"damage":3,"enemies":"Jaw Worm","floor":4,"turns":3},{"damage":0,"enemies":"Small Slimes","floor":5,"turns":5},{"damage":45,"enemies":"3 Sentries","floor":6,"turns":8},{"damage":0,"enemies":"Blue Slaver","floor":10,"turns":3},{"damage":30,"enemies":"Gremlin Nob","floor":13,"turns":4},{"damage":10,"enemies":"Looter","floor":14,"turns":3},{"damage":34,"enemies":"Hexaghost","floor":16,"turns":8},{"damage":37,"enemies":"2 Thieves","floor":18,"turns":4},{"damage":26,"enemies":"Chosen","floor":22,"turns":6},{"damage":35,"enemies":"Colosseum Slavers","floor":24,"turns":4}],"seed_played":"1507399570928330411","potions_obtained":[{"floor":4,"key":"GamblersBrew"},{"floor":6,"key":"Weak Potion"},{"floor":10,"key":"EssenceOfSteel"},{"floor":16,"key":"GamblersBrew"},{"floor":18,"key":"FearPotion"},{"floor":22,"key":"EssenceOfSteel"}],"is_trial":false,"path_per_floor":["M","?","?","M","M","E","?","R","T","M","R","?","E","M","R","B",null,"M","?","?","?","M","R","?"],"character_chosen":"DEFECT","items_purchased":[],"campfire_rested":4,"item_purchase_floors":[],"current_hp_per_floor":[75,60,60,57,57,12,12,34,34,34,56,56,26,16,38,4,75,38,38,38,38,12,34,0],"gold":606,"neow_bonus":"THREE_RARE_CARDS","is_prod":false,"is_daily":false,"chose_seed":false,"campfire_upgraded":0,"win_rate":0.0,"timestamp":1557735042,"path_taken":["M","?","?","M","M","E","?","R","T","?","R","?","E","M","R","BOSS","M","?","?","?","?","R","?"],"build_version":"2019-01-23","purchased_purges":0,"victory":false,"max_hp_per_floor":[75,75,75,75,75,75,75,75,75,75,75,75,75,75,75,75,75,75,75,75,75,75,75,75],"card_choices":[{"not_picked":["Reboot","Rainbow"],"picked":"Creative AI","floor":0},{"not_picked":["Hologram","Gash","Redo"],"picked":"SKIP","floor":1},{"not_picked":["Darkness","Rebound"],"picked":"Stack","floor":4},{"not_picked":["Hello World","Beam Cell"],"picked":"FTL","floor":5},{"not_picked":["Reboot","All For One"],"picked":"Stack","floor":6},{"not_picked":["Sweeping Beam+1","Tempest"],"picked":"Gash+1","floor":10},{"not_picked":["Rebound+1","Static Discharge"],"picked":"Rip and Tear+1","floor":13},{"not_picked":["Go for the Eyes+1","Melter+1"],"picked":"Streamline+1","floor":14},{"not_picked":["Static Discharge","Coolheaded"],"picked":"Conserve Battery","floor":17},{"not_picked":["Ball Lightning+1","Melter+1"],"picked":"Skim","floor":17},{"not_picked":["Sweeping Beam+1","Ball Lightning+1"],"picked":"Conserve Battery","floor":17},{"not_picked":["Barrage+1","Rip and Tear+1"],"picked":"Force Field","floor":17},{"not_picked":["Meteor Strike+1","Streamline+1"],"picked":"Hologram","floor":17},{"not_picked":["FTL+1","Redo"],"picked":"Gash+1","floor":18},{"not_picked":["Undo+1","White Noise"],"picked":"Aggregate+1","floor":22}],"player_experience":23826,"relics_obtained":[{"floor":6,"key":"MawBank"},{"floor":9,"key":"Molten Egg 2"},{"floor":13,"key":"Bottled Tornado"}],"event_choices":[{"damage_healed":0,"gold_gain":0,"player_choice":"Entered Light","damage_taken":15,"max_hp_gain":0,"max_hp_loss":0,"event_name":"Shining Light","floor":2,"gold_loss":0,"cards_upgraded":["Creative AI","Defend_B"]},{"damage_healed":0,"gold_gain":0,"cards_transformed":["Strike_B"],"player_choice":"Change","damage_taken":0,"max_hp_gain":0,"max_hp_loss":0,"event_name":"Living Wall","floor":3,"gold_loss":0,"cards_obtained":["Steam Power"]},{"damage_healed":0,"gold_gain":30,"player_choice":"Searched \u00271\u0027 times","damage_taken":0,"max_hp_gain":0,"max_hp_loss":0,"event_name":"Dead Adventurer","floor":7,"gold_loss":0},{"damage_healed":0,"gold_gain":0,"player_choice":"Leave","damage_taken":0,"max_hp_gain":0,"max_hp_loss":0,"event_name":"The Cleric","floor":12,"gold_loss":0},{"damage_healed":0,"gold_gain":0,"player_choice":"Read","damage_taken":0,"max_hp_gain":0,"max_hp_loss":0,"event_name":"The Library","floor":19,"gold_loss":0,"cards_obtained":["Leap"]},{"damage_healed":0,"gold_gain":99,"player_choice":"Stole From Cult","damage_taken":0,"max_hp_gain":0,"max_hp_loss":0,"event_name":"Nest","floor":20,"gold_loss":0},{"damage_healed":0,"gold_gain":0,"player_choice":"Bought 0 Potions","damage_taken":0,"max_hp_gain":0,"max_hp_loss":0,"event_name":"The Woman in Blue","floor":21,"gold_loss":0},{"damage_healed":0,"gold_gain":0,"player_choice":"Fight","damage_taken":0,"max_hp_gain":0,"max_hp_loss":0,"event_name":"Colosseum","floor":24,"gold_loss":0}],"is_beta":false,"boss_relics":[{"not_picked":["Velvet Choker","Snecko Eye"],"picked":"Orrery"}],"items_purged_floors":[],"is_endless":false,"potions_floor_spawned":[4,6,10,16,18,22],"killed_by":"Colosseum Slavers","ascension_level":0}