{"path_per_floor":["M","?","$","M","?","R","M","R","T","?","M","M","M","M","R","B",null,"M","?","$","M","$","E","R","?","T","R","M","R","?","M","R","B",null,"M","?","?","?","$","R","$","M","T","?","R","M","?","E","R","B"],"character_chosen":"THE_SILENT","items_purchased":["Flash of Steel","Finesse"],"gold_per_floor":[118,193,12,25,25,25,43,43,43,43,63,75,88,102,102,198,198,212,212,212,232,42,73,73,73,73,73,93,93,93,104,104,203,203,218,263,263,263,138,138,138,151,151,151,151,162,162,190,190,190],"floor_reached":51,"campfire_rested":2,"playtime":3897,"current_hp_per_floor":[70,59,59,59,59,59,59,59,59,45,45,45,45,44,44,32,70,69,69,69,69,69,81,81,81,81,81,81,81,81,81,81,27,84,84,84,84,84,84,84,84,84,84,84,84,84,84,84,84,81],"items_purged":["Strike_G","Masterful Stab","Writhe"],"gold":190,"score":658,"play_id":"da0b7515-8f96-4706-863d-962f10624d3f","local_time":"20180314220020","is_prod":false,"is_daily":false,"is_ascension_mode":false,"campfire_upgraded":8,"timestamp":1521086420,"path_taken":["M","?","$","M","?","R","M","R","T","?","M","M","M","?","R","BOSS","M","?","$","M","$","E","R","?","T","R","M","R","?","M","R","BOSS","M","?","?","?","$","R","?","?","T","?","R","?","?","E","R","BOSS"],"build_version":"2018-03-01-PROD1","purchased_purges":3,"victory":true,"master_deck":["Defend_G+1","Defend_G+1","Strike_G+1","Strike_G+1","Survivor+1","Neutralize+1","Flash of Steel+1","Adrenaline+1","Leg Sweep+1","Dagger Spray+1","Acrobatics+1","Finesse+1"],"max_hp_per_floor":[70,70,70,70,70,70,70,70,70,70,70,70,70,70,70,70,70,70,70,70,70,70,84,84,84,84,84,84,84,84,84,84,84,84,84,84,84,84,84,84,84,84,84,84,84,84,84,84,84,84],"relics":["Ring of the Snake","War Paint","Torii","Astrolabe","Mango","Thread and Needle","Cursed Key","Tingsha","Prayer Wheel"],"card_choices":[{"not_picked":["Envenom","Night Terror"],"picked":"Adrenaline"},{"not_picked":["Reflex","Masterful Stab"],"picked":"Acrobatics"}],"player_experience":612852,"potions_floor_usage":[48,48,50],"damage_taken":[{"damage":0.0,"enemies":"2 Louse","floor":1.0,"turns":3.0},{"damage":0.0,"enemies":"Jaw Worm","floor":4.0,"turns":4.0},{"damage":0.0,"enemies":"Cultist","floor":7.0,"turns":3.0},{"damage":0.0,"enemies":"2 Fungi Beasts","floor":11.0,"turns":2.0},{"damage":0.0,"enemies":"Looter","floor":12.0,"turns":3.0},{"damage":0.0,"enemies":"Blue Slaver","floor":13.0,"turns":3.0},{"damage":1.0,"enemies":"Exordium Wildlife","floor":14.0,"turns":4.0},{"damage":12.0,"enemies":"The Guardian","floor":16.0,"turns":20.0},{"damage":1.0,"enemies":"Chosen","floor":18.0,"turns":5.0},{"damage":0.0,"enemies":"Spheric Guardian","floor":21.0,"turns":4.0},{"damage":2.0,"enemies":"Slavers","floor":23.0,"turns":7.0},{"damage":0.0,"enemies":"Cultist and Chosen","floor":28.0,"turns":7.0},{"damage":0.0,"enemies":"Snake Plant","floor":31.0,"turns":4.0},{"damage":54.0,"enemies":"Automaton","floor":33.0,"turns":19.0},{"damage":0.0,"enemies":"Orb Walker","floor":35.0,"turns":2.0},{"damage":0.0,"enemies":"Mysterious Sphere","floor":36.0,"turns":11.0},{"damage":0.0,"enemies":"3 Shapes","floor":42.0,"turns":3.0},{"damage":0.0,"enemies":"3 Darklings","floor":46.0,"turns":3.0},{"damage":0,"enemies":"Nemesis","floor":48,"turns":7},{"damage":3,"enemies":"Awakened One","floor":50,"turns":28}],"event_choices":[{"event_name":"World of Goop","player_choice":"Gather Gold","floor":2.0,"damage_taken":0.0},{"event_name":"Purifier","player_choice":"One Purge","floor":5.0,"damage_taken":0.0},{"event_name":"Shining Light","player_choice":"Entered Light","floor":10.0,"damage_taken":0.0},{"event_name":"Addict","player_choice":"Ignored","floor":19.0,"damage_taken":0.0},{"event_name":"Cursed Tome","player_choice":"Ignored","floor":25.0,"damage_taken":0.0},{"event_name":"Vampires","player_choice":"Ignored","floor":30.0,"damage_taken":0.0},{"event_name":"Mysterious Sphere","player_choice":"Fight","floor":36.0,"damage_taken":0.0},{"event_name":"Tomb of Lord Red Mask","player_choice":"Ignored","floor":37.0,"damage_taken":0.0},{"event_name":"Winding Halls","player_choice":"Writhe","floor":38.0,"damage_taken":0.0},{"event_name":"Transmorgrifier","player_choice":"Transform","floor":44.0,"damage_taken":0.0}],"boss_relics":[],"potions_floor_spawned":[11,13,14,18,23,28,36],"seed_played":"2984379247118071055","ascension_level":0,"is_trial":false}