{"path_per_floor":["M","?","?","$","M","R","E","?","T","R","M","R","$","M","R","B",null,"M","?","M"],"character_chosen":"THE_SILENT","items_purchased":["Flying Knee","Bag of Preparation"],"gold_per_floor":[119,294,244,120,134,134,160,160,160,160,172,172,26,39,39,137,137,155,55,73],"floor_reached":21,"campfire_rested":1,"playtime":1015,"current_hp_per_floor":[59,59,59,59,47,47,26,48,48,48,46,66,66,66,66,2,51,25,25,19],"items_purged":["Parasite"],"gold":73,"score":283,"play_id":"d43323ca-cc5b-4ab7-a77d-32e62f04e3ad","is_prod":false,"is_daily":false,"is_ascension_mode":true,"campfire_upgraded":3,"path_taken":["M","?","?","$","M","R","E","?","T","R","M","R","?","M","R","BOSS","M","?","M","M"],"build_version":"2018-02-08-PROD1","purchased_purges":1,"victory":false,"master_deck":["Defend_G","Defend_G","Defend_G","Defend_G","Defend_G","Strike_G","Strike_G","Strike_G","Strike_G","Strike_G","Survivor","Neutralize+1","Caltrops+1","Flying Knee","Quick Slash","Terror+1","Tools of the Trade","Dagger Spray","J.A.X.","Sucker Punch"],"max_hp_per_floor":[70,70,70,67,67,67,67,67,67,67,67,67,67,67,67,67,67,67,67,67],"relics":["Philosopher\u0027s Stone","Orichalcum","Dead Branch","Bag of Preparation","Cursed Key"],"card_choices":[{"not_picked":["Poisoned Stab","Underhanded Strike"],"picked":"Caltrops"},{"not_picked":["Bane","Accuracy"],"picked":"Quick Slash"},{"not_picked":["Underhanded Strike","Acrobatics"],"picked":"Terror"},{"not_picked":["Wraith Form","Unload"],"picked":"Tools of the Trade"},{"not_picked":["Heel Hook","Deadly Poison"],"picked":"Dagger Spray"},{"not_picked":["Finisher","Flying Knee"],"picked":"Sucker Punch"}],"player_experience":276185,"potions_floor_usage":[21],"damage_taken":[{"damage":4.0,"enemies":"2 Louse","floor":1.0,"turns":3.0},{"damage":12.0,"enemies":"Jaw Worm","floor":5.0,"turns":5.0},{"damage":21.0,"enemies":"3 Sentries","floor":7.0,"turns":8.0},{"damage":2.0,"enemies":"Small Slimes","floor":11.0,"turns":3.0},{"damage":0.0,"enemies":"Looter","floor":14.0,"turns":3.0},{"damage":64.0,"enemies":"Slime Boss","floor":16.0,"turns":10.0},{"damage":26.0,"enemies":"3 Byrds","floor":18.0,"turns":2.0},{"damage":6.0,"enemies":"Chosen","floor":20.0,"turns":4.0},{"damage":21,"enemies":"Snake Plant","floor":21,"turns":3}],"event_choices":[{"event_name":"Liars Game","player_choice":"agreed","floor":2.0,"damage_taken":0.0},{"event_name":"The Cleric","player_choice":"Card Removal","floor":3.0,"damage_taken":0.0},{"event_name":"Big Fish","player_choice":"Banana","floor":8.0,"damage_taken":0.0},{"event_name":"Drug Dealer","player_choice":"Got JAXXED","floor":19.0,"damage_taken":0.0}],"boss_relics":[],"potions_floor_spawned":[7,16],"seed_played":"-3111630709267780020","killed_by":"Snake Plant","ascension_level":12,"is_trial":false}