{"gold_per_floor":[117,129,129,147,165,165,200,219,219,99,99,132,132,142,142,243,243,254,0,0,18,18,18,47,58,131,150,167,167,167,178,178,178],"floor_reached":33,"playtime":1272,"items_purged":[],"score":293,"play_id":"d1c2767b-500f-4b15-8241-617ee6a5884a","local_time":"20190513075957","is_ascension_mode":true,"campfire_choices":[{"data":"Corruption","floor":6,"key":"SMITH"},{"floor":13,"key":"DIG"},{"floor":15,"key":"DIG"},{"floor":23,"key":"DIG"},{"floor":29,"key":"DIG"},{"floor":32,"key":"DIG"}],"neow_cost":"NONE","seed_source_timestamp":67886477302949,"circlet_count":0,"master_deck":["Strike_R","Strike_R","Strike_R","Strike_R","Defend_R","Defend_R","Defend_R","Defend_R","Bash","Disarm","Flame Barrier","Cleave","Corruption+1","Wild Strike","True Grit","Inflame+1","Pummel","Headbutt","Burning Pact","Dark Embrace+1","Body Slam","Armaments","Anger+1","Sword Boomerang","Shrug It Off","Double Tap","Shrug It Off"],"relics":["Burning Blood","Frozen Egg 2","Shovel","Mummified Hand","Magic Flower","Darkstone Periapt","Red Skull","Philosopher\u0027s Stone","Orichalcum","Blood Vial","Ornamental Fan","Mercury Hourglass","Kunai"],"potions_floor_usage":[],"damage_taken":[{"damage":2,"enemies":"Small Slimes","floor":1,"turns":5},{"damage":5,"enemies":"Cultist","floor":2,"turns":6},{"damage":8,"enemies":"Jaw Worm","floor":4,"turns":7},{"damage":1,"enemies":"2 Fungi Beasts","floor":5,"turns":4},{"damage":28,"enemies":"Gremlin Nob","floor":7,"turns":5},{"damage":12,"enemies":"Exordium Wildlife","floor":8,"turns":5},{"damage":17,"enemies":"3 Sentries","floor":12,"turns":5},{"damage":21,"enemies":"Large Slime","floor":14,"turns":5},{"damage":9,"enemies":"Hexaghost","floor":16,"turns":10},{"damage":19,"enemies":"Shell Parasite","floor":18,"turns":4},{"damage":14,"enemies":"Spheric Guardian","floor":21,"turns":4},{"damage":12,"enemies":"Book of Stabbing","floor":24,"turns":4},{"damage":16,"enemies":"Centurion and Healer","floor":25,"turns":4},{"damage":5,"enemies":"Cultist and Chosen","floor":27,"turns":5},{"damage":9,"enemies":"Snake Plant","floor":28,"turns":4},{"damage":1,"enemies":"Shelled Parasite and Fungi","floor":31,"turns":3},{"damage":81,"enemies":"Collector","floor":33,"turns":6}],"seed_played":"9124350493671322319","potions_obtained":[{"floor":1,"key":"Weak Potion"},{"floor":2,"key":"GamblersBrew"},{"floor":8,"key":"Swift Potion"}],"is_trial":false,"path_per_floor":["M","M","?","M","M","R","E","M","T","$","?","E","R","M","R","B",null,"M","?","$","M","?","R","E","M","T","M","M","R","?","M","R","B"],"character_chosen":"IRONCLAD","items_purchased":["Inflame+1","Pummel"],"campfire_rested":0,"item_purchase_floors":[10,10],"current_hp_per_floor":[88,88,88,86,88,88,66,60,60,60,57,46,46,34,34,34,88,78,78,78,73,56,56,53,49,49,56,59,59,59,70,70,0],"gold":178,"neow_bonus":"TEN_PERCENT_HP_BONUS","is_prod":false,"is_daily":false,"chose_seed":false,"campfire_upgraded":1,"win_rate":0,"timestamp":1557748797,"path_taken":["M","M","?","?","M","R","E","?","T","$","?","E","R","M","R","BOSS","M","?","$","M","?","R","E","M","T","M","M","R","?","M","R","BOSS"],"build_version":"2019-01-23","purchased_purges":0,"victory":false,"max_hp_per_floor":[88,88,88,88,88,88,88,88,88,88,88,88,88,88,88,88,88,88,88,88,88,93,93,93,93,93,93,93,93,93,93,93,93],"card_choices":[{"not_picked":["Second Wind","Perfected Strike"],"picked":"Disarm","floor":1},{"not_picked":["Dual Wield","Pommel Strike"],"picked":"Flame Barrier","floor":2},{"not_picked":["Combust","Clash"],"picked":"Cleave","floor":4},{"not_picked":["Body Slam","Armaments"],"picked":"Corruption","floor":5},{"not_picked":["Bloodletting","Bludgeon"],"picked":"Wild Strike","floor":7},{"not_picked":["Searing Blow","Spot Weakness"],"picked":"True Grit","floor":8},{"not_picked":["Intimidate","Iron Wave"],"picked":"Headbutt","floor":12},{"not_picked":["Anger","Seeing Red"],"picked":"Burning Pact","floor":14},{"not_picked":["Immolate","Berserk+1"],"picked":"Dark Embrace+1","floor":16},{"not_picked":["Burning Pact","Flex"],"picked":"Body Slam","floor":18},{"not_picked":["Uppercut+1","Warcry"],"picked":"Armaments","floor":21},{"not_picked":["Perfected Strike","Shrug It Off"],"picked":"Anger+1","floor":24},{"not_picked":["Iron Wave","Reaper"],"picked":"Sword Boomerang","floor":25},{"not_picked":["Anger","Wild Strike","Power Through+1"],"picked":"SKIP","floor":27},{"not_picked":["Evolve+1","Dropkick"],"picked":"Shrug It Off","floor":28},{"not_picked":["Armaments+1","Thunderclap"],"picked":"Shrug It Off","floor":31}],"player_experience":36447,"relics_obtained":[{"floor":7,"key":"Frozen Egg 2"},{"floor":9,"key":"Shovel"},{"floor":12,"key":"Magic Flower"},{"floor":13,"key":"Darkstone Periapt"},{"floor":15,"key":"Red Skull"},{"floor":23,"key":"Orichalcum"},{"floor":24,"key":"Blood Vial"},{"floor":26,"key":"Ornamental Fan"},{"floor":29,"key":"Mercury Hourglass"},{"floor":32,"key":"Kunai"}],"event_choices":[{"damage_healed":0,"gold_gain":0,"player_choice":"Full Heal","damage_taken":0,"max_hp_gain":0,"max_hp_loss":0,"event_name":"Wheel of Change","floor":3,"gold_loss":0},{"damage_healed":0,"gold_gain":0,"player_choice":"Success","damage_taken":3,"relics_obtained":["Mummified Hand"],"max_hp_gain":0,"max_hp_loss":0,"event_name":"Scrap Ooze","floor":11,"gold_loss":0},{"damage_healed":0,"gold_gain":0,"player_choice":"Paid Fearfully","damage_taken":0,"max_hp_gain":0,"max_hp_loss":0,"event_name":"Masked Bandits","floor":19,"gold_loss":254},{"damage_healed":0,"gold_gain":0,"player_choice":"Shed Blood","damage_taken":22,"max_hp_gain":5,"max_hp_loss":0,"event_name":"Forgotten Altar","floor":22,"gold_loss":0},{"damage_healed":0,"gold_gain":0,"cards_transformed":["Strike_R"],"player_choice":"Transformed","damage_taken":0,"max_hp_gain":0,"max_hp_loss":0,"event_name":"Transmorgrifier","floor":30,"gold_loss":0,"cards_obtained":["Double Tap"]}],"is_beta":false,"boss_relics":[{"not_picked":["White Beast Statue","Empty Cage"],"picked":"Philosopher\u0027s Stone"}],"items_purged_floors":[],"is_endless":false,"potions_floor_spawned":[1,2,4,8,14,21,24,27],"killed_by":"Collector","ascension_level":1}