{"path_per_floor":["M","M","$","M","M","R","E","?","T","$","?","$","R","M","R","B",null,"M","M","?","M","?","R","?","T","T","M","R","M","M","$","R"],"character_chosen":"THE_SILENT","items_purchased":["Flash of Steel"],"gold_per_floor":[116,126,51,71,83,83,111,111,134,40,40,40,40,56,56,160,160,173,187,187,205,130,130,130,160,160,170,170,181,193,93,93],"floor_reached":33,"campfire_rested":3,"playtime":3577,"current_hp_per_floor":[70,68,68,66,61,61,30,30,30,30,16,16,52,51,51,45,70,70,55,55,30,30,66,66,66,80,20,60,55,54,54,54],"items_purged":["Strike_G","Strike_G"],"gold":93,"score":247,"play_id":"a9744693-c7c6-4be0-89b5-8b5ee51e7412","is_prod":false,"is_daily":false,"is_ascension_mode":false,"campfire_upgraded":3,"path_taken":["M","M","?","M","M","R","E","?","T","$","?","$","R","M","R","BOSS","M","M","?","M","?","R","?","?","T","M","R","M","M","$","R","BOSS"],"build_version":"2018-02-22-PROD1","purchased_purges":2,"victory":false,"master_deck":["Defend_G","Defend_G","Defend_G+1","Strike_G","Strike_G","Strike_G","Survivor+1","Neutralize+1","Acrobatics+1","Heel Hook","Flash of Steel+1","Backflip"],"max_hp_per_floor":[70,70,70,70,70,70,70,70,70,70,70,70,70,70,70,70,70,70,70,70,70,70,70,70,70,84,84,84,84,84,84,84],"relics":["Ring of the Snake","Darkstone Periapt","Regal Pillow","Lizard Tail","Tiny Chest","Mango"],"card_choices":[{"not_picked":["Bane","PiercingWail"],"picked":"Acrobatics"},{"not_picked":["Cloak And Dagger","Dagger Spray"],"picked":"Heel Hook"},{"not_picked":["Slice","Dagger Throw"],"picked":"Backflip"}],"player_experience":455676,"potions_floor_usage":[33,33],"damage_taken":[{"damage":0.0,"enemies":"Cultist","floor":1.0,"turns":3.0},{"damage":2.0,"enemies":"Small Slimes","floor":2.0,"turns":3.0},{"damage":2.0,"enemies":"Jaw Worm","floor":4.0,"turns":5.0},{"damage":5.0,"enemies":"2 Fungi Beasts","floor":5.0,"turns":5.0},{"damage":31.0,"enemies":"Lagavulin","floor":7.0,"turns":9.0},{"damage":1.0,"enemies":"Blue Slaver","floor":14.0,"turns":3.0},{"damage":6.0,"enemies":"The Guardian","floor":16.0,"turns":18.0},{"damage":0.0,"enemies":"3 Byrds","floor":18.0,"turns":9.0},{"damage":15.0,"enemies":"Shell Parasite","floor":19.0,"turns":9.0},{"damage":25.0,"enemies":"Snake Plant","floor":21.0,"turns":8.0},{"damage":60.0,"enemies":"Chosen and Byrds","floor":27.0,"turns":13.0},{"damage":5.0,"enemies":"Centurion and Healer","floor":29.0,"turns":16.0},{"damage":1.0,"enemies":"Snake Plant","floor":30.0,"turns":9.0},{"damage":75,"enemies":"Collector","floor":33,"turns":20}],"event_choices":[{"event_name":"Liars Game","player_choice":"disagreed","floor":8.0,"damage_taken":0.0},{"event_name":"Shining Light","player_choice":"Entered Light","floor":11.0,"damage_taken":0.0},{"event_name":"Vampires","player_choice":"Ignored","floor":20.0,"damage_taken":0.0},{"event_name":"Beggar","player_choice":"Gave Gold","floor":22.0,"damage_taken":0.0},{"event_name":"Addict","player_choice":"Ignored","floor":24.0,"damage_taken":0.0}],"boss_relics":[],"potions_floor_spawned":[2,5,7,14,18,19,21,29],"seed_played":"941246560511463610","killed_by":"Collector","ascension_level":0,"is_trial":false}