{"path_per_floor":["M","M","M","M","M","R","E","R","T","R","M","M","R","?","R","B",null,"M","M","$","?","?","R","M","R","T","M","R","?","M","M","R","B",null,"M","M","M","?","$","R","M","R","T","$","T","M","M","M","R","B"],"character_chosen":"THE_SILENT","items_purchased":["Footwork","Leg Sweep","Cloak And Dagger","Cloak And Dagger"],"gold_per_floor":[117,135,153,171,189,189,215,215,290,290,303,323,323,323,323,424,424,424,424,143,143,143,143,143,143,143,143,143,58,58,58,58,58,58,58,58,58,58,8,8,8,8,8,8,8,8,8,8,8,8],"floor_reached":51,"campfire_rested":0,"playtime":3534,"current_hp_per_floor":[70,69,69,67,67,67,57,57,57,57,55,45,45,45,45,45,70,70,67,67,51,51,51,51,51,51,51,51,51,50,49,49,61,70,66,66,61,52,52,52,52,52,52,52,52,48,48,48,48,40],"items_purged":["Strike_G"],"gold":8,"score":705,"play_id":"3ef59a58-1ee6-4cbb-90b9-fca25057d438","local_time":"20180331090051","is_prod":false,"is_daily":false,"is_ascension_mode":false,"campfire_upgraded":12,"timestamp":1522508451,"path_taken":["M","M","M","M","M","R","E","R","T","R","M","M","R","?","R","BOSS","M","M","$","?","?","R","M","R","T","M","R","?","M","?","R","BOSS","M","M","M","?","$","R","M","R","T","?","?","?","M","M","R","BOSS"],"build_version":"2018-03-22","purchased_purges":1,"victory":true,"master_deck":["Defend_G+1","Defend_G+1","Defend_G+1","Defend_G+1","Defend_G+1","Strike_G+1","Strike_G+1","Survivor","Neutralize+1","Backflip","Dagger Spray+1","Malaise+1","Caltrops+1","Noxious Fumes+1","Escape Plan","Dagger Spray","Glass Knife+1","Dagger Spray+1","Doppelganger+1","Flying Knee","PiercingWail","Footwork+1","Leg Sweep","Cloak And Dagger","Tools of the Trade","Dodge and Roll+1","Tools of the Trade","Dodge and Roll+1","PiercingWail","Backflip+1","Madness+1","Madness+1","Cloak And Dagger","Footwork+1","Terror+1"],"max_hp_per_floor":[70,70,70,70,70,70,70,70,70,70,70,70,70,70,70,70,70,70,70,70,70,70,70,70,70,70,70,70,70,70,70,70,70,70,70,70,70,70,70,70,70,70,70,70,70,70,70,70,70,70],"relics":["Ring of the Snake","Ninja Scroll","Meat on the Bone","Ectoplasm","Enchiridion","Sundial","Old Coin","Question Card","Tiny Chest","Toxic Egg 2"],"card_choices":[{"not_picked":["Underhanded Strike","Bouncing Flask"],"picked":"Backflip","floor":1},{"not_picked":["Acrobatics","Prepared"],"picked":"Dagger Spray","floor":2},{"not_picked":["Slice","All Out Attack"],"picked":"Malaise","floor":3},{"not_picked":["Riddle With Holes","Deflect"],"picked":"Caltrops","floor":4},{"not_picked":["Leg Sweep","Deadly Poison"],"picked":"Noxious Fumes","floor":5},{"not_picked":["Skewer","Endless Agony"],"picked":"Escape Plan","floor":7},{"not_picked":["Flying Knee","Skewer"],"picked":"Dagger Spray","floor":11},{"not_picked":["Deflect","Outmaneuver"],"picked":"Glass Knife","floor":12},{"not_picked":["Corpse Explosion","Unload"],"picked":"Doppelganger","floor":16},{"not_picked":["Heel Hook","Dagger Throw"],"picked":"Flying Knee","floor":18},{"not_picked":["Dodge and Roll","Flying Knee"],"picked":"PiercingWail","floor":19},{"not_picked":["Flying Knee","Deadly Poison"],"picked":"Tools of the Trade","floor":27},{"not_picked":["Outmaneuver","Sucker Punch"],"picked":"Dodge and Roll","floor":31},{"not_picked":["Storm of Steel","Venomology"],"picked":"Tools of the Trade","floor":33},{"not_picked":["Accuracy","Quick Slash","Bane"],"picked":"Dodge and Roll","floor":35},{"not_picked":["Eviscerate","Underhanded Strike","Slice"],"picked":"PiercingWail","floor":36},{"not_picked":["Slice","Escape Plan","Flying Knee"],"picked":"Backflip","floor":37},{"not_picked":["Flying Knee","Deflect","Cloak And Dagger"],"picked":"Footwork","floor":46},{"not_picked":["Escape Plan","Prepared","Infinite Blades"],"picked":"Terror","floor":47}],"player_experience":929797,"potions_floor_usage":[7,19,33,33,36,50,50,50],"damage_taken":[{"damage":0,"enemies":"Jaw Worm","floor":1,"turns":5},{"damage":1,"enemies":"Cultist","floor":2,"turns":5},{"damage":0,"enemies":"2 Louse","floor":3,"turns":3},{"damage":2,"enemies":"2 Fungi Beasts","floor":4,"turns":3},{"damage":0,"enemies":"Blue Slaver","floor":5,"turns":4},{"damage":10,"enemies":"3 Sentries","floor":7,"turns":6},{"damage":2,"enemies":"3 Louse","floor":11,"turns":3},{"damage":10,"enemies":"Exordium Wildlife","floor":12,"turns":4},{"damage":0,"enemies":"The Guardian","floor":16,"turns":9},{"damage":0,"enemies":"3 Byrds","floor":18,"turns":2},{"damage":3,"enemies":"Chosen","floor":19,"turns":3},{"damage":0,"enemies":"Snake Plant","floor":24,"turns":6},{"damage":0,"enemies":"Sentry and Sphere","floor":27,"turns":5},{"damage":1,"enemies":"3 Cultists","floor":30,"turns":4},{"damage":1,"enemies":"Cultist and Chosen","floor":31,"turns":7},{"damage":3,"enemies":"Champ","floor":33,"turns":12},{"damage":4,"enemies":"3 Darklings","floor":35,"turns":4},{"damage":0,"enemies":"Orb Walker","floor":36,"turns":4},{"damage":5,"enemies":"4 Shapes","floor":37,"turns":4},{"damage":0,"enemies":"3 Darklings","floor":41,"turns":6},{"damage":4,"enemies":"Maw","floor":46,"turns":9},{"damage":0,"enemies":"4 Shapes","floor":47,"turns":7},{"damage":0,"enemies":"3 Darklings","floor":48,"turns":6},{"damage":20,"enemies":"Donu and Deca","floor":50,"turns":13}],"event_choices":[{"event_name":"Transmorgrifier","player_choice":"Transform","floor":14,"damage_taken":0},{"event_name":"Cursed Tome","player_choice":"Obtained Book","floor":21,"damage_taken":0},{"event_name":"Back to Basics","player_choice":"Simplicity","floor":22,"damage_taken":0},{"event_name":"Addict","player_choice":"Obtained Relic","floor":29,"damage_taken":0},{"event_name":"Winding Halls","player_choice":"Embrace Madness","floor":38,"damage_taken":0}],"boss_relics":[{"not_picked":["Tiny House","The Specimen"],"picked":"Ectoplasm"},{"not_picked":["Velvet Choker","Snecko Eye"],"picked":"Question Card"}],"potions_floor_spawned":[2,4,7,16,19,24,30,31,35,41,46,47,48],"seed_played":"2815871585134773661","ascension_level":0,"is_trial":false}