{"gold_per_floor":[110,127,127,144,164,164,195,215,240,255,255,255,271,288,288,366,366,379,379,366,106,106,106,106],"floor_reached":24,"playtime":1475,"items_purged":[],"score":340,"play_id":"03a648a7-1b60-4341-9018-7e5aeb016e25","local_time":"20190514105259","is_ascension_mode":true,"campfire_choices":[{"data":"Footwork","floor":6,"key":"SMITH"},{"floor":12,"key":"REST"},{"floor":15,"key":"REST"},{"floor":23,"key":"REST"}],"neow_cost":"NONE","seed_source_timestamp":1491581211623135,"circlet_count":0,"master_deck":["AscendersBane","Defend_G","Defend_G","Defend_G","Defend_G","Defend_G","Strike_G","Strike_G","Strike_G","Strike_G","Strike_G","Survivor","Neutralize+1","Backflip","Cloak And Dagger","Footwork+1","PiercingWail","Crippling Poison","Well Laid Plans","Noxious Fumes","After Image"],"relics":["Ring of the Snake","Question Card","Bag of Marbles","Sozu","Kunai"],"potions_floor_usage":[7,7],"damage_taken":[{"damage":0,"enemies":"2 Louse","floor":1,"turns":5},{"damage":0,"enemies":"Cultist","floor":2,"turns":4},{"damage":2,"enemies":"Jaw Worm","floor":4,"turns":7},{"damage":4,"enemies":"Large Slime","floor":5,"turns":8},{"damage":40,"enemies":"Gremlin Nob","floor":7,"turns":6},{"damage":0,"enemies":"Exordium Wildlife","floor":8,"turns":8},{"damage":4,"enemies":"2 Fungi Beasts","floor":10,"turns":5},{"damage":12,"enemies":"Looter","floor":13,"turns":4},{"damage":2,"enemies":"Large Slime","floor":14,"turns":13},{"damage":19,"enemies":"The Guardian","floor":16,"turns":15},{"damage":17,"enemies":"Chosen","floor":18,"turns":10},{"damage":16,"enemies":"2 Thieves","floor":20,"turns":4},{"damage":19,"enemies":"Colosseum Slavers","floor":22,"turns":6},{"damage":32,"enemies":"Cultist and Chosen","floor":24,"turns":4}],"seed_played":"1189152244357279031","potions_obtained":[{"floor":1,"key":"Fire Potion"},{"floor":2,"key":"EssenceOfSteel"},{"floor":5,"key":"Regen Potion"},{"floor":8,"key":"Poison Potion"},{"floor":10,"key":"FairyPotion"}],"is_trial":false,"path_per_floor":["M","M","?","M","M","R","E","M","T","M","?","R","M","M","R","B",null,"M","?","M","$","?","R","M"],"character_chosen":"THE_SILENT","items_purchased":["Kunai"],"campfire_rested":3,"item_purchase_floors":[21],"current_hp_per_floor":[59,59,59,57,53,53,28,28,28,24,24,43,31,29,48,29,57,40,40,24,24,5,24,0],"gold":106,"neow_bonus":"UPGRADE_CARD","is_prod":false,"is_daily":false,"chose_seed":false,"campfire_upgraded":1,"win_rate":0,"timestamp":1557802379,"path_taken":["M","M","?","M","M","R","E","?","T","M","?","R","M","M","R","BOSS","M","?","M","$","?","R","M"],"build_version":"2019-01-23","purchased_purges":0,"victory":false,"max_hp_per_floor":[66,66,66,66,66,66,66,66,66,66,66,66,66,66,66,66,66,66,66,66,66,66,66,66],"card_choices":[{"not_picked":["Blur","Eviscerate"],"picked":"Backflip","floor":1},{"not_picked":["Deflect","Sucker Punch","Heel Hook"],"picked":"SKIP","floor":2},{"not_picked":["Eviscerate","Bane"],"picked":"Cloak And Dagger","floor":4},{"not_picked":["Backstab","Predator"],"picked":"Footwork","floor":5},{"not_picked":["Night Terror","Dodge and Roll"],"picked":"PiercingWail","floor":7},{"not_picked":["PiercingWail","Acrobatics","Bane"],"picked":"Crippling Poison","floor":8},{"not_picked":["Concentrate","Riddle With Holes","Slice"],"picked":"Well Laid Plans","floor":10},{"not_picked":["Flying Knee","Distraction","Outmaneuver","Accuracy"],"picked":"SKIP","floor":13},{"not_picked":["Bullet Time","All Out Attack","Slice"],"picked":"Noxious Fumes","floor":14},{"not_picked":["Bullet Time","Glass Knife","Tools of the Trade"],"picked":"After Image","floor":16},{"not_picked":["Slice","Underhanded Strike+1","Quick Slash","Bane"],"picked":"SKIP","floor":18},{"not_picked":["Concentrate","Well Laid Plans","Masterful Stab","Terror"],"picked":"SKIP","floor":20}],"player_experience":526712,"relics_obtained":[{"floor":7,"key":"Question Card"},{"floor":9,"key":"Bag of Marbles"}],"event_choices":[{"damage_healed":0,"gold_gain":0,"player_choice":"Bought 0 Potions","damage_taken":0,"max_hp_gain":0,"max_hp_loss":0,"event_name":"The Woman in Blue","floor":3,"gold_loss":0},{"damage_healed":0,"gold_gain":0,"player_choice":"Ignored","damage_taken":0,"max_hp_gain":0,"max_hp_loss":0,"event_name":"Liars Game","floor":11,"gold_loss":0},{"damage_healed":0,"gold_gain":0,"player_choice":"Ignored","damage_taken":0,"max_hp_gain":0,"max_hp_loss":0,"event_name":"Ghosts","floor":19,"gold_loss":0},{"damage_healed":0,"gold_gain":0,"player_choice":"Fight","damage_taken":0,"max_hp_gain":0,"max_hp_loss":0,"event_name":"Colosseum","floor":22,"gold_loss":0},{"damage_healed":0,"gold_gain":0,"player_choice":"Fled From Nobs","damage_taken":0,"max_hp_gain":0,"max_hp_loss":0,"event_name":"Colosseum","floor":22,"gold_loss":0}],"is_beta":false,"boss_relics":[{"not_picked":["Astrolabe","Eternal Feather"],"picked":"Sozu"}],"items_purged_floors":[],"is_endless":false,"potions_floor_spawned":[1,2,5,8,10,20],"killed_by":"Cultist and Chosen","ascension_level":14}