{"gold_per_floor":[144,189,150,195,240,240,285,375,375,441,441,490,490,89,89,414,414,463,463,512,290,384,482,482,580,580,629,678,727,727],"floor_reached":30,"playtime":1112,"items_purged":[],"score":447,"play_id":"56a04331-ce3a-4a53-9e36-c2b90613cc2d","local_time":"20190512213818","daily_mods":["SealedDeck","Hoarder","Midas"],"is_ascension_mode":false,"campfire_choices":[{"floor":6,"key":"REST"},{"floor":13,"key":"REST"},{"floor":15,"key":"REST"},{"floor":24,"key":"REST"}],"neow_cost":"","seed_source_timestamp":30472813739659,"circlet_count":0,"master_deck":["Static Discharge","Static Discharge","Static Discharge","Force Field","Force Field","Force Field","Hello World","Hello World","Hello World","Ball Lightning","Ball Lightning","Ball Lightning","Ball Lightning","Ball Lightning","Ball Lightning","Steam","Steam","Steam","Cold Snap","Cold Snap","Cold Snap","FTL","FTL","FTL","Turbo","Turbo","Turbo","Darkness","Darkness","Darkness","Force Field","Force Field","Force Field","Capacitor","Capacitor","Capacitor","Glacier","Glacier","Glacier","FTL","FTL","FTL","Aggregate","Aggregate","Aggregate","Electrodynamics","Electrodynamics","Electrodynamics","Echo Form","Echo Form","Echo Form","Defragment","Defragment","Defragment","Defragment","Defragment","Defragment","Barrage+1","Barrage+1","Barrage+1","Leap","Leap","Leap","Steam Power","Steam Power","Steam Power","Lockon+1","Lockon+1","Lockon+1"],"special_seed":18029,"relics":["Cracked Core","Pear","Kunai","Odd Mushroom","Golden Idol","Matryoshka","Runic Dome","Strawberry","Red Mask","Gambling Chip","Dream Catcher","The Courier","Frozen Egg 2"],"potions_floor_usage":[],"damage_taken":[{"damage":6,"enemies":"2 Louse","floor":1,"turns":3},{"damage":0,"enemies":"Small Slimes","floor":2,"turns":2},{"damage":3,"enemies":"Jaw Worm","floor":4,"turns":2},{"damage":0,"enemies":"Exordium Wildlife","floor":5,"turns":2},{"damage":11,"enemies":"Red Slaver","floor":7,"turns":2},{"damage":15,"enemies":"3 Sentries","floor":8,"turns":6},{"damage":10,"enemies":"The Mushroom Lair","floor":10,"turns":5},{"damage":5,"enemies":"Large Slime","floor":12,"turns":5},{"damage":30,"enemies":"The Guardian","floor":16,"turns":8},{"damage":10,"enemies":"Spheric Guardian","floor":18,"turns":4},{"damage":8,"enemies":"2 Thieves","floor":20,"turns":5},{"damage":20,"enemies":"Masked Bandits","floor":22,"turns":2},{"damage":24,"enemies":"Gremlin Leader","floor":23,"turns":4},{"damage":15,"enemies":"Book of Stabbing","floor":25,"turns":4},{"damage":1,"enemies":"Centurion and Healer","floor":27,"turns":6},{"damage":0,"enemies":"Cultist and Chosen","floor":28,"turns":5},{"damage":21,"enemies":"Snake Plant","floor":29,"turns":3},{"damage":17,"enemies":"Gremlin Leader","floor":30,"turns":2}],"seed_played":"7421306700894987377","potions_obtained":[{"floor":4,"key":"FearPotion"},{"floor":5,"key":"SkillPotion"},{"floor":7,"key":"Fire Potion"}],"is_trial":false,"path_per_floor":["M","M","$","M","M","R","M","E","T","?","?","M","R","$","R","B",null,"M","?","M","$","?","E","R","E","T","M","M","M","E"],"character_chosen":"DEFECT","items_purchased":["Force Field","Matryoshka","Electrodynamics","Defragment","Strawberry"],"campfire_rested":4,"item_purchase_floors":[3,14,14,21,21],"current_hp_per_floor":[69,69,69,66,66,75,64,59,59,49,49,44,67,67,79,49,79,69,69,61,68,48,24,49,34,34,33,33,12,0],"gold":727,"neow_bonus":"","is_prod":false,"is_daily":true,"chose_seed":false,"campfire_upgraded":0,"win_rate":0.0,"timestamp":1557711498,"path_taken":["M","M","$","M","M","R","M","E","T","?","?","M","R","$","R","BOSS","M","?","M","$","?","E","R","E","T","M","M","M","E"],"build_version":"2019-01-23","purchased_purges":0,"victory":false,"max_hp_per_floor":[75,75,75,75,75,75,75,85,85,85,79,79,79,79,79,79,79,79,79,79,86,86,86,86,86,86,86,86,86,86],"card_choices":[{"not_picked":["Cold Snap","Steam","Sweeping Beam"],"picked":"SKIP","floor":1},{"not_picked":["Cold Snap","Steam","Sweeping Beam"],"picked":"SKIP","floor":1},{"not_picked":["Compile Driver","Hello World","Static Discharge"],"picked":"SKIP","floor":2},{"not_picked":["White Noise","Coolheaded","Compile Driver"],"picked":"SKIP","floor":4},{"not_picked":["Turbo","Auto Shields","BootSequence"],"picked":"SKIP","floor":5},{"not_picked":["Conserve Battery","Compile Driver"],"picked":"Capacitor","floor":7},{"not_picked":["Leap","Steam"],"picked":"Glacier","floor":8},{"not_picked":["Chill","Rebound"],"picked":"FTL","floor":10},{"not_picked":["Scrape","Streamline"],"picked":"Aggregate","floor":12},{"not_picked":["Core Surge","Creative AI"],"picked":"Echo Form","floor":16},{"not_picked":["Conserve Battery","Hello World"],"picked":"Defragment","floor":18},{"not_picked":["Hologram","Aggregate+1","Beam Cell"],"picked":"SKIP","floor":20},{"not_picked":["Go for the Eyes","Coolheaded"],"picked":"Barrage+1","floor":22},{"not_picked":["Go for the Eyes","Hologram"],"picked":"Leap","floor":23},{"not_picked":["Beam Cell","Coolheaded"],"picked":"Steam Power","floor":25},{"not_picked":["Hologram","Stack","Reinforced Body"],"picked":"SKIP","floor":27},{"not_picked":["Stack","Cold Snap"],"picked":"Lockon+1","floor":28},{"not_picked":["Capacitor+1","Rebound+1","Thunder Strike"],"picked":"SKIP","floor":29}],"player_experience":263,"relics_obtained":[{"floor":8,"key":"Pear"},{"floor":9,"key":"Kunai"},{"floor":10,"key":"Odd Mushroom"},{"floor":22,"key":"Red Mask"},{"floor":23,"key":"Gambling Chip"},{"floor":25,"key":"Dream Catcher"},{"floor":26,"key":"The Courier"},{"floor":26,"key":"Frozen Egg 2"}],"event_choices":[{"damage_healed":0,"gold_gain":0,"player_choice":"Fought Mushrooms","damage_taken":0,"max_hp_gain":0,"max_hp_loss":0,"event_name":"Mushrooms","floor":10,"gold_loss":0},{"damage_healed":0,"gold_gain":0,"player_choice":"Lose Max HP","damage_taken":0,"relics_obtained":["Golden Idol"],"max_hp_gain":0,"max_hp_loss":6,"event_name":"Golden Idol","floor":11,"gold_loss":0},{"damage_healed":0,"gold_gain":0,"player_choice":"Simplicity","damage_taken":0,"max_hp_gain":0,"max_hp_loss":0,"event_name":"Back to Basics","floor":19,"gold_loss":0,"cards_upgraded":[]},{"damage_healed":0,"gold_gain":0,"player_choice":"Fought Bandits","damage_taken":0,"max_hp_gain":0,"max_hp_loss":0,"event_name":"Masked Bandits","floor":22,"gold_loss":0}],"is_beta":false,"boss_relics":[{"not_picked":["Coffee Dripper","Velvet Choker"],"picked":"Runic Dome"}],"items_purged_floors":[],"is_endless":false,"potions_floor_spawned":[4,5,7,10,20,23,28,29],"killed_by":"Gremlin Leader","ascension_level":0}