{"gold_per_floor":[112,124,124,139,139,166,90,108,133,145,159,174,188,213,213,315,315,327,327,327,327,347,379,379,405,473,473,473,9,9,28,28,28],"floor_reached":33,"playtime":2716,"items_purged":[],"score":322,"play_id":"b96a4ac2-bec6-4b97-853b-c7987d62a44e","local_time":"20181125194331","is_ascension_mode":false,"campfire_choices":[{"data":"Armaments","floor":15,"key":"SMITH"},{"data":"RitualDagger","floor":24,"key":"SMITH"},{"data":"Metallicize","floor":27,"key":"SMITH"},{"data":"Ghostly","floor":30,"key":"SMITH"},{"data":"Inflame","floor":32,"key":"SMITH"}],"neow_cost":"NONE","seed_source_timestamp":35968499849390,"circlet_count":0,"master_deck":["Strike_R","Strike_R","Strike_R+1","Strike_R","Strike_R","Defend_R","Defend_R","Defend_R","Defend_R","Bash+1","Flex","Clash","Anger","Cleave","Metallicize+1","Rampage","Shrug It Off","Armaments+1","Inflame+1","Warcry","Clothesline","Feed","Burning Pact","RitualDagger+1","Ghostly+1","Ghostly","Ghostly","Ghostly","Ghostly","Twin Strike+1","Metallicize+1","Twin Strike+1","Reaper+1","Pommel Strike+1"],"relics":["Burning Blood","NeowsBlessing","Orichalcum","Juzu Bracelet","Dream Catcher","Meat on the Bone","Mark of Pain","Red Skull","Mercury Hourglass","Bottled Tornado","Matryoshka","Whetstone","Pen Nib"],"potions_floor_usage":[33,33],"damage_taken":[{"damage":0,"enemies":"2 Louse","floor":1,"turns":1},{"damage":0,"enemies":"Cultist","floor":2,"turns":1},{"damage":0,"enemies":"Small Slimes","floor":4,"turns":1},{"damage":13,"enemies":"Gremlin Nob","floor":6,"turns":4},{"damage":2,"enemies":"Blue Slaver","floor":8,"turns":2},{"damage":5,"enemies":"Looter","floor":10,"turns":2},{"damage":7,"enemies":"Large Slime","floor":11,"turns":2},{"damage":0,"enemies":"Lots of Slimes","floor":12,"turns":4},{"damage":8,"enemies":"Exordium Wildlife","floor":13,"turns":4},{"damage":20,"enemies":"Lagavulin","floor":14,"turns":6},{"damage":33,"enemies":"Hexaghost","floor":16,"turns":10},{"damage":4,"enemies":"Shell Parasite","floor":18,"turns":4},{"damage":11,"enemies":"Spheric Guardian","floor":22,"turns":7},{"damage":31,"enemies":"Slavers","floor":23,"turns":8},{"damage":7,"enemies":"Book of Stabbing","floor":25,"turns":7},{"damage":6,"enemies":"Centurion and Healer","floor":31,"turns":6},{"damage":46,"enemies":"Collector","floor":33,"turns":6}],"seed_played":"1785465081763775510","potions_obtained":[{"floor":1,"key":"SteroidPotion"},{"floor":4,"key":"SpeedPotion"},{"floor":10,"key":"EntropicBrew"},{"floor":11,"key":"LiquidBronze"},{"floor":14,"key":"Swift Potion"},{"floor":18,"key":"PowerPotion"}],"is_trial":false,"path_per_floor":["M","M","?","M","?","E","$","M","T","M","M","M","M","E","R","B",null,"M","?","?","?","M","E","R","E","T","R","T","$","R","M","R","B"],"character_chosen":"IRONCLAD","items_purchased":["Metallicize","Reaper","Whetstone","Pen Nib"],"campfire_rested":0,"item_purchase_floors":[7,29,29,29],"current_hp_per_floor":[80,80,80,80,80,73,73,77,77,78,77,80,78,64,64,49,80,80,80,74,40,35,22,22,33,33,33,33,33,33,40,40,0],"gold":28,"neow_bonus":"THREE_ENEMY_KILL","is_prod":false,"is_daily":false,"chose_seed":false,"campfire_upgraded":5,"win_rate":0.0,"timestamp":1543196611,"path_taken":["M","M","?","?","?","E","$","M","T","M","M","M","M","E","R","BOSS","M","?","?","?","M","E","R","E","T","R","?","$","R","M","R","BOSS"],"build_version":"2018-11-15","purchased_purges":0,"victory":false,"max_hp_per_floor":[80,80,80,80,80,80,80,80,80,80,80,80,80,80,80,80,80,80,80,80,40,40,40,40,40,40,40,40,40,40,40,40,40],"card_choices":[{"not_picked":["Shockwave","Battle Trance"],"picked":"Flex","floor":1},{"not_picked":["Entrench","Anger"],"picked":"Clash","floor":2},{"not_picked":["Entrench","Dropkick"],"picked":"Anger","floor":4},{"not_picked":["Dropkick","Headbutt"],"picked":"Cleave","floor":6},{"not_picked":["Second Wind","Double Tap"],"picked":"Rampage","floor":8},{"not_picked":["Sever Soul","True Grit"],"picked":"Shrug It Off","floor":10},{"not_picked":["Warcry","Iron Wave"],"picked":"Armaments","floor":11},{"not_picked":["Perfected Strike","Shrug It Off"],"picked":"Inflame","floor":12},{"not_picked":["Shrug It Off","Armaments"],"picked":"Warcry","floor":13},{"not_picked":["Bludgeon","True Grit"],"picked":"Clothesline","floor":14},{"not_picked":["Dark Embrace","Reaper"],"picked":"Feed","floor":16},{"not_picked":["Headbutt","Combust"],"picked":"Burning Pact","floor":18},{"not_picked":["Bloodletting","Combust"],"picked":"Twin Strike+1","floor":22},{"not_picked":["Clash+1","Reckless Charge+1"],"picked":"Metallicize+1","floor":23},{"not_picked":["Bloodletting","Anger"],"picked":"Twin Strike+1","floor":25},{"not_picked":["Warcry","Headbutt+1"],"picked":"Pommel Strike+1","floor":31}],"player_experience":20723,"relics_obtained":[{"floor":6,"key":"Juzu Bracelet"},{"floor":9,"key":"Dream Catcher"},{"floor":14,"key":"Meat on the Bone"},{"floor":23,"key":"Red Skull"},{"floor":25,"key":"Mercury Hourglass"},{"floor":26,"key":"Bottled Tornado"},{"floor":28,"key":"Matryoshka"}],"event_choices":[{"damage_healed":0,"gold_gain":0,"player_choice":"Gave Potion","damage_taken":0,"relics_obtained":["Orichalcum"],"max_hp_gain":0,"max_hp_loss":0,"event_name":"WeMeetAgain","floor":3,"gold_loss":0},{"damage_healed":0,"gold_gain":0,"player_choice":"Grow","damage_taken":0,"max_hp_gain":0,"max_hp_loss":0,"event_name":"Living Wall","floor":5,"gold_loss":0,"cards_upgraded":["Bash"]},{"damage_healed":0,"gold_gain":0,"player_choice":"Ignored","damage_taken":0,"max_hp_gain":0,"max_hp_loss":0,"event_name":"Vampires","floor":19,"gold_loss":0},{"damage_healed":0,"gold_gain":0,"player_choice":"Joined the Cult","damage_taken":6,"max_hp_gain":0,"max_hp_loss":0,"event_name":"Nest","floor":20,"gold_loss":0,"cards_obtained":["RitualDagger"]},{"damage_healed":0,"gold_gain":0,"player_choice":"Became a Ghost","damage_taken":0,"max_hp_gain":0,"max_hp_loss":40,"event_name":"Ghosts","floor":21,"gold_loss":0,"cards_obtained":["Ghostly","Ghostly","Ghostly","Ghostly","Ghostly"]}],"is_beta":false,"boss_relics":[{"not_picked":["Velvet Choker","White Beast Statue"],"picked":"Mark of Pain"}],"items_purged_floors":[],"is_endless":false,"potions_floor_spawned":[1,4,10,11,13,14,18],"killed_by":"Collector","ascension_level":0}