{"path_per_floor":["M","M","?","$","M","R","M","R","T","R","$","?","E","$","R","B",null,"M","M","?","$","?","R","?","M","T","M"],"character_chosen":"THE_SILENT","items_purchased":[],"gold_per_floor":[112,131,131,56,69,69,85,85,112,112,112,112,139,39,39,136,136,149,166,166,41,41,41,41,55,85,104],"floor_reached":28,"campfire_rested":0,"playtime":1463,"current_hp_per_floor":[61,57,57,57,55,55,47,47,47,47,47,44,48,48,48,38,63,46,42,42,42,42,42,42,36,36,18],"items_purged":["Defend_G","Strike_G","Defend_G"],"gold":104,"score":216,"play_id":"8d7e6b75-2901-4f3b-9c68-d4018694aed6","is_prod":false,"is_daily":false,"is_ascension_mode":false,"campfire_upgraded":1,"path_taken":["M","M","?","$","M","R","M","R","T","R","$","?","E","$","R","BOSS","M","M","?","$","?","R","?","M","T","M","M"],"build_version":"2018-02-22-PROD1","purchased_purges":3,"victory":false,"master_deck":["Defend_G","Defend_G","Defend_G","Strike_G+1","Strike_G+1","Strike_G","Strike_G","Survivor","Neutralize+1","Acrobatics","Adrenaline"],"max_hp_per_floor":[63,63,63,63,63,63,63,63,63,63,63,63,63,63,63,63,63,63,63,63,63,63,63,63,63,63,63],"relics":["Ring of the Snake","Shovel","Darkstone Periapt","Whetstone","Bronze Scales","Bottled Flame","Meat on the Bone","Happy Flower","Black Star","Ornamental Fan","Tiny Chest"],"card_choices":[{"not_picked":["Footwork","Infinite Blades"],"picked":"Acrobatics"}],"player_experience":464894,"potions_floor_usage":[13,13,16,25,27,28],"damage_taken":[{"damage":2,"enemies":"Jaw Worm","floor":1,"turns":4},{"damage":4,"enemies":"Cultist","floor":2,"turns":4},{"damage":2,"enemies":"Small Slimes","floor":5,"turns":4},{"damage":8,"enemies":"3 Louse","floor":7,"turns":5},{"damage":11,"enemies":"3 Sentries","floor":13,"turns":6},{"damage":22,"enemies":"Hexaghost","floor":16,"turns":12},{"damage":17,"enemies":"Shell Parasite","floor":18,"turns":8},{"damage":4,"enemies":"3 Byrds","floor":19,"turns":5},{"damage":6,"enemies":"Snake Plant","floor":25,"turns":4},{"damage":30,"enemies":"Cultist and Chosen","floor":27,"turns":10},{"damage":26,"enemies":"Chosen and Byrds","floor":28,"turns":6}],"event_choices":[{"event_name":"The Lab","player_choice":"Got Potions","floor":3,"damage_taken":0},{"event_name":"Scrap Ooze","player_choice":"success","floor":12,"damage_taken":3},{"event_name":"Vampires","player_choice":"Ignored","floor":20,"damage_taken":0},{"event_name":"Cursed Tome","player_choice":"Ignored","floor":22,"damage_taken":0},{"event_name":"The Library","player_choice":"Read","floor":24,"damage_taken":0}],"boss_relics":[{"not_picked":["Velvet Choker","The Specimen"],"picked":"Black Star"}],"potions_floor_spawned":[1,2,7,13,16,18,19,25],"seed_played":"-6751252545835656329","killed_by":"Chosen and Byrds","ascension_level":0,"is_trial":false}