{"gold_per_floor":[109,120,120,120,130,157,173,186,259,275,288,132,132,162,162,263,263,248,258,277,287,287,287,287],"floor_reached":24,"playtime":809,"items_purged":[],"score":202,"play_id":"3869af0c-68be-4085-9cc1-a6e4725233c4","local_time":"20190513021217","is_ascension_mode":false,"campfire_choices":[{"data":"Metallicize","floor":13,"key":"SMITH"},{"floor":15,"key":"REST"},{"floor":23,"key":"REST"}],"neow_cost":"NONE","seed_source_timestamp":47489629108612,"circlet_count":0,"master_deck":["Strike_R","Strike_R+1","Strike_R","Defend_R+1","Defend_R","Defend_R","Bash","Shrug It Off","Spot Weakness","Twin Strike","Metallicize+1","Limit Break","Clash+1","Rampage+1","Power Through+1","Heavy Blade","Battle Trance"],"relics":["Busted Crown","Bag of Marbles","Question Card","Pen Nib","Astrolabe"],"potions_floor_usage":[21],"damage_taken":[{"damage":3,"enemies":"2 Louse","floor":1,"turns":3},{"damage":0,"enemies":"Small Slimes","floor":2,"turns":3},{"damage":0,"enemies":"Cultist","floor":5,"turns":3},{"damage":13,"enemies":"3 Sentries","floor":6,"turns":9},{"damage":7,"enemies":"Exordium Thugs","floor":7,"turns":5},{"damage":8,"enemies":"Red Slaver","floor":8,"turns":5},{"damage":0,"enemies":"3 Louse","floor":10,"turns":2},{"damage":0,"enemies":"Blue Slaver","floor":11,"turns":3},{"damage":26,"enemies":"Hexaghost","floor":16,"turns":7},{"damage":6,"enemies":"2 Thieves","floor":18,"turns":4},{"damage":15,"enemies":"Shell Parasite","floor":19,"turns":6},{"damage":17,"enemies":"Centurion and Healer","floor":20,"turns":4},{"damage":20,"enemies":"Sentry and Sphere","floor":21,"turns":6},{"damage":64,"enemies":"Gremlin Leader","floor":24,"turns":4}],"seed_played":"9072027700806405126","potions_obtained":[{"floor":7,"key":"LiquidBronze"},{"floor":8,"key":"FairyPotion"},{"floor":11,"key":"SkillPotion"},{"floor":21,"key":"Dexterity Potion"}],"is_trial":false,"path_per_floor":["M","M","$","?","M","E","M","M","T","M","M","$","R","?","R","B",null,"M","M","M","M","?","R","E"],"character_chosen":"IRONCLAD","items_purchased":["Pen Nib"],"campfire_rested":2,"item_purchase_floors":[12],"current_hp_per_floor":[77,77,77,61,61,48,41,33,33,33,33,33,33,33,57,31,80,74,59,42,22,22,46,0],"gold":287,"neow_bonus":"BOSS_RELIC","is_prod":false,"is_daily":false,"chose_seed":false,"campfire_upgraded":1,"win_rate":0.0,"timestamp":1557727937,"path_taken":["M","M","$","?","M","E","M","M","T","M","M","$","R","?","R","BOSS","M","M","M","M","?","R","E"],"build_version":"2019-01-23","purchased_purges":0,"victory":false,"max_hp_per_floor":[80,80,80,80,80,80,80,80,80,80,80,80,80,80,80,80,80,80,80,80,80,80,80,80],"card_choices":[{"not_picked":["Flex"],"picked":"SKIP","floor":1},{"not_picked":[],"picked":"Shrug It Off","floor":2},{"not_picked":[],"picked":"Spot Weakness","floor":5},{"not_picked":["Dropkick"],"picked":"SKIP","floor":6},{"not_picked":["Dual Wield"],"picked":"SKIP","floor":7},{"not_picked":[],"picked":"Twin Strike","floor":8},{"not_picked":["Combust","Thunderclap"],"picked":"SKIP","floor":10},{"not_picked":["Sword Boomerang"],"picked":"Metallicize","floor":11},{"not_picked":["Reaper"],"picked":"Limit Break","floor":16},{"not_picked":["Dropkick+1","Rupture+1"],"picked":"SKIP","floor":18},{"not_picked":["Clash"],"picked":"Heavy Blade","floor":19},{"not_picked":["Armaments","Clash"],"picked":"SKIP","floor":20},{"not_picked":["Berserk","Warcry"],"picked":"SKIP","floor":21}],"player_experience":16785,"relics_obtained":[{"floor":6,"key":"Bag of Marbles"},{"floor":9,"key":"Question Card"}],"event_choices":[{"damage_healed":0,"gold_gain":0,"player_choice":"Entered Light","damage_taken":16,"max_hp_gain":0,"max_hp_loss":0,"event_name":"Shining Light","floor":4,"gold_loss":0,"cards_upgraded":["Defend_R","Strike_R"]},{"damage_healed":0,"gold_gain":30,"player_choice":"Searched \u00272\u0027 times","damage_taken":0,"max_hp_gain":0,"max_hp_loss":0,"event_name":"Dead Adventurer","floor":14,"gold_loss":0},{"damage_healed":0,"gold_gain":0,"player_choice":"1 cards matched","damage_taken":0,"max_hp_gain":0,"max_hp_loss":0,"event_name":"Match and Keep!","floor":22,"gold_loss":0,"cards_obtained":["Battle Trance"]}],"is_beta":false,"boss_relics":[{"not_picked":["Philosopher\u0027s Stone","Fusion Hammer"],"picked":"Astrolabe"}],"items_purged_floors":[],"is_endless":false,"potions_floor_spawned":[7,8,11,16,19,21],"killed_by":"Gremlin Leader","ascension_level":0}