{"path_per_floor":["M","?","$","?","M","E","R","?","T","R","?","R","M","E","R","B",null,"M","?","M","T","$","E","$","R","T","M","E","?","?","?","R","B",null,"M","?","$","?","?","R","?","R","T","M","R","E","R","$","R","B"],"character_chosen":"THE_SILENT","items_purchased":["Dash","Anchor","Footwork","PiercingWail"],"gold_per_floor":[117,67,67,67,80,115,115,115,142,142,142,142,156,185,185,289,289,300,300,281,281,206,236,43,43,115,133,167,167,167,92,92,189,189,206,206,36,36,36,36,86,86,86,96,96,123,123,77,77,77],"floor_reached":51,"campfire_rested":6,"playtime":3672,"current_hp_per_floor":[59,59,59,59,59,27,27,27,27,47,47,47,47,36,56,46,62,56,40,28,28,28,8,8,28,28,28,19,19,19,19,39,18,55,49,49,49,49,41,61,56,56,56,39,39,39,39,39,59,40],"items_purged":["Strike_G","Strike_G"],"gold":77,"score":817,"play_id":"16c25124-8f82-49ab-a879-66d0be1f735a","is_prod":false,"is_daily":false,"is_ascension_mode":true,"campfire_upgraded":2,"path_taken":["M","?","$","?","?","E","R","?","T","R","?","R","M","E","R","BOSS","M","?","?","?","?","E","$","R","T","M","E","?","?","?","R","BOSS","M","?","$","?","?","R","?","R","T","M","R","E","R","$","R","BOSS"],"build_version":"2018-02-08-PROD1","purchased_purges":3,"victory":true,"master_deck":["Defend_G+1","Defend_G","Defend_G+1","Survivor","Neutralize+1","Noxious Fumes+1","Leg Sweep","Acrobatics","Quick Slash","Wraith Form","Bane+1","Predator","Quick Slash","Dash","Dash","Malaise+1","Footwork","Riddle With Holes","Necronomicurse","Tools of the Trade","Predator+1","Footwork","Madness+1","Madness+1","Backflip+1","Reflex+1","Sucker Punch+1","PiercingWail+1"],"max_hp_per_floor":[70,67,67,67,67,67,67,67,67,67,67,67,67,67,67,67,67,67,67,67,67,67,67,67,67,67,67,67,67,67,67,67,67,67,67,67,67,67,67,67,67,67,67,67,67,67,67,67,67,67],"relics":["Velvet Choker","Dream Catcher","Prayer Wheel","Tough Bandages","Sozu","Necronomicon","Juzu Bracelet","Paper Crane","Anchor","Toxic Egg 2","Art of War","Lizard Tail","Peace Pipe","Shovel","Meat on the Bone","Bottled Flame","War Paint"],"card_choices":[{"not_picked":["Prepared","Slice"],"picked":"Noxious Fumes"},{"not_picked":["Cloak And Dagger","Poisoned Stab"],"picked":"Leg Sweep"},{"not_picked":["Eviscerate","Prepared"],"picked":"Acrobatics"},{"not_picked":["Slice","Bane"],"picked":"Quick Slash"},{"not_picked":["Die Die Die","Adrenaline"],"picked":"Wraith Form"},{"not_picked":["Outmaneuver","Cloak And Dagger"],"picked":"Bane"},{"not_picked":["Noxious Fumes","Outmaneuver"],"picked":"Predator"},{"not_picked":["Outmaneuver","Finisher"],"picked":"Quick Slash"},{"not_picked":["Tools of the Trade","Footwork"],"picked":"Dash"},{"not_picked":["Prepared","Catalyst"],"picked":"Malaise"},{"not_picked":["Finisher","PiercingWail"],"picked":"Footwork"},{"not_picked":["Calculated Gamble","Infinite Blades"],"picked":"Riddle With Holes"},{"not_picked":["Burst","Phantasmal Killer"],"picked":"Tools of the Trade"},{"not_picked":["Underhanded Strike","Outmaneuver"],"picked":"Predator"},{"not_picked":["Escape Plan","Catalyst"],"picked":"Backflip"},{"not_picked":["Acrobatics","Masterful Stab"],"picked":"Reflex"},{"not_picked":["Crippling Poison","Riddle With Holes"],"picked":"Sucker Punch"}],"player_experience":272513,"potions_floor_usage":[],"damage_taken":[{"damage":4.0,"enemies":"Blue Slaver","floor":1.0,"turns":6.0},{"damage":0.0,"enemies":"Jaw Worm","floor":5.0,"turns":4.0},{"damage":32.0,"enemies":"Gremlin Nob","floor":6.0,"turns":6.0},{"damage":0.0,"enemies":"Cultist","floor":13.0,"turns":4.0},{"damage":11.0,"enemies":"Lagavulin","floor":14.0,"turns":8.0},{"damage":10.0,"enemies":"Hexaghost","floor":16.0,"turns":13.0},{"damage":6.0,"enemies":"Chosen","floor":18.0,"turns":6.0},{"damage":12.0,"enemies":"2 Thieves","floor":20.0,"turns":4.0},{"damage":20,"enemies":"Book of Stabbing","floor":23,"turns":5},{"damage":0,"enemies":"Snake Plant","floor":27,"turns":4},{"damage":9,"enemies":"Slavers","floor":28,"turns":7},{"damage":21,"enemies":"Automaton","floor":33,"turns":13},{"damage":6,"enemies":"Orb Walker","floor":35,"turns":5},{"damage":5,"enemies":"Mysterious Sphere","floor":41,"turns":5},{"damage":17,"enemies":"3 Darklings","floor":44,"turns":5},{"damage":12,"enemies":"2 Orb Walkers","floor":46,"turns":6},{"damage":19,"enemies":"Time Eater","floor":50,"turns":15}],"event_choices":[{"event_name":"The Cleric","player_choice":"Card Removal","floor":2.0,"damage_taken":0.0},{"event_name":"Liars Game","player_choice":"disagreed","floor":4.0,"damage_taken":0.0},{"event_name":"Match and Keep!","player_choice":"0 cards matched","floor":8.0,"damage_taken":0.0},{"event_name":"Living Wall","player_choice":"Forget","floor":11.0,"damage_taken":0.0},{"event_name":"Cursed Tome","player_choice":"Obtained Book","floor":19.0,"damage_taken":0.0},{"event_name":"Fountain of Cleansing","player_choice":"Removed Curse","floor":29,"damage_taken":0},{"event_name":"Wheel of Change","player_choice":"Card Removal","floor":30,"damage_taken":0},{"event_name":"Beggar","player_choice":"Gave Gold","floor":31,"damage_taken":0},{"event_name":"Tomb of Lord Red Mask","player_choice":"Ignored","floor":36,"damage_taken":0},{"event_name":"Winding Halls","player_choice":"Embrace Madness","floor":39,"damage_taken":0},{"event_name":"Mysterious Sphere","player_choice":"Fight","floor":41,"damage_taken":0}],"boss_relics":[{"not_picked":["Philosopher\u0027s Stone","Runic Dome"],"picked":"Lizard Tail"}],"potions_floor_spawned":[1,14,18,20,23,44,46],"seed_played":"6594606210090758678","ascension_level":11,"is_trial":false}