{"gold_per_floor":[360,360,59,59,75,75,92,124,148,148,148,48,48,48,48,148,148,165,165,165,165],"floor_reached":21,"playtime":1070,"items_purged":["Strike_R","Pain"],"score":190,"play_id":"840868b4-505d-48c6-87ee-004e31ce52fd","local_time":"20181213234331","is_ascension_mode":true,"campfire_choices":[{"floor":6,"key":"RECALL"},{"floor":11,"key":"REST"},{"floor":13,"key":"REST"},{"data":"Inflame","floor":15,"key":"SMITH"}],"neow_cost":"CURSE","seed_source_timestamp":25578282577682,"circlet_count":0,"master_deck":["Strike_R","Strike_R","Defend_R","Defend_R","Defend_R","Defend_R","Bash","Injury","Inflame+1","Iron Wave","Cleave","Barricade+1","True Grit+1","J.A.X.","RitualDagger"],"relics":["Burning Blood","Orichalcum","Vajra","WarpedTongs","Frozen Egg 2","Black Star"],"potions_floor_usage":[],"damage_taken":[{"damage":18,"enemies":"Jaw Worm","floor":1,"turns":5},{"damage":1,"enemies":"2 Louse","floor":5,"turns":3},{"damage":9,"enemies":"Cultist","floor":7,"turns":5},{"damage":40,"enemies":"Lagavulin","floor":8,"turns":7},{"damage":38,"enemies":"The Guardian","floor":16,"turns":9},{"damage":18,"enemies":"Chosen","floor":18,"turns":6},{"damage":19,"enemies":"3 Byrds","floor":21,"turns":3}],"seed_played":"-4958627049263864343","potions_obtained":[{"floor":1,"key":"Explosive Potion"},{"floor":16,"key":"AttackPotion"}],"is_trial":false,"path_per_floor":["M","?","$","?","M","R","M","E","T","?","R","$","R","?","R","B",null,"M","?","?","M"],"character_chosen":"IRONCLAD","items_purchased":["Orichalcum","Inflame"],"campfire_rested":2,"item_purchase_floors":[3,3],"current_hp_per_floor":[68,61,61,61,66,66,63,29,29,29,53,53,77,59,59,27,80,68,68,62,43],"gold":165,"neow_bonus":"TWO_FIFTY_GOLD","is_prod":false,"is_daily":false,"chose_seed":false,"campfire_upgraded":1,"win_rate":0,"timestamp":1544766211,"path_taken":["M","?","$","?","M","R","?","E","T","?","R","?","R","?","R","BOSS","M","?","?","M"],"build_version":"2018-12-13","purchased_purges":2,"victory":false,"max_hp_per_floor":[80,80,80,80,80,80,80,80,80,80,80,80,80,80,80,80,80,80,80,80,80],"card_choices":[{"not_picked":["Carnage","Anger","Burning Pact"],"picked":"SKIP","floor":1},{"not_picked":["Clash","Headbutt"],"picked":"Iron Wave","floor":5},{"not_picked":["True Grit","Dropkick","Havoc"],"picked":"SKIP","floor":7},{"not_picked":["Rage","Bludgeon"],"picked":"Cleave","floor":8},{"not_picked":["Fiend Fire","Dark Embrace+1"],"picked":"Barricade+1","floor":16},{"not_picked":["Iron Wave","Rupture+1"],"picked":"True Grit+1","floor":18}],"player_experience":90077,"relics_obtained":[{"floor":8,"key":"Vajra"}],"event_choices":[{"cards_removed":["Strike_R"],"damage_healed":0,"gold_gain":0,"player_choice":"Card Removal","damage_taken":7,"max_hp_gain":0,"max_hp_loss":0,"event_name":"Golden Wing","floor":2,"gold_loss":0},{"cards_removed":["Strike_R"],"damage_healed":0,"gold_gain":0,"player_choice":"Purged","damage_taken":0,"max_hp_gain":0,"max_hp_loss":0,"event_name":"Purifier","floor":4,"gold_loss":0},{"damage_healed":0,"gold_gain":0,"player_choice":"Rummage","damage_taken":0,"relics_obtained":["WarpedTongs"],"max_hp_gain":0,"max_hp_loss":0,"event_name":"Accursed Blacksmith","floor":10,"gold_loss":0,"cards_obtained":["Pain"]},{"damage_healed":0,"gold_gain":0,"player_choice":"Success","damage_taken":18,"relics_obtained":["Frozen Egg 2"],"max_hp_gain":0,"max_hp_loss":0,"event_name":"Scrap Ooze","floor":14,"gold_loss":0},{"damage_healed":0,"gold_gain":0,"player_choice":"Obtain J.A.X.","damage_taken":0,"max_hp_gain":0,"max_hp_loss":0,"event_name":"Drug Dealer","floor":19,"gold_loss":0,"cards_obtained":["J.A.X."]},{"damage_healed":0,"gold_gain":0,"player_choice":"Joined the Cult","damage_taken":6,"max_hp_gain":0,"max_hp_loss":0,"event_name":"Nest","floor":20,"gold_loss":0,"cards_obtained":["RitualDagger"]}],"is_beta":false,"boss_relics":[{"not_picked":["Fusion Hammer","Sozu"],"picked":"Black Star"}],"items_purged_floors":[3,12],"is_endless":false,"potions_floor_spawned":[1,16],"killed_by":"3 Byrds","ascension_level":2}