{"gold_per_floor":[114,114,129,141,141,141,154,189,214,245,305,341,341,355,355,474,474,495,510,534,534],"floor_reached":21,"playtime":729,"items_purged":[],"score":191,"play_id":"12ffe843-8008-40dc-94f2-9090834c590c","local_time":"20190513005743","is_ascension_mode":false,"campfire_choices":[{"data":"Bash","floor":6,"key":"SMITH"},{"floor":13,"key":"REST"},{"floor":15,"key":"REST"}],"neow_cost":"NONE","seed_source_timestamp":43096000488958,"circlet_count":0,"master_deck":["Strike_R","Strike_R","Strike_R","Strike_R","Strike_R","Defend_R","Defend_R","Defend_R","Defend_R","Bash+1","Sword Boomerang","Clash","Shrug It Off","Rupture","True Grit","Pain","Headbutt","Anger","Demon Form","Headbutt","Disarm"],"relics":["Cursed Key","Pen Nib","Golden Idol","Happy Flower","PreservedInsect","Odd Mushroom","Ice Cream","Sozu"],"potions_floor_usage":[20,20],"damage_taken":[{"damage":0,"enemies":"2 Louse","floor":1,"turns":3},{"damage":6,"enemies":"Jaw Worm","floor":3,"turns":3},{"damage":0,"enemies":"Small Slimes","floor":4,"turns":3},{"damage":0,"enemies":"Blue Slaver","floor":7,"turns":2},{"damage":21,"enemies":"Lagavulin","floor":8,"turns":5},{"damage":12,"enemies":"The Mushroom Lair","floor":10,"turns":4},{"damage":10,"enemies":"3 Sentries","floor":12,"turns":4},{"damage":11,"enemies":"Exordium Thugs","floor":14,"turns":3},{"damage":38,"enemies":"Slime Boss","floor":16,"turns":9},{"damage":31,"enemies":"Spheric Guardian","floor":18,"turns":5},{"damage":17,"enemies":"Shell Parasite","floor":19,"turns":3},{"damage":21,"enemies":"Chosen and Byrds","floor":20,"turns":7},{"damage":7,"enemies":"Shelled Parasite and Fungi","floor":21,"turns":1}],"seed_played":"-6559072270678797955","potions_obtained":[{"floor":3,"key":"Ancient Potion"},{"floor":8,"key":"Dexterity Potion"},{"floor":10,"key":"Block Potion"},{"floor":16,"key":"Regen Potion"}],"is_trial":false,"path_per_floor":["M","?","M","M","?","R","M","E","T","?","?","E","R","M","R","B",null,"M","M","M","M"],"character_chosen":"IRONCLAD","items_purchased":[],"campfire_rested":2,"item_purchase_floors":[],"current_hp_per_floor":[80,73,67,67,67,67,67,46,46,34,34,24,46,35,57,19,74,43,26,5,0],"gold":534,"neow_bonus":"BOSS_RELIC","is_prod":false,"is_daily":false,"chose_seed":false,"campfire_upgraded":1,"win_rate":0.0,"timestamp":1557723463,"path_taken":["M","?","M","M","?","R","M","E","T","?","?","E","R","M","R","BOSS","M","M","M","M"],"build_version":"2019-01-23","purchased_purges":0,"victory":false,"max_hp_per_floor":[80,80,80,80,74,74,74,74,74,74,74,74,74,74,74,74,74,74,74,74,74],"card_choices":[{"not_picked":["True Grit","Pommel Strike"],"picked":"Sword Boomerang","floor":1},{"not_picked":["Burning Pact","Rupture"],"picked":"Clash","floor":3},{"not_picked":["Hemokinesis","Bloodletting"],"picked":"Shrug It Off","floor":4},{"not_picked":["Dropkick","Intimidate"],"picked":"Rupture","floor":7},{"not_picked":["Sword Boomerang","Clothesline"],"picked":"True Grit","floor":8},{"not_picked":["Limit Break","Clash"],"picked":"Headbutt","floor":10},{"not_picked":["Pommel Strike","Headbutt"],"picked":"Anger","floor":12},{"not_picked":["Clothesline","Searing Blow","Iron Wave"],"picked":"SKIP","floor":14},{"not_picked":["Brutality","Double Tap"],"picked":"Demon Form","floor":16},{"not_picked":["Heavy Blade","Anger"],"picked":"Headbutt","floor":18},{"not_picked":["Headbutt","Warcry"],"picked":"Disarm","floor":19},{"not_picked":["Body Slam","Clash","Thunderclap"],"picked":"SKIP","floor":20}],"player_experience":12444,"relics_obtained":[{"floor":8,"key":"Happy Flower"},{"floor":9,"key":"PreservedInsect"},{"floor":10,"key":"Odd Mushroom"},{"floor":12,"key":"Ice Cream"}],"event_choices":[{"damage_healed":0,"gold_gain":0,"player_choice":"Success","damage_taken":7,"relics_obtained":["Pen Nib"],"max_hp_gain":0,"max_hp_loss":0,"event_name":"Scrap Ooze","floor":2,"gold_loss":0},{"damage_healed":0,"gold_gain":0,"player_choice":"Lose Max HP","damage_taken":0,"relics_obtained":["Golden Idol"],"max_hp_gain":0,"max_hp_loss":6,"event_name":"Golden Idol","floor":5,"gold_loss":0},{"damage_healed":0,"gold_gain":0,"player_choice":"Fought Mushrooms","damage_taken":0,"max_hp_gain":0,"max_hp_loss":0,"event_name":"Mushrooms","floor":10,"gold_loss":0},{"damage_healed":0,"gold_gain":60,"player_choice":"Gained Gold","damage_taken":0,"max_hp_gain":0,"max_hp_loss":0,"event_name":"Golden Wing","floor":11,"gold_loss":0}],"is_beta":false,"boss_relics":[{"not_picked":["Eternal Feather","Coffee Dripper"],"picked":"Sozu"}],"items_purged_floors":[],"is_endless":false,"potions_floor_spawned":[3,8,10,16,19,20],"killed_by":"Shelled Parasite and Fungi","ascension_level":0}