{"path_per_floor":["M","M","M","M","?","R","?","?","T","M","$","M","E","M","R","B",null,"M","?","?","?","$","E","R","M","T","$","M","M","R","M","R"],"character_chosen":"THE_SILENT","items_purchased":["Heel Hook"],"gold_per_floor":[11,29,40,55,55,55,5,5,5,15,15,27,61,77,77,177,207,195,120,120,120,41,73,73,92,92,17,32,43,43,62,62],"floor_reached":33,"campfire_rested":3,"playtime":2268,"current_hp_per_floor":[70,68,68,50,50,50,50,50,57,51,51,48,42,18,41,28,82,78,78,78,78,78,7,31,20,20,20,15,5,29,29,29],"items_purged":["Strike_G"],"gold":62,"score":269,"play_id":"e5a80f85-1368-4c11-bf14-fe9c35983af2","local_time":"20180315034559","is_prod":false,"is_daily":false,"is_ascension_mode":false,"campfire_upgraded":2,"timestamp":1521107159,"path_taken":["M","?","M","M","?","R","?","?","T","M","$","M","E","M","R","BOSS","M","?","?","?","$","E","R","M","T","$","?","M","R","M","R","BOSS"],"build_version":"2018-03-01-PROD1","purchased_purges":1,"victory":false,"master_deck":["Defend_G","Defend_G","Strike_G","Strike_G","Survivor+1","Neutralize+1","Wraith Form","Adrenaline+1","Heel Hook","Heel Hook","Acrobatics"],"max_hp_per_floor":[70,70,70,70,70,70,70,70,77,77,77,77,77,77,77,77,82,82,82,82,82,82,82,82,82,82,82,82,82,82,82,82],"relics":["Ring of the Snake","Strawberry","Bottled Tornado","Tiny House","Art of War","Unceasing Top"],"card_choices":[{"not_picked":["Grand Finale","Venomology"],"picked":"Adrenaline"},{"not_picked":["Bane","Setup"],"picked":"Acrobatics"}],"player_experience":619123,"potions_floor_usage":[],"damage_taken":[{"damage":0.0,"enemies":"Cultist","floor":1.0,"turns":3.0},{"damage":2.0,"enemies":"Small Slimes","floor":2.0,"turns":5.0},{"damage":0.0,"enemies":"Jaw Worm","floor":3.0,"turns":5.0},{"damage":18.0,"enemies":"Large Slime","floor":4.0,"turns":11.0},{"damage":6.0,"enemies":"Exordium Thugs","floor":10.0,"turns":7.0},{"damage":3.0,"enemies":"Blue Slaver","floor":12.0,"turns":5.0},{"damage":6.0,"enemies":"3 Sentries","floor":13.0,"turns":7.0},{"damage":24.0,"enemies":"Large Slime","floor":14.0,"turns":10.0},{"damage":13.0,"enemies":"The Guardian","floor":16.0,"turns":20.0},{"damage":4.0,"enemies":"2 Thieves","floor":18.0,"turns":5.0},{"damage":71.0,"enemies":"Gremlin Leader","floor":23.0,"turns":12.0},{"damage":11.0,"enemies":"Chosen","floor":25.0,"turns":6.0},{"damage":5.0,"enemies":"3 Cultists","floor":28.0,"turns":7.0},{"damage":10.0,"enemies":"Slaver and Parasite","floor":29.0,"turns":9.0},{"damage":0.0,"enemies":"Centurion and Healer","floor":31.0,"turns":6.0},{"damage":11,"enemies":"Automaton","floor":33,"turns":4}],"event_choices":[{"event_name":"Match and Keep!","player_choice":"0 cards matched","floor":5.0,"damage_taken":0.0},{"event_name":"The Cleric","player_choice":"Card Removal","floor":7.0,"damage_taken":0.0},{"event_name":"Transmorgrifier","player_choice":"Transform","floor":8.0,"damage_taken":0.0},{"event_name":"Beggar","player_choice":"Gave Gold","floor":19.0,"damage_taken":0.0},{"event_name":"The Library","player_choice":"Read","floor":20.0,"damage_taken":0.0},{"event_name":"Cursed Tome","player_choice":"Ignored","floor":21.0,"damage_taken":0.0}],"boss_relics":[],"potions_floor_spawned":[3,10,12,14,16,18,31],"seed_played":"8470692050972968929","killed_by":"Automaton","ascension_level":0,"is_trial":false}