{"gold_per_floor":[110,124,124,139,139,172,172,208,232,265,265,283,283,299,299,430,430,455,380,400,400,415,415,415,429,454,454,481,481,496,527,527,623,623,636,736,753,753,768,768,213,213,213,213,229,252,281,293,293,293],"floor_reached":51,"playtime":1709,"items_purged":[],"score":760,"play_id":"5abf1b72-ce19-404f-a44e-6ea175b06e65","local_time":"20190509114008","is_ascension_mode":false,"campfire_choices":[{"data":"Clothesline","floor":7,"key":"SMITH"},{"data":"Uppercut","floor":11,"key":"SMITH"},{"data":"Whirlwind","floor":13,"key":"SMITH"},{"data":"Inflame","floor":15,"key":"SMITH"},{"data":"Disarm","floor":23,"key":"SMITH"},{"data":"Bash","floor":27,"key":"SMITH"},{"data":"Rampage","floor":32,"key":"SMITH"},{"data":"Immolate","floor":40,"key":"SMITH"},{"data":"Double Tap","floor":42,"key":"SMITH"},{"data":"Clothesline","floor":44,"key":"SMITH"},{"data":"True Grit","floor":49,"key":"SMITH"}],"neow_cost":"PERCENT_DAMAGE","seed_source_timestamp":456088558050400,"circlet_count":0,"master_deck":["Strike_R+1","Strike_R+1","Strike_R+1","Strike_R+1","Defend_R+1","Defend_R+1","Defend_R+1","Defend_R+1","Bash+1","Metallicize","Clothesline+1","Clothesline+1","Inflame+1","Uppercut+1","Whirlwind+1","Shrug It Off","Double Tap+1","Headbutt","Disarm+1","Rampage+1","Inflame+1","Shrug It Off","Pommel Strike+1","Immolate+1","True Grit+1","Spot Weakness+1","Warcry+1","Madness","Madness","PanicButton","Shrug It Off+1","Reaper"],"relics":["Burning Blood","Mango","Bloody Idol","Red Skull","Happy Flower","Oddly Smooth Stone","Art of War","Runic Dome","Anchor","Bag of Marbles","Orichalcum","Eternal Feather","Magic Flower","Incense Burner","Vajra","Blue Candle","Lantern","Blood Vial"],"potions_floor_usage":[6,20,28,33],"damage_taken":[{"damage":5,"enemies":"Jaw Worm","floor":1,"turns":6},{"damage":0,"enemies":"Small Slimes","floor":2,"turns":4},{"damage":2,"enemies":"2 Louse","floor":4,"turns":4},{"damage":27,"enemies":"Lagavulin","floor":6,"turns":9},{"damage":19,"enemies":"Gremlin Nob","floor":8,"turns":5},{"damage":8,"enemies":"Lagavulin","floor":10,"turns":6},{"damage":3,"enemies":"2 Fungi Beasts","floor":12,"turns":3},{"damage":0,"enemies":"3 Louse","floor":14,"turns":1},{"damage":13,"enemies":"Hexaghost","floor":16,"turns":11},{"damage":0,"enemies":"3 Byrds","floor":18,"turns":4},{"damage":1,"enemies":"Spheric Guardian","floor":20,"turns":3},{"damage":9,"enemies":"Centurion and Healer","floor":22,"turns":5},{"damage":17,"enemies":"Shelled Parasite and Fungi","floor":25,"turns":5},{"damage":4,"enemies":"Slavers","floor":28,"turns":3},{"damage":0,"enemies":"Chosen and Byrds","floor":30,"turns":4},{"damage":6,"enemies":"Book of Stabbing","floor":31,"turns":4},{"damage":18,"enemies":"Champ","floor":33,"turns":8},{"damage":0,"enemies":"3 Shapes","floor":35,"turns":4},{"damage":3,"enemies":"Mind Bloom Boss Battle","floor":36,"turns":7},{"damage":1,"enemies":"Orb Walker","floor":37,"turns":2},{"damage":2,"enemies":"4 Shapes","floor":39,"turns":8},{"damage":13,"enemies":"Spire Growth","floor":45,"turns":4},{"damage":0,"enemies":"Nemesis","floor":47,"turns":5},{"damage":0,"enemies":"Jaw Worm Horde","floor":48,"turns":3},{"damage":43,"enemies":"Awakened One","floor":50,"turns":13}],"seed_played":"-7208142110111001036","potions_obtained":[{"floor":1,"key":"Swift Potion"},{"floor":2,"key":"SkillPotion"},{"floor":4,"key":"SpeedPotion"},{"floor":14,"key":"SkillPotion"},{"floor":16,"key":"Block Potion"},{"floor":18,"key":"FearPotion"},{"floor":25,"key":"Ancient Potion"},{"floor":28,"key":"Ancient Potion"},{"floor":31,"key":"Strength Potion"},{"floor":33,"key":"BloodPotion"}],"is_trial":false,"path_per_floor":["M","M","?","M","?","E","R","E","T","E","R","M","R","M","R","B",null,"M","?","M","?","M","R","?","M","T","R","E","?","M","E","R","B",null,"M","?","M","?","M","R","$","R","T","R","M","T","E","M","R","B",null],"character_chosen":"IRONCLAD","items_purchased":["Incense Burner","PanicButton","Vajra"],"campfire_rested":0,"item_purchase_floors":[41,41,41],"current_hp_per_floor":[71,77,77,81,81,60,60,47,47,45,45,48,48,54,54,47,87,87,87,87,87,87,87,87,81,86,86,87,87,87,87,87,80,87,87,87,87,76,87,87,87,87,87,87,87,87,87,87,87,87],"gold":293,"neow_bonus":"ONE_RARE_RELIC","is_prod":false,"is_daily":false,"chose_seed":false,"campfire_upgraded":11,"win_rate":1,"timestamp":1557427208,"path_taken":["M","M","?","M","?","E","R","E","T","E","R","M","R","M","R","BOSS","M","?","M","?","M","R","?","M","T","R","E","?","M","E","R","BOSS","M","?","M","?","M","R","$","R","T","R","M","?","E","M","R","BOSS"],"build_version":"2019-01-23","purchased_purges":0,"victory":true,"max_hp_per_floor":[94,94,87,87,87,87,87,87,87,87,87,87,87,87,87,87,87,87,87,87,87,87,87,87,87,87,87,87,87,87,87,87,87,87,87,87,87,87,87,87,87,87,87,87,87,87,87,87,87,87],"card_choices":[{"not_picked":["Infernal Blade","Combust"],"picked":"Metallicize","floor":1},{"not_picked":["Burning Pact","Combust"],"picked":"Clothesline","floor":2},{"not_picked":["Burning Pact","Sentinel"],"picked":"Clothesline","floor":4},{"not_picked":["Searing Blow","Corruption","Heavy Blade"],"picked":"SKIP","floor":6},{"not_picked":["Searing Blow","Corruption","Heavy Blade"],"picked":"SKIP","floor":6},{"not_picked":["Searing Blow","Corruption","Heavy Blade"],"picked":"SKIP","floor":6},{"not_picked":["Limit Break","Armaments"],"picked":"Inflame","floor":8},{"not_picked":["Wild Strike","True Grit"],"picked":"Uppercut","floor":10},{"not_picked":["Bloodletting","Hemokinesis"],"picked":"Whirlwind","floor":12},{"not_picked":["Havoc","Sentinel"],"picked":"Shrug It Off","floor":14},{"not_picked":["Barricade","Brutality"],"picked":"Double Tap","floor":16},{"not_picked":["Flex+1","Heavy Blade+1"],"picked":"Headbutt","floor":18},{"not_picked":["Body Slam+1","Armaments"],"picked":"Disarm","floor":20},{"not_picked":["Iron Wave","Uppercut"],"picked":"Rampage","floor":22},{"not_picked":["Warcry","Second Wind","Pummel"],"picked":"SKIP","floor":25},{"not_picked":["Sever Soul","Bloodletting"],"picked":"Inflame+1","floor":28},{"not_picked":["Dropkick","Hemokinesis"],"picked":"Shrug It Off","floor":30},{"not_picked":["Feel No Pain","Twin Strike"],"picked":"Pommel Strike+1","floor":31},{"not_picked":["Double Tap","Exhume"],"picked":"Immolate","floor":33},{"not_picked":["Combust","Warcry"],"picked":"True Grit","floor":35},{"not_picked":["Armaments","Ghostly Armor"],"picked":"Spot Weakness+1","floor":36},{"not_picked":["Combust","Rupture+1"],"picked":"Warcry+1","floor":37},{"not_picked":["Cleave","True Grit","Uppercut"],"picked":"SKIP","floor":39},{"not_picked":["Iron Wave","Cleave","Clothesline+1"],"picked":"SKIP","floor":45},{"not_picked":["Evolve","Havoc+1"],"picked":"Shrug It Off+1","floor":47},{"not_picked":["Iron Wave+1","Heavy Blade"],"picked":"Reaper","floor":48}],"player_experience":768087,"relics_obtained":[{"floor":6,"key":"Red Skull"},{"floor":8,"key":"Happy Flower"},{"floor":9,"key":"Oddly Smooth Stone"},{"floor":10,"key":"Art of War"},{"floor":26,"key":"Anchor"},{"floor":28,"key":"Bag of Marbles"},{"floor":31,"key":"Orichalcum"},{"floor":36,"key":"Magic Flower"},{"floor":43,"key":"Blue Candle"},{"floor":46,"key":"Lantern"},{"floor":47,"key":"Blood Vial"}],"event_choices":[{"damage_healed":0,"gold_gain":0,"player_choice":"Lose Max HP","damage_taken":0,"relics_obtained":["Golden Idol"],"max_hp_gain":0,"max_hp_loss":7,"event_name":"Golden Idol","floor":3,"gold_loss":0},{"damage_healed":0,"gold_gain":0,"player_choice":"Ignored","damage_taken":0,"max_hp_gain":0,"max_hp_loss":0,"event_name":"Liars Game","floor":5,"gold_loss":0},{"cards_removed":["Strike_R"],"damage_healed":0,"gold_gain":0,"player_choice":"Gave Gold","damage_taken":0,"max_hp_gain":0,"max_hp_loss":0,"event_name":"Beggar","floor":19,"gold_loss":75},{"damage_healed":0,"gold_gain":0,"player_choice":"Gave Idol","damage_taken":0,"relics_obtained":["Bloody Idol"],"max_hp_gain":0,"max_hp_loss":0,"event_name":"Forgotten Altar","floor":21,"relics_lost":["Golden Idol"],"gold_loss":0},{"damage_healed":0,"gold_gain":0,"player_choice":"Simplicity","damage_taken":0,"max_hp_gain":0,"max_hp_loss":0,"event_name":"Back to Basics","floor":24,"gold_loss":0,"cards_upgraded":["Strike_R","Strike_R","Strike_R","Strike_R","Defend_R","Defend_R","Defend_R","Defend_R"]},{"damage_healed":0,"gold_gain":0,"player_choice":"Ignored","damage_taken":0,"max_hp_gain":0,"max_hp_loss":0,"event_name":"Ghosts","floor":29,"gold_loss":0},{"damage_healed":0,"gold_gain":0,"player_choice":"Fight","damage_taken":0,"max_hp_gain":0,"max_hp_loss":0,"event_name":"MindBloom","floor":36,"gold_loss":0},{"damage_healed":0,"gold_gain":0,"player_choice":"Embrace Madness","damage_taken":11,"max_hp_gain":0,"max_hp_loss":0,"event_name":"Winding Halls","floor":38,"gold_loss":0,"cards_obtained":["Madness","Madness"]}],"is_beta":false,"boss_relics":[{"not_picked":["Philosopher\u0027s Stone","Runic Cube"],"picked":"Runic Dome"},{"not_picked":["Astrolabe","Tiny House"],"picked":"Eternal Feather"}],"items_purged_floors":[],"is_endless":false,"potions_floor_spawned":[1,2,4,14,16,18,25,28,31,33,35,36,45,48],"ascension_level":0}