{"gold_per_floor":[19,32,48,13,13,45,61,61,61,61,61,72,107,122,122,200,200,212,224,242,260,277,277,308,319,319,331,331,246,246,246,246,323,323,335,335,186,186,86,86,119,119,119,147,147,147,147,22,22,22],"floor_reached":51,"playtime":3224,"items_purged":["Doubt","Strike_R","Doubt"],"score":1382,"play_id":"69c1aeb2-7a3b-4fce-a167-0d4bc1c74884","local_time":"20190509072300","is_ascension_mode":true,"campfire_choices":[{"floor":8.0,"key":"REST"},{"data":"Clothesline","floor":10.0,"key":"SMITH"},{"data":"Body Slam","floor":15.0,"key":"SMITH"},{"data":"Demon Form","floor":23.0,"key":"SMITH"},{"data":"Intimidate","floor":28.0,"key":"SMITH"},{"data":"Bash","floor":30.0,"key":"SMITH"},{"floor":32.0,"key":"REST"},{"data":"Barricade","floor":40.0,"key":"SMITH"},{"data":"Flame Barrier","floor":42.0,"key":"SMITH"},{"data":"Battle Trance","floor":45.0,"key":"SMITH"},{"data":"Shrug It Off","floor":47.0,"key":"SMITH"},{"data":"Shrug It Off","floor":49.0,"key":"SMITH"}],"neow_cost":"NO_GOLD","seed_source_timestamp":46302094467900,"circlet_count":0,"master_deck":["AscendersBane","Strike_R","Defend_R","Defend_R","Defend_R","Defend_R","Bash+1","Clothesline+1","Ghostly Armor","Intimidate+1","Body Slam+1","Shrug It Off","Demon Form+1","Pommel Strike+1","Shrug It Off+1","Battle Trance+1","Shrug It Off+1","Barricade+1","Shrug It Off+1","Flame Barrier+1","Master of Strategy","Flash of Steel"],"special_seed":0,"relics":["Black Blood","Bag of Preparation","Pantograph","Bird Faced Urn","Cursed Key","Potion Belt","Ginger","PreservedInsect","Singing Bowl","Meat on the Bone","FossilizedHelix"],"potions_floor_usage":[50],"damage_taken":[{"damage":8.0,"enemies":"Cultist","floor":1.0,"turns":5.0},{"damage":4.0,"enemies":"2 Louse","floor":2.0,"turns":4.0},{"damage":8.0,"enemies":"Small Slimes","floor":3.0,"turns":5.0},{"damage":57.0,"enemies":"Lagavulin","floor":6.0,"turns":11.0},{"damage":24.0,"enemies":"Gremlin Gang","floor":7.0,"turns":8.0},{"damage":16.0,"enemies":"Lots of Slimes","floor":12.0,"turns":6.0},{"damage":52.0,"enemies":"3 Sentries","floor":13.0,"turns":11.0},{"damage":6.0,"enemies":"Looter","floor":14.0,"turns":3.0},{"damage":53.0,"enemies":"The Guardian","floor":16.0,"turns":19.0},{"damage":16.0,"enemies":"Chosen","floor":18.0,"turns":5.0},{"damage":5.0,"enemies":"Shell Parasite","floor":19.0,"turns":6.0},{"damage":15.0,"enemies":"Centurion and Healer","floor":20.0,"turns":10.0},{"damage":11.0,"enemies":"Snecko","floor":21.0,"turns":6.0},{"damage":2.0,"enemies":"Snake Plant","floor":22.0,"turns":4.0},{"damage":26.0,"enemies":"Gremlin Leader","floor":24.0,"turns":8.0},{"damage":9.0,"enemies":"Shelled Parasite and Fungi","floor":25.0,"turns":9.0},{"damage":17.0,"enemies":"Cultist and Chosen","floor":27.0,"turns":7.0},{"damage":47.0,"enemies":"Collector","floor":33.0,"turns":9.0},{"damage":17.0,"enemies":"3 Darklings","floor":35.0,"turns":8.0},{"damage":30.0,"enemies":"Nemesis","floor":41.0,"turns":9.0},{"damage":7.0,"enemies":"Giant Head","floor":44.0,"turns":8.0},{"damage":73,"enemies":"Donu and Deca","floor":50,"turns":12}],"seed_played":"3786925428165935493","potions_obtained":[{"floor":3.0,"key":"BloodPotion"},{"floor":12.0,"key":"Block Potion"},{"floor":14.0,"key":"GamblersBrew"},{"floor":18.0,"key":"SteroidPotion"},{"floor":19.0,"key":"BloodPotion"},{"floor":21.0,"key":"GamblersBrew"},{"floor":33.0,"key":"SteroidPotion"},{"floor":41.0,"key":"Block Potion"}],"is_trial":false,"path_per_floor":["M","M","M","?","?","E","M","R","T","R","?","M","E","M","R","B",null,"M","M","M","M","M","R","E","M","T","M","R","?","R","?","R","B",null,"M","?","$","?","$","R","E","R","T","E","R","T","R","$","R","B",null],"character_chosen":"IRONCLAD","items_purchased":["Flame Barrier"],"campfire_rested":2,"item_purchase_floors":[37],"current_hp_per_floor":[66,68,66,75,75,31,13,35,35,35,85,75,29,29,29,7,66,58,61,62,59,63,63,45,42,42,33,33,33,33,8,35,21,73,70,70,70,65,65,65,49,49,49,70,70,70,70,70,70,45],"gold":22,"neow_bonus":"REMOVE_TWO","is_prod":false,"is_daily":false,"chose_seed":false,"campfire_upgraded":10,"win_rate":0,"timestamp":1557408180,"path_taken":["M","M","M","?","?","E","M","R","T","R","?","M","E","M","R","BOSS","M","?","?","M","M","R","E","?","T","M","R","?","R","?","R","BOSS","M","?","$","?","$","R","E","R","T","E","R","?","R","$","R","BOSS"],"build_version":"2019-01-23","purchased_purges":3,"victory":true,"max_hp_per_floor":[75,75,75,75,75,75,75,75,75,75,85,85,85,85,85,85,85,85,85,85,85,85,85,85,85,85,85,85,85,85,90,90,90,90,90,90,90,90,90,90,92,92,92,94,94,94,94,94,94,94],"card_choices":[{"not_picked":["True Grit","Sentinel"],"picked":"Clothesline","floor":1.0},{"not_picked":["Havoc","Warcry"],"picked":"Ghostly Armor","floor":2.0},{"not_picked":["Armaments","Clothesline","Anger"],"picked":"SKIP","floor":3.0},{"not_picked":["Rage","Wild Strike"],"picked":"Double Tap","floor":6.0},{"not_picked":["Anger","Havoc","Clothesline"],"picked":"SKIP","floor":7.0},{"not_picked":["Pummel","Armaments"],"picked":"Intimidate","floor":12.0},{"not_picked":["Dropkick","Fire Breathing"],"picked":"Body Slam","floor":13.0},{"not_picked":["Fire Breathing","Headbutt"],"picked":"Shrug It Off","floor":14.0},{"not_picked":["Double Tap","Limit Break"],"picked":"Demon Form","floor":16.0},{"not_picked":["Burning Pact+1","Perfected Strike"],"picked":"Pommel Strike+1","floor":18.0},{"not_picked":["Wild Strike","Reckless Charge"],"picked":"Shrug It Off","floor":19.0},{"not_picked":["Demon Form","Sentinel"],"picked":"Battle Trance","floor":20.0},{"not_picked":["Battle Trance","Second Wind"],"picked":"Shrug It Off","floor":21.0},{"not_picked":["Ghostly Armor","True Grit","Thunderclap"],"picked":"SKIP","floor":22.0},{"not_picked":["Rage","Evolve","Havoc"],"picked":"SKIP","floor":24.0},{"not_picked":["Armaments","Warcry","Anger"],"picked":"SKIP","floor":25.0},{"not_picked":["Inflame","Reckless Charge","Wild Strike"],"picked":"SKIP","floor":27.0},{"not_picked":["Reaper","Fiend Fire"],"picked":"Barricade","floor":33.0},{"not_picked":["Clothesline+1","Twin Strike"],"picked":"Shrug It Off+1","floor":35.0},{"not_picked":["Discovery","Violence"],"picked":"Master of Strategy","floor":38.0},{"not_picked":["Enlightenment","Magnetism"],"picked":"Flash of Steel","floor":38.0},{"not_picked":["Sentinel","Combust","Cleave"],"picked":"Singing Bowl","floor":41.0},{"not_picked":["Sword Boomerang","Clash+1","Pummel"],"picked":"Singing Bowl","floor":44.0}],"player_experience":1734329,"relics_obtained":[{"floor":6.0,"key":"Bag of Preparation"},{"floor":9.0,"key":"Pantograph"},{"floor":13.0,"key":"Bird Faced Urn"},{"floor":24.0,"key":"Potion Belt"},{"floor":26.0,"key":"Ginger"},{"floor":41.0,"key":"Singing Bowl"},{"floor":43.0,"key":"Meat on the Bone"},{"floor":44.0,"key":"FossilizedHelix"}],"event_choices":[{"damage_healed":18.0,"max_hp_gain":0.0,"max_hp_loss":0.0,"gold_gain":0.0,"event_name":"The Cleric","player_choice":"Healed","floor":4.0,"gold_loss":35.0,"damage_taken":0.0},{"damage_healed":0.0,"max_hp_gain":0.0,"max_hp_loss":0.0,"gold_gain":0.0,"event_name":"Liars Game","player_choice":"Ignored","floor":5.0,"gold_loss":0.0,"damage_taken":0.0},{"cards_removed":["Double Tap"],"damage_healed":40.0,"max_hp_gain":10.0,"max_hp_loss":0.0,"gold_gain":0.0,"event_name":"Bonfire Elementals","player_choice":"Offered Rare","floor":11.0,"gold_loss":0.0,"damage_taken":0.0},{"damage_healed":0.0,"max_hp_gain":0.0,"max_hp_loss":0.0,"gold_gain":0.0,"event_name":"Addict","player_choice":"Obtained Relic","floor":29.0,"gold_loss":85.0,"damage_taken":0.0,"relics_obtained":["PreservedInsect"]},{"damage_healed":0.0,"max_hp_gain":5.0,"max_hp_loss":0.0,"gold_gain":0.0,"event_name":"Forgotten Altar","player_choice":"Shed Blood","floor":31.0,"gold_loss":0.0,"damage_taken":30.0},{"cards_removed":["Strike_R"],"damage_healed":0.0,"max_hp_gain":0.0,"max_hp_loss":0.0,"gold_gain":0.0,"event_name":"Falling","player_choice":"Removed Attack","floor":36.0,"gold_loss":0.0,"damage_taken":0.0},{"damage_healed":0.0,"max_hp_gain":0.0,"max_hp_loss":0.0,"gold_gain":0.0,"event_name":"SensoryStone","player_choice":"Memory 2","floor":38.0,"gold_loss":0.0,"damage_taken":5.0}],"is_beta":false,"boss_relics":[{"not_picked":["Coffee Dripper","Calling Bell"],"picked":"Cursed Key"},{"not_picked":["Orrery","White Beast Statue"],"picked":"Black Blood"}],"items_purged_floors":[37,39,48],"is_endless":false,"potions_floor_spawned":[3,12,14,18,19,21,33,41],"ascension_level":19}