{"path_per_floor":["M","M","$","M","M","R","M","R","T","R","$","R","M","M","R","B",null,"M","M","M","?","M","R","E","R","T","M","$","?","M","M","R"],"character_chosen":"THE_SILENT","items_purchased":["Footwork"],"gold_per_floor":[111,128,53,64,82,82,101,101,101,101,1,1,15,33,33,107,107,127,140,152,152,171,171,205,205,205,216,24,24,44,60,60],"floor_reached":33,"campfire_rested":1,"playtime":2583,"current_hp_per_floor":[58,58,58,55,55,55,39,39,39,39,39,39,36,36,36,23,53,47,36,41,41,39,39,14,27,27,44,44,44,44,44,44],"items_purged":["Strike_G","Defend_G","Defend_G"],"gold":60,"score":486,"play_id":"6260afa8-ffa1-4a2e-ad64-de9e92514913","local_time":"20180317065411","is_prod":false,"is_daily":false,"is_ascension_mode":true,"campfire_upgraded":7,"timestamp":1521291251,"path_taken":["M","M","$","M","M","R","M","R","T","R","$","R","M","?","R","BOSS","M","M","M","?","M","R","E","R","T","M","$","?","M","M","R","BOSS"],"build_version":"2018-03-09","purchased_purges":3,"victory":false,"master_deck":["Defend_G","Defend_G","Defend_G","Survivor","Neutralize+1","Well Laid Plans","Backflip+1","Dagger Throw+1","Noxious Fumes+1","Bane","Dagger Spray+1","Tools of the Trade+1","Escape Plan","Backflip","Cloak And Dagger","Bite","Bite","Bite","Bite","Bite","Dash","Backflip","Footwork+1","Sucker Punch"],"max_hp_per_floor":[63,63,63,63,63,63,63,63,63,63,63,63,63,63,63,63,63,63,63,63,44,44,44,44,44,44,44,44,44,44,44,44],"relics":["Ring of the Snake","Gremlin Horn","Sozu","Bottled Tornado","Du-Vu Doll"],"card_choices":[{"not_picked":["Deadly Poison","Finisher"],"picked":"Well Laid Plans"},{"not_picked":["All Out Attack","Sucker Punch"],"picked":"Backflip"},{"not_picked":["Distraction","Underhanded Strike"],"picked":"Dagger Throw"},{"not_picked":["Backflip","PiercingWail"],"picked":"Noxious Fumes"},{"not_picked":["Skewer","Well Laid Plans"],"picked":"Bane"},{"not_picked":["Slice","Unload"],"picked":"Dagger Spray"},{"not_picked":["Glass Knife","Envenom"],"picked":"Tools of the Trade"},{"not_picked":["Distraction","Deflect"],"picked":"Escape Plan"},{"not_picked":["Reflex","Crippling Poison"],"picked":"Backflip"},{"not_picked":["Backstab","Quick Slash"],"picked":"Cloak And Dagger"},{"not_picked":["Well Laid Plans","Catalyst"],"picked":"Dash"},{"not_picked":["Dodge and Roll","Bane"],"picked":"Backflip"},{"not_picked":["Dodge and Roll","Deflect"],"picked":"Sucker Punch"}],"player_experience":666189,"potions_floor_usage":[],"damage_taken":[{"damage":1.0,"enemies":"Cultist","floor":1.0,"turns":5.0},{"damage":0.0,"enemies":"2 Louse","floor":2.0,"turns":2.0},{"damage":3.0,"enemies":"Jaw Worm","floor":4.0,"turns":5.0},{"damage":0.0,"enemies":"2 Fungi Beasts","floor":5.0,"turns":6.0},{"damage":16.0,"enemies":"Exordium Wildlife","floor":7.0,"turns":7.0},{"damage":3.0,"enemies":"3 Louse","floor":13.0,"turns":3.0},{"damage":0.0,"enemies":"2 Fungi Beasts","floor":14.0,"turns":3.0},{"damage":13.0,"enemies":"The Guardian","floor":16.0,"turns":10.0},{"damage":6.0,"enemies":"Spheric Guardian","floor":18.0,"turns":4.0},{"damage":11.0,"enemies":"Shell Parasite","floor":19.0,"turns":6.0},{"damage":7.0,"enemies":"Cultist and Chosen","floor":20.0,"turns":6.0},{"damage":9.0,"enemies":"3 Cultists","floor":22.0,"turns":5.0},{"damage":31.0,"enemies":"Book of Stabbing","floor":24.0,"turns":6.0},{"damage":1.0,"enemies":"Centurion and Healer","floor":27.0,"turns":7.0},{"damage":0.0,"enemies":"Snecko","floor":30.0,"turns":5.0},{"damage":5.0,"enemies":"Snake Plant","floor":31.0,"turns":5.0},{"damage":62,"enemies":"Collector","floor":33,"turns":7}],"event_choices":[{"event_name":"Vampires","player_choice":"Became a vampire","floor":21.0,"damage_taken":0.0},{"event_name":"Beggar","player_choice":"Ignored","floor":29.0,"damage_taken":0.0}],"boss_relics":[],"potions_floor_spawned":[2,13,16,18,22,31],"seed_played":"-4673271655915442215","killed_by":"Collector","ascension_level":15,"is_trial":false}