{"gold_per_floor":[113,113,113,129,145,145,158,158,237,265,77,105,124,157,157,256,256,272,287,287,38,95,124,124,136,203,375,387,434,483,526,538,647,659,708,795,194,194,260,286,286,317,317,317,26,54,74,116,116,116],"floor_reached":51,"playtime":2802,"items_purged":["Brutality","Regret"],"score":868,"play_id":"b1347326-d558-4d6f-b7a0-a0f313fca786","local_time":"20190513142954","is_ascension_mode":false,"campfire_choices":[{"data":"Whirlwind","floor":6,"key":"SMITH"},{"data":"Armaments","floor":15,"key":"SMITH"},{"data":"Shockwave","floor":25,"key":"SMITH"},{"data":"Inflame","floor":32,"key":"SMITH"},{"data":"Demon Form","floor":41,"key":"SMITH"},{"data":"Blind","floor":44,"key":"SMITH"},{"data":"Clothesline","floor":49,"key":"SMITH"}],"neow_cost":"NONE","seed_source_timestamp":810796606826200,"circlet_count":0,"master_deck":["Strike_R","Strike_R","Strike_R","Strike_R+1","Strike_R","Defend_R","Defend_R","Defend_R+1","Defend_R","Bash","Armaments+1","Whirlwind+1","Spot Weakness","Headbutt","Shrug It Off","Shockwave+1","Inflame+1","Reaper","Clothesline+1","Iron Wave+1","Anger","HandOfGreed","Impervious","Feel No Pain+1","Corruption+1","Headbutt","Demon Form+1","Impervious","Feel No Pain","Blind+1","Shrug It Off","Pommel Strike","Shockwave+1","Limit Break+1","Headbutt","Shrug It Off+1"],"relics":["Burning Blood","Letter Opener","Strawberry","Red Skull","Mercury Hourglass","PreservedInsect","Philosopher\u0027s Stone","Potion Belt","MawBank","Bag of Preparation","StoneCalendar","Bottled Flame","Juzu Bracelet","Cursed Key","ClockworkSouvenir","Dodecahedron","Smiling Mask","Toxic Egg 2","Centennial Puzzle","Kunai","Bird Faced Urn"],"potions_floor_usage":[10,12,18,19,27,33,40,42,50,50],"damage_taken":[{"damage":2,"enemies":"Small Slimes","floor":1,"turns":4},{"damage":2,"enemies":"Cultist","floor":4,"turns":4},{"damage":0,"enemies":"2 Louse","floor":5,"turns":1},{"damage":0,"enemies":"Exordium Wildlife","floor":7,"turns":3},{"damage":3,"enemies":"Lagavulin","floor":10,"turns":7},{"damage":14,"enemies":"Gremlin Nob","floor":12,"turns":3},{"damage":2,"enemies":"Looter","floor":13,"turns":3},{"damage":6,"enemies":"3 Sentries","floor":14,"turns":3},{"damage":26,"enemies":"Hexaghost","floor":16,"turns":9},{"damage":15,"enemies":"3 Byrds","floor":18,"turns":4},{"damage":11,"enemies":"Spheric Guardian","floor":19,"turns":3},{"damage":12,"enemies":"Shelled Parasite and Fungi","floor":22,"turns":9},{"damage":13,"enemies":"Slavers","floor":23,"turns":2},{"damage":9,"enemies":"Colosseum Slavers","floor":27,"turns":3},{"damage":11,"enemies":"Colosseum Nobs","floor":27,"turns":5},{"damage":0,"enemies":"Snake Plant","floor":29,"turns":4},{"damage":0,"enemies":"Snecko","floor":30,"turns":5},{"damage":9,"enemies":"Gremlin Leader","floor":31,"turns":4},{"damage":32,"enemies":"Collector","floor":33,"turns":10},{"damage":0,"enemies":"3 Darklings","floor":35,"turns":4},{"damage":0,"enemies":"3 Shapes","floor":39,"turns":6},{"damage":0,"enemies":"Reptomancer","floor":40,"turns":5},{"damage":0,"enemies":"Giant Head","floor":42,"turns":6},{"damage":31,"enemies":"Nemesis","floor":46,"turns":5},{"damage":3,"enemies":"Writhing Mass","floor":47,"turns":7},{"damage":12,"enemies":"Spire Growth","floor":48,"turns":5},{"damage":19,"enemies":"Donu and Deca","floor":50,"turns":7}],"seed_played":"-4361233833245529434","potions_obtained":[{"floor":5,"key":"Regen Potion"},{"floor":7,"key":"Energy Potion"},{"floor":10,"key":"AttackPotion"},{"floor":14,"key":"AttackPotion"},{"floor":16,"key":"AttackPotion"},{"floor":22,"key":"Explosive Potion"},{"floor":23,"key":"PowerPotion"},{"floor":29,"key":"Regen Potion"},{"floor":33,"key":"GamblersBrew"},{"floor":40,"key":"SkillPotion"},{"floor":42,"key":"Fire Potion"},{"floor":46,"key":"LiquidBronze"},{"floor":47,"key":"GamblersBrew"}],"is_trial":false,"path_per_floor":["M","?","?","M","M","R","M","?","T","E","$","E","M","E","R","B",null,"M","M","?","$","M","E","?","R","T","?","?","M","M","E","R","B",null,"M","?","$","?","M","E","R","E","T","R","$","E","M","M","R","B",null],"character_chosen":"IRONCLAD","items_purchased":["Shrug It Off","Red Skull","HandOfGreed","Impervious","ClockworkSouvenir","Blind","Dodecahedron","Kunai"],"campfire_rested":0,"item_purchase_floors":[11,11,21,21,37,37,37,45],"current_hp_per_floor":[80,64,64,68,74,74,80,80,80,87,87,79,83,83,83,63,87,86,87,87,87,81,74,74,74,74,70,70,76,87,87,87,82,87,87,79,79,87,87,87,87,87,87,87,87,62,87,83,83,87],"gold":116,"neow_bonus":"ONE_RANDOM_RARE_CARD","is_prod":false,"is_daily":false,"chose_seed":false,"campfire_upgraded":7,"win_rate":1,"timestamp":1557782994,"path_taken":["M","?","?","M","?","R","M","?","T","E","$","E","M","E","R","BOSS","M","M","?","$","M","E","?","R","T","?","?","M","?","E","R","BOSS","M","?","$","?","M","E","R","E","T","R","?","E","M","M","R","BOSS"],"build_version":"2019-01-23","purchased_purges":2,"victory":true,"max_hp_per_floor":[80,80,80,80,80,80,80,80,80,87,87,87,87,87,87,87,87,87,87,87,87,87,87,87,87,87,87,87,87,87,87,87,87,87,87,87,87,87,87,87,87,87,87,87,87,87,87,87,87,87],"card_choices":[{"not_picked":["Havoc","Wild Strike"],"picked":"Armaments","floor":1},{"not_picked":["Whirlwind","Corruption","Body Slam"],"picked":"SKIP","floor":4},{"not_picked":["Corruption","Body Slam"],"picked":"Whirlwind","floor":4},{"not_picked":["Cleave","Feel No Pain"],"picked":"Spot Weakness","floor":5},{"not_picked":["Twin Strike","True Grit"],"picked":"Power Through","floor":7},{"not_picked":["Brutality","Cleave"],"picked":"Headbutt","floor":10},{"not_picked":["Wild Strike","Perfected Strike"],"picked":"Shockwave","floor":12},{"not_picked":["Havoc","Wild Strike"],"picked":"Inflame","floor":13},{"not_picked":["Havoc","Clash","Body Slam"],"picked":"SKIP","floor":14},{"not_picked":["Offering","Dark Embrace"],"picked":"Reaper","floor":16},{"not_picked":["Body Slam","Sword Boomerang+1"],"picked":"Clothesline","floor":18},{"not_picked":["Perfected Strike","Dropkick"],"picked":"Iron Wave+1","floor":19},{"not_picked":["Wild Strike","Warcry"],"picked":"Feel No Pain+1","floor":22},{"not_picked":["Perfected Strike","Demon Form"],"picked":"Corruption+1","floor":23},{"not_picked":["Clash","Infernal Blade","Twin Strike"],"picked":"SKIP","floor":29},{"not_picked":["Searing Blow","Wild Strike"],"picked":"Headbutt","floor":30},{"not_picked":["Battle Trance","Body Slam"],"picked":"Demon Form","floor":31},{"not_picked":["Offering","Bludgeon"],"picked":"Impervious","floor":33},{"not_picked":["Carnage","Wild Strike"],"picked":"Feel No Pain","floor":35},{"not_picked":["Heavy Blade","Warcry"],"picked":"Shrug It Off","floor":39},{"not_picked":["Havoc","Bludgeon"],"picked":"Pommel Strike","floor":40},{"not_picked":["Sword Boomerang","Rage+1"],"picked":"Shockwave","floor":42},{"not_picked":["Combust+1","Body Slam"],"picked":"Limit Break+1","floor":46},{"not_picked":["Clothesline","Second Wind+1"],"picked":"Headbutt","floor":47},{"not_picked":["Perfected Strike","Carnage"],"picked":"Shrug It Off+1","floor":48}],"player_experience":772213,"relics_obtained":[{"floor":9,"key":"Letter Opener"},{"floor":10,"key":"Strawberry"},{"floor":12,"key":"Mercury Hourglass"},{"floor":14,"key":"PreservedInsect"},{"floor":23,"key":"Potion Belt"},{"floor":26,"key":"Bag of Preparation"},{"floor":27,"key":"StoneCalendar"},{"floor":27,"key":"Bottled Flame"},{"floor":31,"key":"Juzu Bracelet"},{"floor":40,"key":"Smiling Mask"},{"floor":42,"key":"Toxic Egg 2"},{"floor":43,"key":"Centennial Puzzle"},{"floor":46,"key":"Bird Faced Urn"}],"event_choices":[{"damage_healed":0,"gold_gain":0,"player_choice":"Entered Light","damage_taken":16,"max_hp_gain":0,"max_hp_loss":0,"event_name":"Shining Light","floor":2,"gold_loss":0,"cards_upgraded":["Strike_R","Defend_R"]},{"damage_healed":0,"gold_gain":0,"player_choice":"Ignored","damage_taken":0,"max_hp_gain":0,"max_hp_loss":0,"event_name":"NoteForYourself","floor":3,"gold_loss":0},{"damage_healed":0,"gold_gain":0,"player_choice":"Ignored","damage_taken":0,"max_hp_gain":0,"max_hp_loss":0,"event_name":"Liars Game","floor":8,"gold_loss":0},{"damage_healed":0,"gold_gain":0,"player_choice":"Read","damage_taken":0,"max_hp_gain":0,"max_hp_loss":0,"event_name":"The Library","floor":20,"gold_loss":0,"cards_obtained":["Anger"]},{"damage_healed":0,"gold_gain":0,"player_choice":"Opened","damage_taken":0,"relics_obtained":["MawBank"],"max_hp_gain":0,"max_hp_loss":0,"event_name":"The Mausoleum","floor":24,"gold_loss":0,"cards_obtained":["Writhe"]},{"damage_healed":0,"gold_gain":0,"player_choice":"Fight","damage_taken":0,"max_hp_gain":0,"max_hp_loss":0,"event_name":"Colosseum","floor":27,"gold_loss":0},{"damage_healed":0,"gold_gain":0,"player_choice":"Fought Nobs","damage_taken":0,"max_hp_gain":0,"max_hp_loss":0,"event_name":"Colosseum","floor":27,"gold_loss":0},{"cards_removed":["Writhe"],"damage_healed":0,"gold_gain":0,"player_choice":"Purged","damage_taken":0,"max_hp_gain":0,"max_hp_loss":0,"event_name":"Purifier","floor":28,"gold_loss":0},{"damage_healed":0,"gold_gain":75,"player_choice":"Touch","damage_taken":8,"max_hp_gain":0,"max_hp_loss":0,"event_name":"FaceTrader","floor":36,"gold_loss":0},{"cards_removed":["Power Through"],"damage_healed":8,"gold_gain":0,"player_choice":"Offered Uncommon","damage_taken":0,"max_hp_gain":0,"max_hp_loss":0,"event_name":"Bonfire Elementals","floor":38,"gold_loss":0}],"is_beta":false,"boss_relics":[{"not_picked":["Fusion Hammer","Eternal Feather"],"picked":"Philosopher\u0027s Stone"},{"not_picked":["White Beast Statue","Sozu"],"picked":"Cursed Key"}],"items_purged_floors":[37,45],"is_endless":false,"potions_floor_spawned":[5,7,10,14,16,22,23,29,33,40,42,46,47],"ascension_level":0}