{"gold_per_floor":[113,127,142,160,177,177,212,212,212,247,272,26,89,89,89,166,166,140,156,6,38,51,82,99,99,99,128,128,128,154,183,195,284,296,321,333,345,257,272,299,521,521,590,622,669,696,696,730,730,730,730,730,730,5,31,31],"floor_reached":57,"playtime":5024,"items_purged":["Strike_R","Strike_R","Twin Strike"],"score":3064,"play_id":"3d7ba371-e533-47f9-9876-cbc5c13f72ca","local_time":"20190513044512","is_ascension_mode":true,"campfire_choices":[{"data":"Bash","floor":6.0,"key":"SMITH"},{"floor":8.0,"key":"REST"},{"floor":15.0,"key":"REST"},{"floor":25.0,"key":"REST"},{"floor":29.0,"key":"REST"},{"floor":32.0,"key":"RECALL"},{"floor":42.0,"key":"REST"},{"floor":49.0,"key":"REST"},{"floor":53.0,"key":"REST"}],"neow_cost":"PERCENT_DAMAGE","seed_source_timestamp":381064201746700,"circlet_count":0,"master_deck":["AscendersBane","Bash+1","Shrug It Off","Feel No Pain","Reckless Charge","Iron Wave","Inflame","Sword Boomerang","Shrug It Off+1","Reaper","Metallicize","True Grit+1","Ghostly Armor+1","Whirlwind+1","Corruption","Entrench+1","Battle Trance+1","Necronomicurse","Feed","Disarm+1","Power Through+1","Rage+1","Body Slam","Intimidate+1","Shrug It Off+1","Feel No Pain","True Grit+1","Shrug It Off+1","Shrug It Off+1","Blind+1","Ghostly Armor+1"],"special_seed":0,"relics":["Burning Blood","Incense Burner","Self Forming Clay","Paper Frog","WingedGreaves","Odd Mushroom","Bronze Scales","Toxic Egg 2","Fusion Hammer","Red Mask","The Courier","Centennial Puzzle","Pen Nib","Necronomicon","Potion Belt","MawBank","Pandora\u0027s Box","Bottled Tornado","Anchor","Turnip","Molten Egg 2","Lantern","Vajra","Strawberry","Happy Flower","Mummified Hand","Dodecahedron"],"potions_floor_usage":[56,56,56,56],"damage_taken":[{"damage":7.0,"enemies":"Cultist","floor":1.0,"turns":4.0},{"damage":0.0,"enemies":"Small Slimes","floor":2.0,"turns":3.0},{"damage":7.0,"enemies":"Jaw Worm","floor":3.0,"turns":4.0},{"damage":22.0,"enemies":"Large Slime","floor":4.0,"turns":8.0},{"damage":20.0,"enemies":"Exordium Wildlife","floor":5.0,"turns":8.0},{"damage":23.0,"enemies":"Lagavulin","floor":7.0,"turns":9.0},{"damage":10.0,"enemies":"3 Sentries","floor":10.0,"turns":11.0},{"damage":18.0,"enemies":"The Mushroom Lair","floor":11.0,"turns":4.0},{"damage":9.0,"enemies":"3 Sentries","floor":13.0,"turns":7.0},{"damage":0.0,"enemies":"Slime Boss","floor":16.0,"turns":7.0},{"damage":14.0,"enemies":"2 Thieves","floor":18.0,"turns":4.0},{"damage":7.0,"enemies":"3 Byrds","floor":19.0,"turns":4.0},{"damage":38.0,"enemies":"Masked Bandits","floor":21.0,"turns":6.0},{"damage":4.0,"enemies":"Snecko","floor":22.0,"turns":8.0},{"damage":14.0,"enemies":"Gremlin Leader","floor":23.0,"turns":6.0},{"damage":2.0,"enemies":"Sentry and Sphere","floor":24.0,"turns":8.0},{"damage":40.0,"enemies":"Book of Stabbing","floor":27.0,"turns":6.0},{"damage":17.0,"enemies":"Gremlin Leader","floor":31.0,"turns":5.0},{"damage":18.0,"enemies":"Automaton","floor":33.0,"turns":9.0},{"damage":7.0,"enemies":"3 Darklings","floor":35.0,"turns":3.0},{"damage":0.0,"enemies":"Orb Walker","floor":39.0,"turns":2.0},{"damage":23.0,"enemies":"Giant Head","floor":40.0,"turns":6.0},{"damage":1.0,"enemies":"Nemesis","floor":44.0,"turns":7.0},{"damage":0.0,"enemies":"2 Orb Walkers","floor":45.0,"turns":2.0},{"damage":2.0,"enemies":"Giant Head","floor":46.0,"turns":6.0},{"damage":0.0,"enemies":"Nemesis","floor":48.0,"turns":5.0},{"damage":26.0,"enemies":"Time Eater","floor":50.0,"turns":14.0},{"damage":33.0,"enemies":"Awakened One","floor":51.0,"turns":13.0},{"damage":24,"enemies":"Shield and Spear","floor":55,"turns":8},{"damage":66,"enemies":"The Heart","floor":56,"turns":11}],"seed_played":"-4174527047152314386","potions_obtained":[{"floor":2.0,"key":"SteroidPotion"},{"floor":5.0,"key":"Ancient Potion"},{"floor":10.0,"key":"SteroidPotion"},{"floor":16.0,"key":"SteroidPotion"},{"floor":18.0,"key":"EssenceOfSteel"},{"floor":27.0,"key":"Weak Potion"},{"floor":33.0,"key":"Block Potion"},{"floor":39.0,"key":"GamblersBrew"},{"floor":45.0,"key":"FearPotion"},{"floor":46.0,"key":"SteroidPotion"}],"is_trial":false,"path_per_floor":["M","M","M","M","M","R","E","R","T","E","?","$","?","?","R","B",null,"M","M","$","?","M","E","M","R","T","E","?","R","T","E","R","B",null,"M","$","?","$","M","E","?","R","T","E","?","E","?","E","R","B","B",null,"R","$","E","B",null],"character_chosen":"IRONCLAD","items_purchased":["Bronze Scales","True Grit+1","Vajra","Strawberry","Happy Flower","Mummified Hand","Shrug It Off+1","SkillPotion","Blind+1"],"campfire_rested":7,"item_purchase_floors":[12,20,54,54,54,54,54,54,54],"current_hp_per_floor":[49,55,54,38,24,24,7,29,29,25,13,13,10,3,25,31,64,64,72,72,44,50,42,46,68,68,34,13,35,35,60,60,60,71,70,70,70,70,75,62,62,78,78,78,78,78,74,74,74,66,47,67,74,81,63,27],"gold":31,"neow_bonus":"ONE_RARE_RELIC","is_prod":false,"is_daily":false,"chose_seed":false,"campfire_upgraded":1,"win_rate":0,"timestamp":1557744312,"path_taken":["M","?","M","M","M","R","E","R","T","E","?","$","?","?","R","BOSS","M","M","$","?","M","E","M","R","T","E","?","R","?","E","R","BOSS","M","$","?","$","M","E","?","R","T","E","?","E","?","E","R","BOSS","BOSS","R","$","E","BOSS"],"build_version":"2019-01-23","purchased_purges":3,"victory":true,"max_hp_per_floor":[75,75,75,75,75,75,75,75,75,75,75,75,75,75,75,75,75,75,75,75,75,75,75,75,75,75,75,75,75,75,75,75,75,75,75,75,75,75,75,78,78,78,78,78,78,78,74,74,74,74,74,74,74,81,81,81],"card_choices":[{"not_picked":["Perfected Strike","Dual Wield"],"picked":"Shrug It Off","floor":1.0},{"not_picked":["Second Wind","Warcry"],"picked":"Twin Strike","floor":2.0},{"not_picked":["Twin Strike","Metallicize"],"picked":"Feel No Pain","floor":3.0},{"not_picked":["Second Wind","Warcry","Rage"],"picked":"SKIP","floor":4.0},{"not_picked":["Pommel Strike","Clothesline"],"picked":"Reckless Charge","floor":5.0},{"not_picked":["Rupture","Cleave"],"picked":"Iron Wave","floor":7.0},{"not_picked":["Sword Boomerang","Iron Wave"],"picked":"Inflame","floor":10.0},{"not_picked":["Brutality","Infernal Blade"],"picked":"Sword Boomerang","floor":11.0},{"not_picked":["Cleave","Searing Blow"],"picked":"Shrug It Off","floor":13.0},{"not_picked":["Dark Embrace","Fiend Fire"],"picked":"Reaper","floor":16.0},{"not_picked":["Heavy Blade","Headbutt+1"],"picked":"Metallicize","floor":18.0},{"not_picked":["Flex+1","Whirlwind","Heavy Blade"],"picked":"SKIP","floor":19.0},{"not_picked":["Sever Soul","Uppercut"],"picked":"Ghostly Armor+1","floor":21.0},{"not_picked":["Headbutt","Clothesline"],"picked":"Whirlwind+1","floor":22.0},{"not_picked":["Rampage+1","Reckless Charge"],"picked":"Corruption","floor":23.0},{"not_picked":["Sentinel+1","Fire Breathing"],"picked":"Entrench+1","floor":24.0},{"not_picked":["Armaments+1","Brutality"],"picked":"Battle Trance+1","floor":27.0},{"not_picked":["Thunderclap","Infernal Blade+1","Sever Soul"],"picked":"SKIP","floor":31.0},{"not_picked":["Exhume+1","Dark Embrace"],"picked":"Feed","floor":33.0},{"not_picked":["Wild Strike","Iron Wave"],"picked":"Shrug It Off+1","floor":35.0},{"not_picked":["Blood for Blood","Perfected Strike","Reckless Charge"],"picked":"SKIP","floor":39.0},{"not_picked":["Armaments+1","Wild Strike+1","Fiend Fire"],"picked":"SKIP","floor":40.0},{"not_picked":["Berserk","Havoc+1"],"picked":"Feel No Pain","floor":44.0},{"not_picked":["Twin Strike","Heavy Blade"],"picked":"True Grit+1","floor":45.0},{"not_picked":["Brutality","Sword Boomerang","Dual Wield+1"],"picked":"SKIP","floor":46.0},{"not_picked":["Inflame","Rage+1"],"picked":"Shrug It Off+1","floor":48.0},{"not_picked":["Whirlwind+1","Twin Strike+1"],"picked":"Ghostly Armor+1","floor":55}],"player_experience":1743873,"relics_obtained":[{"floor":7.0,"key":"Self Forming Clay"},{"floor":9.0,"key":"Paper Frog"},{"floor":10.0,"key":"WingedGreaves"},{"floor":11.0,"key":"Odd Mushroom"},{"floor":13.0,"key":"Toxic Egg 2"},{"floor":21.0,"key":"Red Mask"},{"floor":23.0,"key":"The Courier"},{"floor":26.0,"key":"Centennial Puzzle"},{"floor":27.0,"key":"Pen Nib"},{"floor":28.0,"key":"Necronomicon"},{"floor":30.0,"key":"Potion Belt"},{"floor":31.0,"key":"MawBank"},{"floor":40.0,"key":"Bottled Tornado"},{"floor":44.0,"key":"Anchor"},{"floor":45.0,"key":"Turnip"},{"floor":46.0,"key":"Molten Egg 2"},{"floor":48.0,"key":"Lantern"},{"floor":55,"key":"Dodecahedron"}],"event_choices":[{"damage_healed":0.0,"max_hp_gain":0.0,"max_hp_loss":0.0,"gold_gain":0.0,"event_name":"Mushrooms","player_choice":"Fought Mushrooms","floor":11.0,"gold_loss":0.0,"damage_taken":0.0},{"damage_healed":0.0,"max_hp_gain":0.0,"max_hp_loss":0.0,"gold_gain":0.0,"event_name":"Dead Adventurer","player_choice":"Searched \u00271\u0027 times","floor":13.0,"gold_loss":0.0,"damage_taken":0.0},{"cards_removed":["Strike_R"],"damage_healed":0.0,"max_hp_gain":0.0,"max_hp_loss":0.0,"gold_gain":0.0,"event_name":"Golden Wing","player_choice":"Card Removal","floor":14.0,"gold_loss":0.0,"damage_taken":7.0},{"damage_healed":0.0,"max_hp_gain":0.0,"max_hp_loss":0.0,"gold_gain":0.0,"event_name":"Masked Bandits","player_choice":"Fought Bandits","floor":21.0,"gold_loss":0.0,"damage_taken":0.0},{"damage_healed":0.0,"max_hp_gain":0.0,"max_hp_loss":0.0,"gold_gain":0.0,"event_name":"Cursed Tome","player_choice":"Obtained Book","floor":28.0,"gold_loss":0.0,"damage_taken":21.0},{"cards_removed":["Bludgeon"],"damage_healed":0.0,"max_hp_gain":0.0,"max_hp_loss":0.0,"gold_gain":0.0,"event_name":"Falling","player_choice":"Removed Attack","floor":37.0,"gold_loss":0.0,"damage_taken":0.0},{"damage_healed":0.0,"max_hp_gain":0.0,"max_hp_loss":0.0,"gold_gain":222.0,"event_name":"Tomb of Lord Red Mask","player_choice":"Wore Mask","floor":41.0,"gold_loss":0.0,"damage_taken":0.0},{"damage_healed":0.0,"max_hp_gain":0.0,"max_hp_loss":0.0,"gold_gain":0.0,"event_name":"Mysterious Sphere","player_choice":"Fight","floor":45.0,"gold_loss":0.0,"damage_taken":0.0},{"damage_healed":0.0,"max_hp_gain":0.0,"max_hp_loss":4.0,"gold_gain":0.0,"event_name":"Winding Halls","player_choice":"Max HP","floor":47.0,"gold_loss":0.0,"damage_taken":0.0}],"is_beta":false,"boss_relics":[{"not_picked":["White Beast Statue","Tiny House"],"picked":"Fusion Hammer"},{"not_picked":["Eternal Feather","Runic Cube"],"picked":"Pandora\u0027s Box"}],"items_purged_floors":[12,20,38],"is_endless":false,"potions_floor_spawned":[2,5,10,16,18,19,27,33,39,45,46],"ascension_level":20}