{"path_per_floor":["M","?","$","M","M","R","M","M","T","T","M","R","?","$","R","B",null,"M","?","$","?","?","R","M","R","T","M","M"],"character_chosen":"THE_SILENT","items_purchased":[],"gold_per_floor":[114,144,69,85,99,99,119,139,139,139,153,153,153,53,53,148,178,189,189,64,64,64,64,78,78,378,398,417],"floor_reached":29,"campfire_rested":1,"playtime":1634,"current_hp_per_floor":[65,62,62,62,60,60,52,46,46,46,46,46,46,46,67,24,75,75,75,75,75,61,61,57,57,57,52,28],"items_purged":["Pain","Defend_G","Strike_G"],"gold":417,"score":215,"play_id":"9f6d9aac-09fd-48d1-bc08-9842f0a40b4a","local_time":"20180316102531","is_prod":false,"is_daily":false,"is_ascension_mode":false,"campfire_upgraded":4,"timestamp":1521217531,"path_taken":["M","?","$","?","M","R","M","M","T","?","M","R","?","$","R","BOSS","M","?","$","?","?","R","M","R","T","M","M","E"],"build_version":"2018-03-09","purchased_purges":3,"victory":false,"master_deck":["Defend_G","Defend_G","Defend_G","Strike_G","Strike_G","Strike_G","Strike_G+1","Survivor+1","Neutralize+1","Heel Hook+1","Finesse+1"],"max_hp_per_floor":[70,70,70,70,70,70,70,70,70,70,70,70,70,70,70,70,75,75,75,75,75,80,80,80,80,80,80,80],"relics":["Calling Bell","Gambling Chip","Ice Cream","Art of War","Tiny Chest","Du-Vu Doll","Ninja Scroll","Tiny House","Old Coin"],"card_choices":[{"not_picked":["Concentrate","Calculated Gamble"],"picked":"Heel Hook"}],"player_experience":651404,"potions_floor_usage":[28,29],"damage_taken":[{"damage":5.0,"enemies":"Small Slimes","floor":1.0,"turns":5.0},{"damage":0.0,"enemies":"Jaw Worm","floor":4.0,"turns":6.0},{"damage":2.0,"enemies":"2 Louse","floor":5.0,"turns":4.0},{"damage":8.0,"enemies":"Lots of Slimes","floor":7.0,"turns":6.0},{"damage":6.0,"enemies":"Exordium Wildlife","floor":8.0,"turns":6.0},{"damage":0.0,"enemies":"2 Fungi Beasts","floor":11.0,"turns":1.0},{"damage":43.0,"enemies":"Slime Boss","floor":16.0,"turns":14.0},{"damage":0.0,"enemies":"3 Byrds","floor":18.0,"turns":6.0},{"damage":16.0,"enemies":"2 Thieves","floor":24.0,"turns":5.0},{"damage":20.0,"enemies":"3 Cultists","floor":27.0,"turns":7.0},{"damage":24,"enemies":"Cultist and Chosen","floor":28,"turns":8},{"damage":36,"enemies":"Slavers","floor":29,"turns":7}],"event_choices":[{"event_name":"Scrap Ooze","player_choice":"success","floor":2.0,"damage_taken":3.0},{"event_name":"Fountain of Cleansing","player_choice":"Removed Curse","floor":13.0,"damage_taken":0.0},{"event_name":"Back to Basics","player_choice":"Elegance","floor":19.0,"damage_taken":0.0},{"event_name":"Match and Keep!","player_choice":"1 cards matched","floor":21.0,"damage_taken":0.0},{"event_name":"Forgotten Altar","player_choice":"Shed Blood","floor":22.0,"damage_taken":0.0}],"boss_relics":[],"potions_floor_spawned":[8,11,16,18,27,28],"seed_played":"6545094870522051964","killed_by":"Slavers","ascension_level":0,"is_trial":false}