{"gold_per_floor":[116,127,127,45,58,123,123,143,168,199,199,274,307,4,4,107,157,172,172,188,203,123,123,135,135,135,135,135,167,186,220,220,320,320,330,409,409,84,96,96,108,127,127,127,145,145,145,145,145,145],"floor_reached":51,"playtime":3811,"items_purged":[],"score":805,"play_id":"bbacc2ad-89c7-4ecb-b329-57045f0dad66","local_time":"20190513132829","is_ascension_mode":true,"campfire_choices":[{"data":"Footwork","floor":7,"key":"SMITH"},{"floor":11,"key":"REST"},{"floor":15,"key":"REST"},{"data":"Caltrops","floor":23,"key":"SMITH"},{"data":"Cloak And Dagger","floor":25,"key":"SMITH"},{"data":"Noxious Fumes","floor":28,"key":"SMITH"},{"floor":32,"key":"REST"},{"data":"Storm of Steel","floor":40,"key":"SMITH"},{"data":"Adrenaline","floor":44,"key":"SMITH"},{"data":"Catalyst","floor":47,"key":"SMITH"},{"data":"Cloak And Dagger","floor":49,"key":"SMITH"}],"neow_cost":"NONE","seed_source_timestamp":584981717983200,"circlet_count":0,"master_deck":["Defend_G+1","Defend_G","Defend_G","Defend_G","Defend_G","Strike_G","Strike_G","Strike_G+1","Strike_G","Strike_G","Survivor","Neutralize+1","Cloak And Dagger+1","Dodge and Roll","Footwork+1","Cloak And Dagger+1","Well Laid Plans","Sucker Punch","Noxious Fumes+1","Quick Slash+1","Adrenaline+1","PiercingWail","RitualDagger","Footwork","Caltrops+1","Trip","Storm of Steel+1","Backstab+1","All Out Attack+1","Burst","Predator+1","Cloak And Dagger+1","Blur+1","Dash+1","Catalyst+1"],"relics":["Ring of the Snake","NeowsBlessing","Tiny Chest","Boot","Juzu Bracelet","Strawberry","Shuriken","Tiny House","Molten Egg 2","Centennial Puzzle","Oddly Smooth Stone","Runic Dome","Gremlin Horn","Mercury Hourglass","Whetstone"],"potions_floor_usage":[6,13,29,31,35,50,50],"damage_taken":[{"damage":0,"enemies":"Cultist","floor":1,"turns":1},{"damage":0,"enemies":"2 Louse","floor":2,"turns":1},{"damage":0,"enemies":"Jaw Worm","floor":5,"turns":1},{"damage":38,"enemies":"Lagavulin","floor":6,"turns":11},{"damage":1,"enemies":"2 Fungi Beasts","floor":8,"turns":5},{"damage":16,"enemies":"3 Sentries","floor":10,"turns":11},{"damage":20,"enemies":"Gremlin Nob","floor":13,"turns":5},{"damage":8,"enemies":"The Guardian","floor":16,"turns":14},{"damage":5,"enemies":"Spheric Guardian","floor":18,"turns":6},{"damage":6,"enemies":"Shell Parasite","floor":20,"turns":10},{"damage":12,"enemies":"Snake Plant","floor":21,"turns":7},{"damage":12,"enemies":"Snecko","floor":24,"turns":7},{"damage":0,"enemies":"Gremlin Leader","floor":29,"turns":8},{"damage":18,"enemies":"Shelled Parasite and Fungi","floor":30,"turns":6},{"damage":10,"enemies":"Slavers","floor":31,"turns":5},{"damage":27,"enemies":"Automaton","floor":33,"turns":11},{"damage":11,"enemies":"3 Darklings","floor":35,"turns":4},{"damage":1,"enemies":"Orb Walker","floor":39,"turns":2},{"damage":36,"enemies":"3 Darklings","floor":41,"turns":5},{"damage":3,"enemies":"4 Shapes","floor":42,"turns":4},{"damage":14,"enemies":"Jaw Worm Horde","floor":45,"turns":4},{"damage":49,"enemies":"Time Eater","floor":50,"turns":12}],"seed_played":"-1019630625120869157","potions_obtained":[{"floor":5,"key":"Energy Potion"},{"floor":6,"key":"Energy Potion"},{"floor":13,"key":"Swift Potion"},{"floor":16,"key":"GhostInAJar"},{"floor":30,"key":"Swift Potion"},{"floor":31,"key":"GhostInAJar"},{"floor":35,"key":"Poison Potion"},{"floor":39,"key":"GhostInAJar"},{"floor":45,"key":"Ancient Potion"}],"is_trial":false,"path_per_floor":["M","M","?","$","M","E","R","M","T","E","R","?","E","$","R","B",null,"M","?","M","M","$","R","M","R","T","?","R","E","M","E","R","B",null,"M","T","?","$","M","R","M","M","T","R","M","?","R","?","R","B",null],"character_chosen":"THE_SILENT","items_purchased":["Footwork","Shuriken","Fire Potion","Caltrops","Mercury Hourglass","Predator+1"],"campfire_rested":3,"item_purchase_floors":[4,14,14,22,38,38],"current_hp_per_floor":[70,70,70,70,70,32,32,31,31,15,36,25,12,12,35,27,82,77,71,65,53,53,53,41,41,41,41,41,41,23,13,37,10,82,71,71,71,71,70,70,34,31,31,31,17,72,72,68,68,19],"gold":145,"neow_bonus":"THREE_ENEMY_KILL","is_prod":false,"is_daily":false,"chose_seed":false,"campfire_upgraded":8,"win_rate":0,"timestamp":1557734309,"path_taken":["M","?","?","$","M","E","R","M","T","E","R","?","E","?","R","BOSS","M","?","M","M","$","R","M","R","T","?","R","E","M","E","R","BOSS","M","?","?","$","M","R","M","M","T","R","M","?","R","?","R","BOSS"],"build_version":"2019-01-23","purchased_purges":0,"victory":true,"max_hp_per_floor":[70,70,70,70,70,70,70,70,70,70,70,70,77,77,77,77,82,82,82,82,82,82,82,82,82,82,82,82,82,82,82,82,82,82,82,82,82,82,82,82,82,82,82,82,82,72,72,68,68,68],"card_choices":[{"not_picked":["Backflip","Choke"],"picked":"Cloak And Dagger","floor":1},{"not_picked":["Terror","Slice"],"picked":"Dodge and Roll","floor":2},{"not_picked":["Acrobatics","Backflip"],"picked":"Cloak And Dagger","floor":5},{"not_picked":["Deadly Poison","Dagger Throw"],"picked":"Well Laid Plans","floor":6},{"not_picked":["Bane","Poisoned Stab"],"picked":"Sucker Punch","floor":8},{"not_picked":["Finisher","Escape Plan"],"picked":"Noxious Fumes","floor":10},{"not_picked":["Blade Dance","Riddle With Holes"],"picked":"Quick Slash","floor":13},{"not_picked":["Envenom","Grand Finale"],"picked":"Adrenaline","floor":16},{"not_picked":["Bane","Tactician"],"picked":"PiercingWail","floor":17},{"not_picked":["Setup+1","Bane","Blur"],"picked":"SKIP","floor":18},{"not_picked":["Dodge and Roll","Distraction"],"picked":"Footwork","floor":20},{"not_picked":["Bane","Slice"],"picked":"Dagger Throw+1","floor":21},{"not_picked":["Poisoned Stab","Well Laid Plans","Underhanded Strike"],"picked":"SKIP","floor":24},{"not_picked":["Acrobatics","Deadly Poison"],"picked":"Storm of Steel","floor":29},{"not_picked":["Prepared","Dodge and Roll"],"picked":"Backstab+1","floor":30},{"not_picked":["Poisoned Stab+1","Deflect"],"picked":"All Out Attack+1","floor":31},{"not_picked":["Unload+1","Die Die Die+1"],"picked":"Burst","floor":33},{"not_picked":["Acrobatics","Caltrops","Cloak And Dagger"],"picked":"SKIP","floor":35},{"not_picked":["Riddle With Holes+1","Backflip"],"picked":"Cloak And Dagger+1","floor":39},{"not_picked":["Sucker Punch+1","Underhanded Strike+1"],"picked":"Blur+1","floor":41},{"not_picked":["Outmaneuver+1","Tactician"],"picked":"Dash+1","floor":42},{"not_picked":["Phantasmal Killer","Sucker Punch+1"],"picked":"Catalyst","floor":45}],"player_experience":176849,"relics_obtained":[{"floor":6,"key":"Tiny Chest"},{"floor":9,"key":"Boot"},{"floor":10,"key":"Juzu Bracelet"},{"floor":13,"key":"Strawberry"},{"floor":26,"key":"Molten Egg 2"},{"floor":29,"key":"Centennial Puzzle"},{"floor":31,"key":"Oddly Smooth Stone"},{"floor":36,"key":"Gremlin Horn"},{"floor":43,"key":"Whetstone"}],"event_choices":[{"damage_healed":0,"gold_gain":0,"player_choice":"Grow","damage_taken":0,"max_hp_gain":0,"max_hp_loss":0,"event_name":"Living Wall","floor":3,"gold_loss":0,"cards_upgraded":["Neutralize"]},{"damage_healed":0,"gold_gain":75,"player_choice":"Gather Gold","damage_taken":11,"max_hp_gain":0,"max_hp_loss":0,"event_name":"World of Goop","floor":12,"gold_loss":0},{"damage_healed":0,"gold_gain":0,"player_choice":"Joined the Cult","damage_taken":6,"max_hp_gain":0,"max_hp_loss":0,"event_name":"Nest","floor":19,"gold_loss":0,"cards_obtained":["RitualDagger"]},{"damage_healed":0,"gold_gain":0,"player_choice":"1 cards matched","damage_taken":0,"max_hp_gain":0,"max_hp_loss":0,"event_name":"Match and Keep!","floor":27,"gold_loss":0,"cards_obtained":["Trip"]},{"cards_removed":["Dagger Throw"],"damage_healed":0,"gold_gain":0,"player_choice":"Removed Attack","damage_taken":0,"max_hp_gain":0,"max_hp_loss":0,"event_name":"Falling","floor":37,"gold_loss":0},{"damage_healed":72,"gold_gain":0,"player_choice":"Heal","damage_taken":0,"max_hp_gain":0,"max_hp_loss":10,"event_name":"The Moai Head","floor":46,"gold_loss":0},{"damage_healed":0,"gold_gain":0,"player_choice":"Max HP","damage_taken":0,"max_hp_gain":0,"max_hp_loss":4,"event_name":"Winding Halls","floor":48,"gold_loss":0}],"is_beta":false,"boss_relics":[{"not_picked":["Snecko Eye","Orrery"],"picked":"Tiny House"},{"not_picked":["Velvet Choker","Calling Bell"],"picked":"Runic Dome"}],"items_purged_floors":[],"is_endless":false,"potions_floor_spawned":[5,6,13,16,24,30,31,35,39,45],"ascension_level":3}