{"gold_per_floor":[110,110,35,35,47,47,73,73,73,73,104,120,138,170,170,268,268,287,307,324,175,175,175,207,207,207,221,13,13,41,52,52,156,156,167,26,38,56,67,67,94,94,94,123,139,139,153,153,153,153],"floor_reached":51,"playtime":2941,"items_purged":["Strike_R","Strike_R","Strike_R"],"score":905,"play_id":"e2069bff-a14c-4ead-8818-57461d567a4d","local_time":"20181212193225","is_ascension_mode":true,"campfire_choices":[{"data":"Pummel","floor":6,"key":"SMITH"},{"data":"Inflame","floor":8,"key":"SMITH"},{"floor":10,"key":"REST"},{"data":"Feed","floor":15,"key":"SMITH"},{"data":"Armaments","floor":23,"key":"SMITH"},{"data":"Sword Boomerang","floor":25,"key":"SMITH"},{"data":"Sword Boomerang","floor":29,"key":"SMITH"},{"data":"Flex","floor":32,"key":"SMITH"},{"data":"Apotheosis","floor":40,"key":"SMITH"},{"floor":42,"key":"REST"},{"data":"Heavy Blade","floor":46,"key":"SMITH"},{"floor":49,"key":"REST"}],"neow_cost":"PERCENT_DAMAGE","seed_source_timestamp":81363825178160,"circlet_count":0,"master_deck":["Strike_R","Strike_R","Defend_R","Defend_R","Defend_R","Bash","True Grit","Pummel+1","Inflame+1","Feed+1","Heavy Blade","Sword Boomerang+1","Inflame+1","Juggernaut+1","Heavy Blade+1","Cleave","Armaments+1","Flex+1","Sword Boomerang+1","Berserk+1","Apotheosis+1","Reaper","Metallicize+1","Heavy Blade+1","Clothesline"],"relics":["Black Blood","FossilizedHelix","PreservedInsect","Paper Frog","Pen Nib","Frozen Egg 2","Velvet Choker","Happy Flower","Pantograph","Smiling Mask","Membership Card","Meat on the Bone","Sundial","Toxic Egg 2","Regal Pillow"],"potions_floor_usage":[16,33,39,39,50,50,50],"damage_taken":[{"damage":0,"enemies":"2 Louse","floor":1,"turns":3},{"damage":9,"enemies":"Cultist","floor":5,"turns":4},{"damage":14,"enemies":"Gremlin Nob","floor":7,"turns":4},{"damage":18,"enemies":"Lagavulin","floor":11,"turns":4},{"damage":0,"enemies":"Jaw Worm","floor":12,"turns":2},{"damage":0,"enemies":"Large Slime","floor":13,"turns":4},{"damage":0,"enemies":"Gremlin Nob","floor":14,"turns":3},{"damage":44,"enemies":"Hexaghost","floor":16,"turns":5},{"damage":14,"enemies":"3 Byrds","floor":18,"turns":4},{"damage":5,"enemies":"Chosen","floor":19,"turns":2},{"damage":0,"enemies":"Sentry and Sphere","floor":20,"turns":3},{"damage":29,"enemies":"Book of Stabbing","floor":24,"turns":4},{"damage":7,"enemies":"Snake Plant","floor":27,"turns":2},{"damage":30,"enemies":"Slavers","floor":30,"turns":3},{"damage":0,"enemies":"Snecko","floor":31,"turns":3},{"damage":43,"enemies":"Collector","floor":33,"turns":6},{"damage":16,"enemies":"3 Darklings","floor":35,"turns":4},{"damage":21,"enemies":"Orb Walker","floor":37,"turns":4},{"damage":27,"enemies":"Transient","floor":38,"turns":5},{"damage":13,"enemies":"Jaw Worm Horde","floor":39,"turns":4},{"damage":51,"enemies":"Nemesis","floor":41,"turns":5},{"damage":0,"enemies":"Giant Head","floor":44,"turns":5},{"damage":10,"enemies":"Sphere and 2 Shapes","floor":45,"turns":3},{"damage":40,"enemies":"4 Shapes","floor":47,"turns":4},{"damage":95,"enemies":"Awakened One","floor":50,"turns":8}],"seed_played":"-2833304519516213295","potions_obtained":[{"floor":5,"key":"GamblersBrew"},{"floor":7,"key":"SpeedPotion"},{"floor":11,"key":"SteroidPotion"},{"floor":18,"key":"SpeedPotion"},{"floor":27,"key":"SteroidPotion"},{"floor":38,"key":"Strength Potion"},{"floor":39,"key":"Fruit Juice"},{"floor":41,"key":"SkillPotion"}],"is_trial":false,"path_per_floor":["M","?","$","$","M","R","E","R","T","R","E","M","M","E","R","B",null,"M","M","M","$","?","R","E","R","T","M","$","R","E","M","R","B",null,"M","$","M","M","M","R","E","R","T","E","M","R","M","?","R","B",null],"character_chosen":"IRONCLAD","items_purchased":["Armaments","Membership Card","Apotheosis"],"campfire_rested":3,"item_purchase_floors":[21,28,36],"current_hp_per_floor":[62,62,62,62,59,59,51,51,51,75,63,69,78,83,83,45,83,79,84,90,90,90,90,67,67,67,70,70,70,50,56,56,56,99,93,93,86,69,92,92,66,98,98,108,108,108,82,82,112,65],"gold":153,"neow_bonus":"ONE_RARE_RELIC","is_prod":false,"is_daily":false,"chose_seed":false,"campfire_upgraded":9,"win_rate":0,"timestamp":1544664745,"path_taken":["M","?","?","$","?","R","E","R","T","R","E","M","M","E","R","BOSS","M","M","M","$","?","R","E","R","T","M","$","R","E","M","R","BOSS","M","$","M","M","M","R","E","R","T","E","M","R","M","?","R","BOSS"],"build_version":"2018-12-06","purchased_purges":3,"victory":true,"max_hp_per_floor":[80,80,80,80,80,80,80,80,80,80,80,80,83,83,83,83,83,87,91,91,91,91,91,91,91,91,95,95,95,99,99,99,99,99,99,99,103,103,108,108,108,108,108,108,108,108,112,112,112,112],"card_choices":[{"not_picked":["Perfected Strike","Havoc"],"picked":"True Grit","floor":1},{"not_picked":["Disarm","Headbutt"],"picked":"Pummel","floor":5},{"not_picked":["Feed","Pommel Strike"],"picked":"Inflame","floor":7},{"not_picked":["Armaments","Second Wind"],"picked":"Feed","floor":11},{"not_picked":["Pommel Strike","Wild Strike"],"picked":"Heavy Blade","floor":12},{"not_picked":["Shrug It Off","Wild Strike"],"picked":"Sword Boomerang","floor":13},{"not_picked":["Sword Boomerang","Juggernaut"],"picked":"Inflame","floor":14},{"not_picked":["Exhume","Offering"],"picked":"Juggernaut+1","floor":16},{"not_picked":["Entrench","Clothesline"],"picked":"Heavy Blade+1","floor":18},{"not_picked":["Wild Strike+1","True Grit"],"picked":"Cleave","floor":19},{"not_picked":["Shrug It Off","Seeing Red","True Grit"],"picked":"SKIP","floor":20},{"not_picked":["Clash","Wild Strike"],"picked":"Flex","floor":24},{"not_picked":["Flex","Pummel+1"],"picked":"Sword Boomerang","floor":27},{"not_picked":["Heavy Blade+1","Sentinel","Shockwave"],"picked":"SKIP","floor":30},{"not_picked":["Rupture+1","Havoc","Corruption+1"],"picked":"SKIP","floor":31},{"not_picked":["Fiend Fire","Impervious"],"picked":"Berserk+1","floor":33},{"not_picked":["Body Slam","Cleave","Sword Boomerang+1"],"picked":"SKIP","floor":35},{"not_picked":["Body Slam","Headbutt"],"picked":"Reaper","floor":37},{"not_picked":["Anger+1","Combust+1"],"picked":"Metallicize+1","floor":38},{"not_picked":["Iron Wave","Thunderclap"],"picked":"Heavy Blade","floor":39},{"not_picked":["Combust+1","Wild Strike","Havoc+1"],"picked":"SKIP","floor":41},{"not_picked":["Anger","Perfected Strike","Clash+1"],"picked":"SKIP","floor":44},{"not_picked":["Body Slam+1","Reckless Charge+1","Sentinel+1"],"picked":"SKIP","floor":45},{"not_picked":["Clash","Dark Embrace+1"],"picked":"Clothesline","floor":47}],"player_experience":66495,"relics_obtained":[{"floor":7,"key":"PreservedInsect"},{"floor":9,"key":"Paper Frog"},{"floor":11,"key":"Pen Nib"},{"floor":14,"key":"Frozen Egg 2"},{"floor":24,"key":"Pantograph"},{"floor":26,"key":"Smiling Mask"},{"floor":30,"key":"Meat on the Bone"},{"floor":41,"key":"Sundial"},{"floor":43,"key":"Toxic Egg 2"},{"floor":44,"key":"Regal Pillow"}],"event_choices":[{"damage_healed":0,"gold_gain":0,"player_choice":"Bought 0 Potions","damage_taken":0,"max_hp_gain":0,"max_hp_loss":0,"event_name":"The Woman in Blue","floor":2,"gold_loss":0},{"damage_healed":0,"gold_gain":0,"player_choice":"Opened","damage_taken":0,"relics_obtained":["Happy Flower"],"max_hp_gain":0,"max_hp_loss":0,"event_name":"The Mausoleum","floor":22,"gold_loss":0},{"cards_removed":["Defend_R"],"damage_healed":0,"gold_gain":0,"player_choice":"Removed Skill","damage_taken":0,"max_hp_gain":0,"max_hp_loss":0,"event_name":"Falling","floor":48,"gold_loss":0}],"is_beta":false,"boss_relics":[{"not_picked":["Runic Pyramid","Runic Dome"],"picked":"Velvet Choker"},{"not_picked":["Tiny House","Calling Bell"],"picked":"Black Blood"}],"items_purged_floors":[3,21,36],"is_endless":false,"potions_floor_spawned":[5,7,11,12,18,20,24,27,38,39,41,47],"ascension_level":1}