{"gold_per_floor":[13,13,23,42,42,42,77,91,114,114,114,24,36,51,51,154,154,173,190,190,115,115],"floor_reached":22,"playtime":1657,"items_purged":["Strike_R"],"score":223,"play_id":"08e0103d-3c54-4ec7-8bff-11a5541a536c","local_time":"20190513012531","is_ascension_mode":true,"campfire_choices":[{"data":"True Grit","floor":6,"key":"SMITH"},{"floor":11,"key":"REST"},{"floor":15,"key":"REST"}],"neow_cost":"NO_GOLD","seed_source_timestamp":232278026989061,"circlet_count":0,"master_deck":["Strike_R","Strike_R","Strike_R","Strike_R","Defend_R","Defend_R","Defend_R","Defend_R","Bash","Twin Strike","True Grit+1","Sword Boomerang","Clothesline","Juggernaut+1","Metallicize","Shrug It Off","Feel No Pain","Pummel","Feed","Whirlwind","Havoc","Whirlwind","Dual Wield"],"relics":["Burning Blood","StoneCalendar","Juzu Bracelet","Bag of Marbles","Oddly Smooth Stone","Orrery"],"potions_floor_usage":[8,16,19],"damage_taken":[{"damage":9,"enemies":"Jaw Worm","floor":1,"turns":5},{"damage":8,"enemies":"2 Louse","floor":3,"turns":3},{"damage":4,"enemies":"Cultist","floor":4,"turns":4},{"damage":19,"enemies":"Gremlin Nob","floor":7,"turns":4},{"damage":26,"enemies":"Exordium Thugs","floor":8,"turns":6},{"damage":7,"enemies":"Gremlin Gang","floor":13,"turns":5},{"damage":8,"enemies":"3 Louse","floor":14,"turns":5},{"damage":53,"enemies":"Slime Boss","floor":16,"turns":7},{"damage":13,"enemies":"Spheric Guardian","floor":18,"turns":4},{"damage":43,"enemies":"2 Thieves","floor":19,"turns":5},{"damage":27,"enemies":"Cultist and Chosen","floor":22,"turns":3}],"seed_played":"1809890649175438581","potions_obtained":[{"floor":4,"key":"Explosive Potion"},{"floor":7,"key":"SpeedPotion"},{"floor":8,"key":"GamblersBrew"},{"floor":18,"key":"SteroidPotion"}],"is_trial":false,"path_per_floor":["M","?","M","M","?","R","E","M","T","?","R","$","M","M","R","B",null,"M","M","?","$","M"],"character_chosen":"IRONCLAD","items_purchased":["Metallicize","Shrug It Off"],"campfire_rested":2,"item_purchase_floors":[12,12],"current_hp_per_floor":[77,59,57,59,59,59,46,26,26,26,50,50,49,47,71,24,80,73,36,21,21,0],"gold":115,"neow_bonus":"ONE_RARE_RELIC","is_prod":false,"is_daily":false,"chose_seed":false,"campfire_upgraded":1,"win_rate":0,"timestamp":1557728731,"path_taken":["M","?","M","M","?","R","E","M","T","?","R","?","M","M","R","BOSS","M","M","?","$","M"],"build_version":"2019-01-23","purchased_purges":1,"victory":false,"max_hp_per_floor":[80,80,80,80,80,80,80,80,80,80,80,80,80,80,80,80,80,80,80,85,85,85],"card_choices":[{"not_picked":["Clothesline","Clash"],"picked":"Twin Strike","floor":1},{"not_picked":["Twin Strike","Anger"],"picked":"True Grit","floor":3},{"not_picked":["Burning Pact","Fire Breathing"],"picked":"Sword Boomerang","floor":4},{"not_picked":["Carnage","Anger"],"picked":"Clothesline","floor":7},{"not_picked":["Thunderclap","Sentinel"],"picked":"Juggernaut","floor":8},{"not_picked":["Perfected Strike","Seeing Red"],"picked":"Feel No Pain","floor":13},{"not_picked":["Flex","Iron Wave"],"picked":"Pummel","floor":14},{"not_picked":["Limit Break","Exhume"],"picked":"Feed","floor":16},{"not_picked":["Dropkick","Anger"],"picked":"Whirlwind","floor":17},{"not_picked":["Power Through","Body Slam"],"picked":"Havoc","floor":17},{"not_picked":["Flex","Rage"],"picked":"Whirlwind","floor":17},{"not_picked":["Clash","Infernal Blade","Corruption+1"],"picked":"SKIP","floor":18},{"not_picked":["Havoc","Warcry+1"],"picked":"Dual Wield","floor":19}],"player_experience":201837,"relics_obtained":[{"floor":7,"key":"Oddly Smooth Stone"}],"event_choices":[{"damage_healed":0,"gold_gain":0,"player_choice":"Success","damage_taken":18,"relics_obtained":["Juzu Bracelet"],"max_hp_gain":0,"max_hp_loss":0,"event_name":"Scrap Ooze","floor":2,"gold_loss":0},{"damage_healed":0,"gold_gain":0,"player_choice":"Gave Potion","damage_taken":0,"relics_obtained":["Bag of Marbles"],"max_hp_gain":0,"max_hp_loss":0,"event_name":"WeMeetAgain","floor":5,"gold_loss":0},{"damage_healed":0,"gold_gain":0,"player_choice":"Upgraded","damage_taken":0,"max_hp_gain":0,"max_hp_loss":0,"event_name":"Upgrade Shrine","floor":10,"gold_loss":0,"cards_upgraded":["Juggernaut"]},{"damage_healed":0,"gold_gain":0,"player_choice":"Shed Blood","damage_taken":20,"max_hp_gain":5,"max_hp_loss":0,"event_name":"Forgotten Altar","floor":20,"gold_loss":0}],"is_beta":false,"boss_relics":[{"not_picked":["Eternal Feather","Runic Dome"],"picked":"Orrery"}],"items_purged_floors":[21],"is_endless":false,"potions_floor_spawned":[4,7,8,18],"killed_by":"Cultist and Chosen","ascension_level":4}