{"path_per_floor":["M","$","M","M","?","E","M","E","T","$","R","?","R","M","R","B",null,"M","M","M","$","M","R","?","R","T","$","E","M","R","M","R","B",null,"M","?","M","$","M","E","R","M","T","?","R","M","$","?","R","B"],"character_chosen":"THE_SILENT","items_purchased":["Backflip","Well Laid Plans","Noxious Fumes","Thread and Needle","Predator","Poison Potion"],"gold_per_floor":[118,72,89,106,206,235,255,281,281,134,134,84,84,104,104,200,200,214,228,242,242,259,259,259,259,259,191,222,241,241,254,254,355,355,366,366,378,88,102,128,128,141,167,167,167,184,15,15,15,15],"floor_reached":51,"campfire_rested":0,"playtime":3963,"current_hp_per_floor":[70,70,70,70,70,61,60,36,36,36,36,36,36,36,36,19,70,70,68,61,61,52,52,52,52,52,52,51,40,40,40,40,9,70,68,68,55,55,55,43,43,20,20,61,61,61,61,61,61,44],"items_purged":["Strike_G","Infinite Blades"],"gold":15,"score":507,"play_id":"d3e44a9a-d175-4860-9e0f-adde6d559090","local_time":"20180310075729","is_prod":false,"is_daily":false,"is_ascension_mode":false,"campfire_upgraded":7,"timestamp":1520693849,"path_taken":["M","$","?","M","?","E","?","E","T","$","R","?","R","?","R","BOSS","M","M","M","$","M","R","?","R","T","$","E","M","R","M","R","BOSS","M","?","?","$","M","E","R","?","T","?","R","M","$","?","R","BOSS"],"build_version":"2018-03-01-PROD1","purchased_purges":4,"victory":true,"master_deck":["Survivor","Neutralize+1","Backflip","Backflip+1","PiercingWail","Quick Slash","Tools of the Trade","Dagger Spray+1","Well Laid Plans+1","Adrenaline+1","Dodge and Roll","Bane","Prepared","Poisoned Stab","Bane","Flechettes","Escape Plan","Underhanded Strike","Sucker Punch","Deflect+1","Terror","Deflect","Noxious Fumes+1","Acrobatics","Escape Plan+1","Dagger Spray+1","Dash+1","Predator"],"max_hp_per_floor":[70,70,70,70,70,70,70,70,70,70,70,70,70,70,70,70,70,70,70,70,70,70,70,70,70,70,70,70,70,70,70,70,70,70,70,70,70,70,70,70,70,70,70,61,61,61,61,61,61,61],"relics":["Ring of the Snake","NeowsBlessing","Vajra","Prayer Wheel","Girya","Pandora\u0027s Box","Toolbox","Matryoshka","Velvet Choker","Thread and Needle","Smiling Mask","Art of War"],"card_choices":[{"not_picked":["Bane","Dash"],"picked":"Backflip"},{"not_picked":["Flying Knee","Deflect"],"picked":"PiercingWail"},{"not_picked":["Catalyst","Flying Knee"],"picked":"Quick Slash"},{"not_picked":["Calculated Gamble","Outmaneuver"],"picked":"Tools of the Trade"},{"not_picked":["Underhanded Strike","Calculated Gamble"],"picked":"Quick Slash"},{"not_picked":["Poisoned Stab","Dodge and Roll"],"picked":"Dagger Spray"},{"not_picked":["Corpse Explosion","Phantasmal Killer"],"picked":"Adrenaline"},{"not_picked":["Slice","Prepared"],"picked":"Sucker Punch"},{"not_picked":["Bane","Blade Dance"],"picked":"Infinite Blades"},{"not_picked":["Poisoned Stab","Skewer"],"picked":"Deflect"},{"not_picked":["Masterful Stab","Accuracy"],"picked":"Terror"},{"not_picked":["Underhanded Strike","Bane"],"picked":"Deflect"},{"not_picked":["Endless Agony","Bane"],"picked":"Acrobatics"},{"not_picked":["Prepared","Distraction"],"picked":"Escape Plan"},{"not_picked":["Acrobatics","Poisoned Stab"],"picked":"Dagger Spray"},{"not_picked":["Prepared","Flying Knee"],"picked":"Dash"}],"player_experience":546920,"potions_floor_usage":[6,8,28,31,33,37,50,50,50],"damage_taken":[{"damage":0,"enemies":"Cultist","floor":1,"turns":1},{"damage":0,"enemies":"Small Slimes","floor":3,"turns":1},{"damage":0,"enemies":"2 Louse","floor":4,"turns":1},{"damage":9,"enemies":"3 Sentries","floor":6,"turns":10},{"damage":1,"enemies":"2 Fungi Beasts","floor":7,"turns":3},{"damage":24,"enemies":"Lagavulin","floor":8,"turns":10},{"damage":0,"enemies":"Red Slaver","floor":14,"turns":3},{"damage":17,"enemies":"The Guardian","floor":16,"turns":13},{"damage":0,"enemies":"3 Byrds","floor":18,"turns":3},{"damage":2,"enemies":"Chosen","floor":19,"turns":3},{"damage":7,"enemies":"Snake Plant","floor":20,"turns":4},{"damage":9,"enemies":"Centurion and Healer","floor":22,"turns":4},{"damage":1,"enemies":"Book of Stabbing","floor":28,"turns":3},{"damage":11,"enemies":"Snecko","floor":29,"turns":4},{"damage":0,"enemies":"3 Cultists","floor":31,"turns":3},{"damage":31,"enemies":"Champ","floor":33,"turns":8},{"damage":2,"enemies":"Orb Walker","floor":35,"turns":3},{"damage":13,"enemies":"3 Shapes","floor":37,"turns":4},{"damage":0,"enemies":"3 Darklings","floor":39,"turns":3},{"damage":12,"enemies":"Nemesis","floor":40,"turns":5},{"damage":23,"enemies":"4 Shapes","floor":42,"turns":3},{"damage":0,"enemies":"Maw","floor":46,"turns":6},{"damage":32,"enemies":"Awakened One","floor":50,"turns":10}],"event_choices":[{"event_name":"Golden Shrine","player_choice":"Pray","floor":5,"damage_taken":0},{"event_name":"The Cleric","player_choice":"Card Removal","floor":12,"damage_taken":0},{"event_name":"Vampires","player_choice":"Ignored","floor":24,"damage_taken":0},{"event_name":"Tomb of Lord Red Mask","player_choice":"Ignored","floor":36,"damage_taken":0},{"event_name":"The Moai Head","player_choice":"Heal","floor":44,"damage_taken":0}],"boss_relics":[{"not_picked":["Question Card","Orrery"],"picked":"Pandora\u0027s Box"},{"not_picked":["White Beast Statue","Snecko Eye"],"picked":"Velvet Choker"}],"potions_floor_spawned":[3,4,8,16,18,20,29,35,39,42,46],"seed_played":"4685439800448976249","ascension_level":0,"is_trial":false}