{"gold_per_floor":[113,131,15,25,25,25,55,55,55,85,105,136,91,126,126,205,205,221,271,171,186,186,186,186,215,215,215,242,117,128,146,146,225,225,236,236,247,647,647,647,667,667,667,667,679,690,718,734,734,734,734,734,734,131,166,166],"floor_reached":56,"playtime":5271,"items_purged":["Strike_B","Strike_B","Defend_B","Defend_B"],"score":1915,"play_id":"045acc3d-301b-4a3f-86d4-14f438c1b04e","local_time":"20190510010709","is_ascension_mode":true,"campfire_choices":[{"data":"Self Repair","floor":6.0,"key":"SMITH"},{"data":"Zap","floor":8.0,"key":"SMITH"},{"data":"Coolheaded","floor":15.0,"key":"SMITH"},{"data":"Reinforced Body","floor":23.0,"key":"SMITH"},{"data":"Biased Cognition","floor":27.0,"key":"SMITH"},{"data":"Loop","floor":32.0,"key":"SMITH"},{"data":"Blizzard","floor":40.0,"key":"SMITH"},{"floor":42.0,"key":"RECALL"},{"data":"Biased Cognition","floor":44.0,"key":"SMITH"},{"data":"Ball Lightning","floor":49.0,"key":"SMITH"},{"data":"Ball Lightning","floor":53.0,"key":"SMITH"}],"neow_cost":"NONE","seed_source_timestamp":108396383385000,"circlet_count":0,"master_deck":["AscendersBane","Defend_B","Defend_B","Zap+1","Dualcast","Ball Lightning+1","Ball Lightning+1","Self Repair+1","Leap","Glacier","Coolheaded+1","BootSequence","Biased Cognition+1","Cold Snap","Reinforced Body+1","Blizzard+1","Loop+1","Skim+1","Biased Cognition+1","Glacier"],"special_seed":0,"relics":["Cracked Core","NeowsBlessing","Bird Faced Urn","Meat on the Bone","Centennial Puzzle","Strawberry","PreservedInsect","Snecko Eye","Gambling Chip","Letter Opener","Ancient Tea Set","Busted Crown","Old Coin","Turnip","Torii","Pantograph"],"potions_floor_usage":[56,56],"damage_taken":[{"damage":0.0,"enemies":"Cultist","floor":1.0,"turns":1.0},{"damage":0.0,"enemies":"Small Slimes","floor":2.0,"turns":1.0},{"damage":0.0,"enemies":"Jaw Worm","floor":4.0,"turns":1.0},{"damage":15.0,"enemies":"Lagavulin","floor":7.0,"turns":5.0},{"damage":36.0,"enemies":"3 Sentries","floor":10.0,"turns":8.0},{"damage":6.0,"enemies":"Looter","floor":11.0,"turns":3.0},{"damage":6.0,"enemies":"Lagavulin","floor":12.0,"turns":7.0},{"damage":9.0,"enemies":"Exordium Thugs","floor":13.0,"turns":5.0},{"damage":30.0,"enemies":"Gremlin Nob","floor":14.0,"turns":4.0},{"damage":9.0,"enemies":"The Guardian","floor":16.0,"turns":14.0},{"damage":18.0,"enemies":"Chosen","floor":18.0,"turns":5.0},{"damage":15.0,"enemies":"Spheric Guardian","floor":21.0,"turns":6.0},{"damage":47.0,"enemies":"Slavers","floor":25.0,"turns":7.0},{"damage":26.0,"enemies":"Book of Stabbing","floor":28.0,"turns":7.0},{"damage":0.0,"enemies":"Cultist and Chosen","floor":30.0,"turns":4.0},{"damage":3.0,"enemies":"Centurion and Healer","floor":31.0,"turns":9.0},{"damage":77.0,"enemies":"Champ","floor":33.0,"turns":17.0},{"damage":0.0,"enemies":"3 Darklings","floor":35.0,"turns":5.0},{"damage":0.0,"enemies":"3 Shapes","floor":37.0,"turns":4.0},{"damage":0.0,"enemies":"Mind Bloom Boss Battle","floor":38.0,"turns":5.0},{"damage":2.0,"enemies":"Maw","floor":41.0,"turns":7.0},{"damage":0.0,"enemies":"Sphere and 2 Shapes","floor":45.0,"turns":6.0},{"damage":3.0,"enemies":"Jaw Worm Horde","floor":46.0,"turns":5.0},{"damage":20.0,"enemies":"Giant Head","floor":47.0,"turns":9.0},{"damage":7.0,"enemies":"Spire Growth","floor":48.0,"turns":6.0},{"damage":7.0,"enemies":"Awakened One","floor":50.0,"turns":18.0},{"damage":18.0,"enemies":"Time Eater","floor":51.0,"turns":15.0},{"damage":21.0,"enemies":"Shield and Spear","floor":55.0,"turns":6.0},{"damage":87,"enemies":"The Heart","floor":56,"turns":9}],"seed_played":"3700474852137343378","potions_obtained":[{"floor":2.0,"key":"PowerPotion"},{"floor":4.0,"key":"PowerPotion"},{"floor":7.0,"key":"Explosive Potion"},{"floor":16.0,"key":"Regen Potion"},{"floor":21.0,"key":"SkillPotion"},{"floor":28.0,"key":"SkillPotion"},{"floor":33.0,"key":"FocusPotion"},{"floor":41.0,"key":"Block Potion"},{"floor":47.0,"key":"Ancient Potion"},{"floor":55.0,"key":"EssenceOfSteel"}],"is_trial":false,"path_per_floor":["M","M","$","M","$","R","E","R","T","E","M","E","M","E","R","B",null,"M","?","$","M","?","R","?","E","T","R","E","$","M","M","R","B",null,"M","$","M","?","?","R","M","R","T","R","M","M","E","M","R","B","B",null,"R","$","E","B"],"character_chosen":"DEFECT","items_purchased":["Self Repair","Torii","Explosive Potion","SpeedPotion"],"campfire_rested":0,"item_purchase_floors":[3,54,54,54],"current_hp_per_floor":[64,64,64,64,64,64,69,69,69,57,63,78,78,58,58,61,74,70,70,70,69,69,69,69,48,48,48,48,48,62,75,75,23,64,78,78,78,78,78,78,78,78,78,78,78,78,68,78,78,78,74,77,77,77,73,0],"gold":166,"neow_bonus":"THREE_ENEMY_KILL","is_prod":false,"is_daily":false,"chose_seed":false,"campfire_upgraded":10,"win_rate":0,"timestamp":1557472029,"path_taken":["M","?","$","?","?","R","E","R","T","E","M","E","M","E","R","BOSS","M","?","$","M","?","R","?","E","T","R","E","$","M","M","R","BOSS","M","$","M","?","?","R","M","R","T","R","M","M","E","M","R","BOSS","BOSS","R","$","E","BOSS"],"build_version":"2019-01-23","purchased_purges":4,"victory":false,"max_hp_per_floor":[71,71,71,71,71,71,71,71,71,71,71,78,78,78,78,78,78,78,78,78,78,78,78,78,78,78,78,78,78,78,78,78,78,78,78,78,78,78,78,78,78,78,78,78,78,78,78,78,78,78,78,78,78,78,78,78],"card_choices":[{"not_picked":["Conserve Battery","Aggregate"],"picked":"Ball Lightning","floor":1.0},{"not_picked":["Redo","Genetic Algorithm"],"picked":"Ball Lightning","floor":2.0},{"not_picked":["Redo","Rebound"],"picked":"Leap","floor":4.0},{"not_picked":["Ball Lightning","Leap","Fusion"],"picked":"SKIP","floor":7.0},{"not_picked":["Storm","Ball Lightning"],"picked":"Glacier","floor":10.0},{"not_picked":["Turbo","Streamline"],"picked":"Coolheaded","floor":11.0},{"not_picked":["Double Energy","FTL","Hyperbeam"],"picked":"SKIP","floor":12.0},{"not_picked":["Conserve Battery","Force Field","Rebound"],"picked":"SKIP","floor":13.0},{"not_picked":["Gash","Hologram"],"picked":"BootSequence","floor":14.0},{"not_picked":["Rainbow","Machine Learning"],"picked":"Biased Cognition","floor":16.0},{"not_picked":["Redo","Ball Lightning"],"picked":"Cold Snap","floor":18.0},{"not_picked":["Auto Shields","White Noise"],"picked":"Reinforced Body","floor":21.0},{"not_picked":["Reinforced Body","Blizzard","Rip and Tear"],"picked":"SKIP","floor":25.0},{"not_picked":["Auto Shields","Reprogram","Go for the Eyes"],"picked":"SKIP","floor":28.0},{"not_picked":["Gash","Streamline"],"picked":"Loop","floor":30.0},{"not_picked":["Cold Snap","Recycle"],"picked":"Skim+1","floor":31.0},{"not_picked":["Thunder Strike","Multi-Cast"],"picked":"Biased Cognition","floor":33.0},{"not_picked":["Melter"],"picked":"SKIP","floor":35.0},{"not_picked":["Stack"],"picked":"SKIP","floor":37.0},{"not_picked":[],"picked":"Glacier","floor":41.0},{"not_picked":["Go for the Eyes"],"picked":"SKIP","floor":45.0},{"not_picked":["Doom and Gloom+1"],"picked":"SKIP","floor":46.0},{"not_picked":["Cold Snap"],"picked":"SKIP","floor":47.0},{"not_picked":["Melter"],"picked":"SKIP","floor":48.0},{"not_picked":["Double Energy+1"],"picked":"SKIP","floor":55.0}],"player_experience":1738602,"relics_obtained":[{"floor":7.0,"key":"Bird Faced Urn"},{"floor":9.0,"key":"Meat on the Bone"},{"floor":10.0,"key":"Centennial Puzzle"},{"floor":12.0,"key":"Strawberry"},{"floor":14.0,"key":"PreservedInsect"},{"floor":25.0,"key":"Gambling Chip"},{"floor":26.0,"key":"Letter Opener"},{"floor":28.0,"key":"Ancient Tea Set"},{"floor":38.0,"key":"Old Coin"},{"floor":47.0,"key":"Turnip"},{"floor":55.0,"key":"Pantograph"}],"event_choices":[{"damage_healed":0.0,"max_hp_gain":0.0,"max_hp_loss":0.0,"gold_gain":50.0,"event_name":"Nest","player_choice":"Stole From Cult","floor":19.0,"gold_loss":0.0,"damage_taken":0.0},{"damage_healed":0.0,"max_hp_gain":0.0,"max_hp_loss":0.0,"gold_gain":0.0,"cards_transformed":["Strike_B","Strike_B"],"event_name":"Drug Dealer","player_choice":"Became Test Subject","floor":22.0,"gold_loss":0.0,"damage_taken":0.0,"cards_obtained":["Blizzard","Rebound"]},{"damage_healed":0.0,"max_hp_gain":0.0,"max_hp_loss":0.0,"gold_gain":0.0,"event_name":"Vampires","player_choice":"Ignored","floor":24.0,"gold_loss":0.0,"damage_taken":0.0},{"damage_healed":0.0,"max_hp_gain":0.0,"max_hp_loss":0.0,"gold_gain":0.0,"event_name":"MindBloom","player_choice":"Fight","floor":38.0,"gold_loss":0.0,"damage_taken":0.0},{"cards_removed":["Rebound"],"damage_healed":5.0,"max_hp_gain":0.0,"max_hp_loss":0.0,"gold_gain":0.0,"event_name":"Bonfire Elementals","player_choice":"Offered Common","floor":39.0,"gold_loss":0.0,"damage_taken":0.0},{"cards_removed":["Rebound"],"damage_healed":5.0,"max_hp_gain":0.0,"max_hp_loss":0.0,"gold_gain":0.0,"event_name":"Bonfire Elementals","player_choice":"Offered Special","floor":39.0,"gold_loss":0.0,"damage_taken":0.0}],"is_beta":false,"boss_relics":[{"not_picked":["Tiny House","Calling Bell"],"picked":"Snecko Eye"},{"not_picked":["Orrery","Astrolabe"],"picked":"Busted Crown"}],"items_purged_floors":[3,20,29,54],"is_endless":false,"potions_floor_spawned":[2,4,7,16,21,28,33,37,41,47,55],"killed_by":"The Heart","ascension_level":20}