{"gold_per_floor":[112,122,47,63,10,10,26,26,53,83,83,95,95,21,21,120,120,134,134,144,77,167,167],"floor_reached":23,"playtime":2563,"items_purged":["Strike_G"],"score":189,"play_id":"5a8a27c1-f820-4e12-a064-7c02e3bb55b1","local_time":"20181213001115","is_ascension_mode":false,"campfire_choices":[{"data":"Neutralize","floor":6,"key":"SMITH"},{"data":"Prepared","floor":8,"key":"SMITH"},{"data":"Prepared","floor":13,"key":"SMITH"},{"floor":15,"key":"REST"}],"neow_cost":"NONE","seed_source_timestamp":98492135346763,"circlet_count":0,"master_deck":["Defend_G","Defend_G","Defend_G","Defend_G","Defend_G","Strike_G","Strike_G","Strike_G","Survivor","Neutralize+1","Predator","Deadly Poison","Infinite Blades","Deflect","Prepared+1","Quick Slash","Prepared+1","Caltrops","Blur+1","Outmaneuver","Noxious Fumes"],"relics":["Ring of the Snake","Bag of Preparation","Orichalcum","Sundial"],"potions_floor_usage":[],"damage_taken":[{"damage":3,"enemies":"Jaw Worm","floor":1,"turns":4},{"damage":0,"enemies":"Cultist","floor":2,"turns":3},{"damage":5,"enemies":"2 Louse","floor":4,"turns":3},{"damage":8,"enemies":"Lots of Slimes","floor":7,"turns":4},{"damage":13,"enemies":"Lagavulin","floor":10,"turns":7},{"damage":8,"enemies":"2 Fungi Beasts","floor":12,"turns":3},{"damage":41,"enemies":"The Guardian","floor":16,"turns":10},{"damage":14,"enemies":"Spheric Guardian","floor":18,"turns":6},{"damage":10,"enemies":"3 Byrds","floor":20,"turns":4},{"damage":34,"enemies":"Book of Stabbing","floor":23,"turns":6}],"seed_played":"6553964207064315336","potions_obtained":[{"floor":4,"key":"FearPotion"},{"floor":7,"key":"Ancient Potion"},{"floor":10,"key":"Ancient Potion"},{"floor":18,"key":"PowerPotion"}],"is_trial":false,"path_per_floor":["M","M","$","M","$","R","M","R","T","E","?","M","R","$","R","B",null,"M","?","M","$","?","E"],"character_chosen":"THE_SILENT","items_purchased":["Deflect","Caltrops","Noxious Fumes"],"campfire_rested":1,"item_purchase_floors":[5,14,21],"current_hp_per_floor":[67,67,67,62,62,62,54,54,54,41,41,33,33,33,54,13,70,56,56,46,46,32,0],"gold":167,"neow_bonus":"REMOVE_CARD","is_prod":false,"is_daily":false,"chose_seed":false,"campfire_upgraded":3,"win_rate":0.0,"timestamp":1544681475,"path_taken":["M","M","$","M","$","R","M","R","T","E","?","?","R","?","R","BOSS","M","?","M","$","?","E"],"build_version":"2018-12-06","purchased_purges":1,"victory":false,"max_hp_per_floor":[70,70,70,70,70,70,70,70,70,70,70,70,70,70,70,70,70,70,70,70,70,70,70],"card_choices":[{"not_picked":["Bane","Poisoned Stab"],"picked":"Predator","floor":1},{"not_picked":["Dagger Throw","Slice"],"picked":"Deadly Poison","floor":2},{"not_picked":["Crippling Poison","Terror"],"picked":"Infinite Blades","floor":4},{"not_picked":["Caltrops","Masterful Stab"],"picked":"Prepared","floor":7},{"not_picked":["Finisher","Bane"],"picked":"Quick Slash","floor":10},{"not_picked":["Tactician","Deflect"],"picked":"Prepared","floor":12},{"not_picked":["Acrobatics","PiercingWail"],"picked":"Blur+1","floor":18},{"not_picked":["Eviscerate","Slice"],"picked":"Outmaneuver","floor":20}],"player_experience":69436,"relics_obtained":[{"floor":9,"key":"Bag of Preparation"},{"floor":10,"key":"Orichalcum"}],"event_choices":[{"damage_healed":0,"gold_gain":0,"player_choice":"Ignored","damage_taken":0,"max_hp_gain":0,"max_hp_loss":0,"event_name":"Transmorgrifier","floor":11,"gold_loss":0},{"damage_healed":0,"gold_gain":0,"player_choice":"Opened","damage_taken":0,"relics_obtained":["Sundial"],"max_hp_gain":0,"max_hp_loss":0,"event_name":"The Mausoleum","floor":19,"gold_loss":0},{"damage_healed":0,"gold_gain":90,"player_choice":"GOLD ","damage_taken":14,"max_hp_gain":0,"max_hp_loss":0,"event_name":"Knowing Skull","floor":22,"potions_obtained":[],"gold_loss":0,"cards_obtained":[]}],"is_beta":false,"boss_relics":[{"not_picked":["Fusion Hammer","Ectoplasm","HoveringKite"]}],"items_purged_floors":[3],"is_endless":false,"potions_floor_spawned":[4,7,10,18,20],"killed_by":"Book of Stabbing","ascension_level":0}