{"gold_per_floor":[109,109,184,184,203,203,231,231,258,272,272,298,248,248,248,347,347,357,272,222,222,234,265,278,278,308,308,232,232,232,246,246,346,346,357,229,139,139,150,160,160,177,177,177,188,201,234,37,37,37],"floor_reached":51,"playtime":2676,"items_purged":["Strike_B","Strike_B","Defend_B","Defend_B"],"score":776,"play_id":"bcbfcb2f-7dab-47fd-9d01-41d89a57389c","local_time":"20190508045822","is_ascension_mode":false,"campfire_choices":[{"data":"Doom and Gloom","floor":6.0,"key":"SMITH"},{"data":"Doom and Gloom","floor":8.0,"key":"SMITH"},{"floor":11.0,"key":"REST"},{"data":"Zap","floor":15.0,"key":"SMITH"},{"data":"Coolheaded","floor":25.0,"key":"SMITH"},{"data":"Biased Cognition","floor":27.0,"key":"SMITH"},{"data":"Leap","floor":29.0,"key":"SMITH"},{"data":"Undo","floor":32.0,"key":"SMITH"},{"data":"Capacitor","floor":41.0,"key":"SMITH"},{"data":"Conserve Battery","floor":44.0,"key":"SMITH"},{"floor":49,"key":"REST"}],"neow_cost":"NONE","seed_source_timestamp":1321798071882700,"circlet_count":0,"master_deck":["Defend_B+1","Zap+1","Dualcast+1","Doom and Gloom+1","Skim+1","Doom and Gloom+1","Conserve Battery+1","Biased Cognition+1","Compile Driver","Skim+1","Chill+1","Coolheaded+1","Leap+1","Undo+1","Echo Form","Sunder+1","Capacitor+1","Hologram+1","Barrage","Reinforced Body+1","Coolheaded"],"special_seed":0,"relics":["Velvet Choker","Regal Pillow","War Paint","Smiling Mask","Juzu Bracelet","Nuclear Battery","Potion Belt","Bag of Marbles","Tiny Chest","Sozu","Bottled Tornado","Prayer Wheel","Runic Capacitor"],"potions_floor_usage":[50,50],"damage_taken":[{"damage":0.0,"enemies":"2 Louse","floor":1.0,"turns":2.0},{"damage":0.0,"enemies":"Small Slimes","floor":5.0,"turns":2.0},{"damage":16.0,"enemies":"Gremlin Nob","floor":7.0,"turns":4.0},{"damage":0.0,"enemies":"Cultist","floor":10.0,"turns":2.0},{"damage":9.0,"enemies":"3 Sentries","floor":12.0,"turns":3.0},{"damage":0.0,"enemies":"Slime Boss","floor":16.0,"turns":6.0},{"damage":0.0,"enemies":"Spheric Guardian","floor":18.0,"turns":3.0},{"damage":0.0,"enemies":"3 Byrds","floor":22.0,"turns":3.0},{"damage":2.0,"enemies":"Slavers","floor":23.0,"turns":3.0},{"damage":0.0,"enemies":"Centurion and Healer","floor":24.0,"turns":3.0},{"damage":0.0,"enemies":"Snake Plant","floor":31.0,"turns":4.0},{"damage":2.0,"enemies":"Champ","floor":33.0,"turns":13.0},{"damage":0.0,"enemies":"3 Shapes","floor":35.0,"turns":4.0},{"damage":0.0,"enemies":"3 Darklings","floor":39.0,"turns":4.0},{"damage":23.0,"enemies":"Writhing Mass","floor":40.0,"turns":4.0},{"damage":0.0,"enemies":"Sphere and 2 Shapes","floor":42.0,"turns":4.0},{"damage":0.0,"enemies":"Jaw Worm Horde","floor":45.0,"turns":3.0},{"damage":8.0,"enemies":"Writhing Mass","floor":46.0,"turns":5.0},{"damage":15,"enemies":"Nemesis","floor":47,"turns":6},{"damage":49,"enemies":"Time Eater","floor":50,"turns":12}],"seed_played":"-2054504397898344125","potions_obtained":[{"floor":5.0,"key":"FocusPotion"},{"floor":10.0,"key":"EntropicBrew"},{"floor":22.0,"key":"Strength Potion"},{"floor":33.0,"key":"Dexterity Potion"}],"is_trial":false,"path_per_floor":["M","?","?","?","M","R","E","R","T","M","R","E","$","?","R","B",null,"M","?","$","?","M","E","M","R","T","R","$","R","?","M","R","B",null,"M","$","?","?","M","M","R","M","T","R","M","M","E","$","R","B",null],"character_chosen":"DEFECT","items_purchased":["Leap","Capacitor","Runic Capacitor"],"campfire_rested":2,"item_purchase_floors":[28,36,48],"current_hp_per_floor":[75,68,57,57,57,57,41,41,41,41,75,66,66,66,66,66,75,75,75,75,75,75,73,73,73,73,73,73,73,59,59,59,57,80,80,80,80,80,80,57,57,57,57,57,57,49,34,34,73,24],"gold":37,"neow_bonus":"BOSS_RELIC","is_prod":false,"is_daily":false,"chose_seed":false,"campfire_upgraded":9,"win_rate":0,"timestamp":1557313102,"path_taken":["M","?","?","?","M","R","E","R","T","?","R","E","$","?","R","BOSS","M","?","$","?","M","E","M","R","T","R","$","R","?","M","R","BOSS","M","$","?","?","M","M","R","M","T","R","M","M","E","$","R","BOSS"],"build_version":"2019-01-23","purchased_purges":4,"victory":true,"max_hp_per_floor":[75,75,75,75,75,75,75,75,75,75,75,75,75,75,75,75,75,75,75,75,75,75,75,75,75,75,75,75,75,80,80,80,80,80,80,80,80,80,80,80,80,80,80,80,80,80,80,80,80,80],"card_choices":[{"not_picked":["Conserve Battery","Streamline"],"picked":"Doom and Gloom","floor":1.0},{"not_picked":["Redo","Streamline"],"picked":"Skim","floor":5.0},{"not_picked":["Double Energy","Streamline"],"picked":"Doom and Gloom","floor":7.0},{"not_picked":["Redo","Steam"],"picked":"Cold Snap","floor":10.0},{"not_picked":["Genetic Algorithm","Sweeping Beam"],"picked":"Conserve Battery","floor":12.0},{"not_picked":["Meteor Strike","Buffer"],"picked":"Biased Cognition","floor":16.0},{"not_picked":["Double Energy+1","Reprogram"],"picked":"Compile Driver","floor":18.0},{"not_picked":["Hologram","Rebound"],"picked":"Chill+1","floor":22.0},{"not_picked":["Steam","Aggregate","Lockon+1"],"picked":"SKIP","floor":23.0},{"not_picked":["Sweeping Beam","Cold Snap"],"picked":"Coolheaded","floor":24.0},{"not_picked":["All For One","Barrage"],"picked":"Undo","floor":31.0},{"not_picked":["Rainbow","Thunder Strike"],"picked":"Echo Form","floor":33.0},{"not_picked":["Sweeping Beam+1","Turbo"],"picked":"Sunder+1","floor":35.0},{"not_picked":["Compile Driver","Ball Lightning+1"],"picked":"Hologram+1","floor":39.0},{"not_picked":["Self Repair","Turbo+1","Rebound+1"],"picked":"SKIP","floor":40.0},{"not_picked":["Double Energy","Recycle","Steam"],"picked":"SKIP","floor":42.0},{"not_picked":["Force Field","Rebound+1"],"picked":"Barrage","floor":45.0},{"not_picked":["Recycle","Cold Snap+1"],"picked":"Reinforced Body+1","floor":46.0},{"not_picked":["Amplify","Go for the Eyes"],"picked":"Coolheaded","floor":47}],"player_experience":1708569,"relics_obtained":[{"floor":7.0,"key":"War Paint"},{"floor":9.0,"key":"Smiling Mask"},{"floor":12.0,"key":"Juzu Bracelet"},{"floor":23.0,"key":"Bag of Marbles"},{"floor":26.0,"key":"Tiny Chest"},{"floor":43.0,"key":"Bottled Tornado"},{"floor":47,"key":"Prayer Wheel"}],"event_choices":[{"damage_healed":0.0,"max_hp_gain":0.0,"max_hp_loss":0.0,"gold_gain":0.0,"event_name":"Scrap Ooze","player_choice":"Success","floor":2.0,"gold_loss":0.0,"damage_taken":7.0,"relics_obtained":["Regal Pillow"]},{"damage_healed":0.0,"max_hp_gain":0.0,"max_hp_loss":0.0,"gold_gain":75.0,"event_name":"World of Goop","player_choice":"Gather Gold","floor":3.0,"gold_loss":0.0,"damage_taken":11.0},{"cards_removed":["Strike_B"],"damage_healed":0.0,"max_hp_gain":0.0,"max_hp_loss":0.0,"gold_gain":0.0,"event_name":"Bonfire Elementals","player_choice":"Offered Basic","floor":4.0,"gold_loss":0.0,"damage_taken":0.0},{"cards_removed":["Strike_B"],"damage_healed":0.0,"max_hp_gain":0.0,"max_hp_loss":0.0,"gold_gain":0.0,"event_name":"Living Wall","player_choice":"Forget","floor":14.0,"gold_loss":0.0,"damage_taken":0.0},{"damage_healed":0.0,"max_hp_gain":0.0,"max_hp_loss":0.0,"gold_gain":0.0,"event_name":"Addict","player_choice":"Obtained Relic","floor":19.0,"gold_loss":85.0,"damage_taken":0.0,"relics_obtained":["Potion Belt"]},{"damage_healed":0.0,"max_hp_gain":0.0,"max_hp_loss":0.0,"gold_gain":0.0,"event_name":"Duplicator","player_choice":"Copied","floor":21.0,"gold_loss":0.0,"damage_taken":0.0,"cards_obtained":["Skim"]},{"damage_healed":0.0,"max_hp_gain":5.0,"max_hp_loss":0.0,"gold_gain":0.0,"event_name":"Forgotten Altar","player_choice":"Shed Blood","floor":30.0,"gold_loss":0.0,"damage_taken":19.0},{"cards_removed":["Defend_B"],"damage_healed":0.0,"max_hp_gain":0.0,"max_hp_loss":0.0,"gold_gain":0.0,"event_name":"Designer","player_choice":"Upgrade and Remove","floor":37.0,"gold_loss":90.0,"damage_taken":0.0,"cards_upgraded":["Dualcast"]},{"cards_removed":["Cold Snap"],"damage_healed":0.0,"max_hp_gain":0.0,"max_hp_loss":0.0,"gold_gain":0.0,"event_name":"Falling","player_choice":"Removed Attack","floor":38.0,"gold_loss":0.0,"damage_taken":0.0}],"is_beta":false,"boss_relics":[{"not_picked":["Black Star","Runic Dome"],"picked":"Nuclear Battery"},{"not_picked":["Empty Cage","Calling Bell"],"picked":"Sozu"}],"items_purged_floors":[13,20,28,36],"is_endless":false,"potions_floor_spawned":[5,10,22,33,39,42],"ascension_level":0}