{"gold_per_floor":[109,109,109,34,47,73,73,103,128,162,162,174,174,205,205,307,307,325,265,265,265,265,296,310,310,387,421,521,218,235,154,154,256,306,319,319,338,394,410,410,428,428,428,444,457,476,376,386,386,386,386,386,111,141,141],"floor_reached":55,"playtime":8575,"items_purged":["Strike_B","Defend_B","Defend_B"],"score":834,"play_id":"a47d990e-1b27-451a-b1a9-f9a3ce362fd1","local_time":"20190511150759","is_ascension_mode":true,"campfire_choices":[{"data":"Zap","floor":7.0,"key":"SMITH"},{"floor":11.0,"key":"REST"},{"floor":15.0,"key":"REST"},{"floor":25.0,"key":"REST"},{"floor":32.0,"key":"REST"},{"floor":40.0,"key":"RECALL"},{"data":"Echo Form","floor":42.0,"key":"SMITH"},{"floor":49,"key":"REST"},{"data":"1","floor":52,"key":"LIFT"}],"neow_cost":"NONE","seed_source_timestamp":0,"circlet_count":0,"master_deck":["Zap+1","Dualcast","Hologram","Hologram","Conserve Battery","FTL","Genetic Algorithm","Glacier","Machine Learning","Skim+1","Creative AI+1","Undo","Redo","FTL","Recycle","Go for the Eyes","Self Repair+1","Echo Form+1","Coolheaded","White Noise+1","Cold Snap+1","Conserve Battery+1","Cold Snap+1","Glacier+1"],"special_seed":0,"relics":["Cracked Core","NeowsBlessing","Potion Belt","Happy Flower","Bronze Scales","Oddly Smooth Stone","Boot","Astrolabe","Mummified Hand","Centennial Puzzle","Vajra","Girya","Symbiotic Virus","FossilizedHelix","Tiny House","Tiny Chest","Toxic Egg 2","Unceasing Top"],"potions_floor_usage":[50,54,54,55,55],"damage_taken":[{"damage":0.0,"enemies":"Jaw Worm","floor":1.0,"turns":1.0},{"damage":0.0,"enemies":"Small Slimes","floor":5.0,"turns":1.0},{"damage":0.0,"enemies":"Lagavulin","floor":6.0,"turns":1.0},{"damage":31.0,"enemies":"Gremlin Nob","floor":8.0,"turns":4.0},{"damage":21.0,"enemies":"Lagavulin","floor":10.0,"turns":8.0},{"damage":2.0,"enemies":"Cultist","floor":12.0,"turns":3.0},{"damage":14.0,"enemies":"3 Sentries","floor":14.0,"turns":6.0},{"damage":42.0,"enemies":"Slime Boss","floor":16.0,"turns":18.0},{"damage":4.0,"enemies":"Chosen","floor":18.0,"turns":8.0},{"damage":16.0,"enemies":"2 Thieves","floor":19.0,"turns":4.0},{"damage":4.0,"enemies":"Book of Stabbing","floor":23.0,"turns":6.0},{"damage":7.0,"enemies":"Snake Plant","floor":24.0,"turns":4.0},{"damage":5.0,"enemies":"Slavers","floor":27.0,"turns":4.0},{"damage":12.0,"enemies":"Colosseum Slavers","floor":28.0,"turns":3.0},{"damage":31.0,"enemies":"Colosseum Nobs","floor":28.0,"turns":5.0},{"damage":13.0,"enemies":"Shelled Parasite and Fungi","floor":30.0,"turns":5.0},{"damage":0.0,"enemies":"Automaton","floor":33.0,"turns":11.0},{"damage":0.0,"enemies":"3 Shapes","floor":35.0,"turns":5.0},{"damage":15.0,"enemies":"3 Darklings","floor":37.0,"turns":5.0},{"damage":0.0,"enemies":"4 Shapes","floor":39.0,"turns":6.0},{"damage":22.0,"enemies":"Sphere and 2 Shapes","floor":41.0,"turns":5.0},{"damage":24.0,"enemies":"Spire Growth","floor":44.0,"turns":6.0},{"damage":0.0,"enemies":"Transient","floor":45.0,"turns":5.0},{"damage":34,"enemies":"Jaw Worm Horde","floor":46,"turns":6},{"damage":0,"enemies":"Maw","floor":48,"turns":9},{"damage":40,"enemies":"Awakened One","floor":50,"turns":9},{"damage":76,"enemies":"Shield and Spear","floor":54,"turns":9},{"damage":38,"enemies":"The Heart","floor":55,"turns":5}],"seed_played":"-1179414668988078068","potions_obtained":[{"floor":6.0,"key":"Regen Potion"},{"floor":8.0,"key":"Swift Potion"},{"floor":12.0,"key":"SteroidPotion"},{"floor":16.0,"key":"FocusPotion"},{"floor":24.0,"key":"PowerPotion"},{"floor":27.0,"key":"Regen Potion"},{"floor":28.0,"key":"Swift Potion"},{"floor":30.0,"key":"Swift Potion"},{"floor":34.0,"key":"Block Potion"},{"floor":35.0,"key":"Regen Potion"},{"floor":37.0,"key":"Fire Potion"},{"floor":45.0,"key":"Fire Potion"},{"floor":54,"key":"Explosive Potion"}],"is_trial":false,"path_per_floor":["M","$","?","$","M","E","R","E","T","E","R","M","?","E","R","B",null,"M","M","?","?","?","E","M","R","T","E","?","$","M","$","R","B",null,"M","?","M","T","M","R","M","R","T","M","M","M","$","M","R","B",null,"R","$","E","B"],"character_chosen":"DEFECT","items_purchased":["FossilizedHelix","Self Repair","PowerPotion","Strength Potion","Swift Potion"],"campfire_rested":5,"item_purchase_floors":[29,31,53,53,53],"current_hp_per_floor":[75,75,75,75,75,75,75,49,49,28,50,48,41,27,49,7,75,71,55,55,41,41,37,30,54,54,49,15,15,2,2,26,33,85,85,85,80,80,85,85,73,73,73,59,69,45,45,65,85,55,85,85,85,28,0],"gold":141,"neow_bonus":"THREE_ENEMY_KILL","is_prod":false,"is_daily":false,"chose_seed":false,"campfire_upgraded":2,"win_rate":0,"timestamp":1557605279,"path_taken":["M","$","?","$","M","E","R","E","T","E","R","M","?","E","R","BOSS","M","M","?","?","?","E","?","R","T","E","?","$","M","$","R","BOSS","M","?","M","?","M","R","M","R","T","M","?","M","$","M","R","BOSS","R","$","E","BOSS"],"build_version":"2019-01-23","purchased_purges":3,"victory":false,"max_hp_per_floor":[75,75,75,75,75,75,75,75,75,75,75,75,75,75,75,75,75,75,75,75,80,80,80,80,80,80,80,80,80,80,80,80,80,85,85,85,85,85,85,85,85,85,85,85,85,85,85,85,85,85,85,85,85,85,85],"card_choices":[{"not_picked":["Beam Cell","Heatsinks"],"picked":"Hologram","floor":1.0},{"not_picked":["Compile Driver","Chaos"],"picked":"Hologram","floor":5.0},{"not_picked":["Redo","FTL"],"picked":"Conserve Battery","floor":6.0},{"not_picked":["Gash","Meteor Strike","Steam"],"picked":"SKIP","floor":8.0},{"not_picked":["Leap","Steam"],"picked":"FTL","floor":10.0},{"not_picked":["Steam","Ball Lightning"],"picked":"Genetic Algorithm","floor":12.0},{"not_picked":["Steam","Conserve Battery"],"picked":"Glacier","floor":14.0},{"not_picked":["Hyperbeam","Meteor Strike"],"picked":"Machine Learning","floor":16.0},{"not_picked":["Force Field+1","Steam Power"],"picked":"Undo","floor":18.0},{"not_picked":["Barrage+1","Stack"],"picked":"Redo","floor":19.0},{"not_picked":["Redo+1","Blizzard+1"],"picked":"FTL","floor":23.0},{"not_picked":["Aggregate","Streamline"],"picked":"Recycle","floor":24.0},{"not_picked":["FTL","Scrape"],"picked":"Go for the Eyes","floor":27.0},{"not_picked":["Streamline+1","Rainbow","Sweeping Beam"],"picked":"SKIP","floor":30.0},{"not_picked":["Buffer","Meteor Strike"],"picked":"Echo Form","floor":33.0},{"not_picked":["Barrage+1","Blizzard"],"picked":"Coolheaded","floor":34.0},{"not_picked":["Tempest+1","Streamline+1","Stack+1"],"picked":"SKIP","floor":35.0},{"not_picked":["Go for the Eyes","Scrape"],"picked":"White Noise+1","floor":37.0},{"not_picked":["Fusion+1","Auto Shields+1","Hologram+1"],"picked":"SKIP","floor":39.0},{"not_picked":["Rebound","Hologram+1"],"picked":"Cold Snap+1","floor":41.0},{"not_picked":["Stack+1","Rebound+1"],"picked":"Conserve Battery+1","floor":44.0},{"not_picked":["Echo Form","Fusion+1"],"picked":"Cold Snap+1","floor":45.0},{"not_picked":["Sweeping Beam","Compile Driver+1","Static Discharge+1"],"picked":"SKIP","floor":46},{"not_picked":["Double Energy+1","Stack+1","Sweeping Beam+1"],"picked":"SKIP","floor":48},{"not_picked":["Lockon+1","Force Field+1"],"picked":"Glacier+1","floor":54}],"player_experience":183808,"relics_obtained":[{"floor":6.0,"key":"Potion Belt"},{"floor":8.0,"key":"Happy Flower"},{"floor":9.0,"key":"Bronze Scales"},{"floor":10.0,"key":"Oddly Smooth Stone"},{"floor":14.0,"key":"Boot"},{"floor":23.0,"key":"Centennial Puzzle"},{"floor":27.0,"key":"Vajra"},{"floor":28.0,"key":"Girya"},{"floor":28.0,"key":"Symbiotic Virus"},{"floor":38.0,"key":"Tiny Chest"},{"floor":43.0,"key":"Toxic Egg 2"},{"floor":54,"key":"Unceasing Top"}],"event_choices":[{"damage_healed":0.0,"max_hp_gain":0.0,"max_hp_loss":0.0,"gold_gain":0.0,"event_name":"The Cleric","player_choice":"Leave","floor":3.0,"gold_loss":0.0,"damage_taken":0.0},{"cards_removed":["Strike_B"],"damage_healed":0.0,"max_hp_gain":0.0,"max_hp_loss":0.0,"gold_gain":0.0,"event_name":"Golden Wing","player_choice":"Card Removal","floor":13.0,"gold_loss":0.0,"damage_taken":7.0},{"cards_removed":["Defend_B"],"damage_healed":0.0,"max_hp_gain":0.0,"max_hp_loss":0.0,"gold_gain":0.0,"event_name":"Back to Basics","player_choice":"Elegance","floor":20.0,"gold_loss":0.0,"damage_taken":0.0},{"damage_healed":0.0,"max_hp_gain":5.0,"max_hp_loss":0.0,"gold_gain":0.0,"event_name":"Forgotten Altar","player_choice":"Shed Blood","floor":21.0,"gold_loss":0.0,"damage_taken":19.0},{"cards_removed":["Steam Power"],"damage_healed":0.0,"max_hp_gain":0.0,"max_hp_loss":0.0,"gold_gain":0.0,"event_name":"WeMeetAgain","player_choice":"Gave Card","floor":22.0,"gold_loss":0.0,"damage_taken":0.0,"relics_obtained":["Mummified Hand"]},{"damage_healed":0.0,"max_hp_gain":0.0,"max_hp_loss":0.0,"gold_gain":0.0,"event_name":"Colosseum","player_choice":"Fight","floor":28.0,"gold_loss":0.0,"damage_taken":0.0},{"damage_healed":0.0,"max_hp_gain":0.0,"max_hp_loss":0.0,"gold_gain":0.0,"event_name":"Colosseum","player_choice":"Fought Nobs","floor":28.0,"gold_loss":0.0,"damage_taken":0.0},{"damage_healed":0.0,"max_hp_gain":0.0,"max_hp_loss":0.0,"gold_gain":0.0,"event_name":"Tomb of Lord Red Mask","player_choice":"Ignored","floor":36.0,"gold_loss":0.0,"damage_taken":0.0}],"is_beta":false,"boss_relics":[{"not_picked":["Calling Bell","Philosopher\u0027s Stone"],"picked":"Astrolabe"},{"not_picked":["Velvet Choker","Eternal Feather"],"picked":"Tiny House"}],"items_purged_floors":[4,47,53],"is_endless":false,"potions_floor_spawned":[6,8,12,16,24,27,28,28,30,35,37,45,54],"killed_by":"The Heart","ascension_level":2}