{"path_per_floor":["M","?","M","$","M","R","E","M","T","T","R","M","E","$","R","B",null,"M","?","M","M","?"],"character_chosen":"DEFECT","items_purchased":["Beam Cell","Redo"],"gold_per_floor":[19,19,37,12,27,27,62,79,103,103,103,122,150,26,26,130,130,144,144,164,180,180,180],"floor_reached":23,"campfire_rested":0,"playtime":1792,"item_purchase_floors":[4,14],"current_hp_per_floor":[75,75,74,74,74,74,56,47,47,47,47,38,29,29,29,14,82,76,76,45,32,32,0],"items_purged":["Strike_B"],"gold":180,"score":201,"play_id":"0f77da4f-523a-479b-b82a-fa9f638ed52d","local_time":"20180602184759","is_prod":false,"is_daily":false,"chose_seed":false,"is_ascension_mode":false,"campfire_upgraded":3,"win_rate":0.0,"timestamp":1527979679,"campfire_choices":[{"data":"Fusion","floor":6,"key":"SMITH"},{"data":"Beam Cell","floor":11,"key":"SMITH"},{"data":"Redo","floor":15,"key":"SMITH"}],"path_taken":["M","?","?","?","?","R","E","?","T","?","R","M","E","?","R","BOSS","M","?","M","M","?","E"],"build_version":"2018-05-31","seed_source_timestamp":36871343728760,"purchased_purges":1,"victory":false,"master_deck":["Strike_B","Strike_B","Strike_B","Defend_B","Defend_B","Defend_B","Defend_B","Zap","Dualcast+1","Amplify","Ball Lightning","Cold Snap","Beam Cell+1","Fusion+1","Go for the Eyes","Thunder Strike","Doom and Gloom","Streamline","Redo+1","Echo Form","Darkness","Leap"],"max_hp_per_floor":[75,75,75,75,75,75,82,82,82,82,82,82,82,82,82,82,82,82,82,82,84,84,84],"relics":["Cracked Core","Strawberry","Bag of Preparation","Singing Bowl","Vajra","Black Star"],"card_choices":[{"not_picked":["Thunder Strike","All For One"],"picked":"Amplify","floor":0},{"not_picked":["Go for the Eyes","Turbo"],"picked":"Ball Lightning","floor":1},{"not_picked":["Leap","Barrage"],"picked":"Cold Snap","floor":3},{"not_picked":["Hologram","Gash"],"picked":"Fusion","floor":5},{"not_picked":["Barrage","Compile Driver"],"picked":"Go for the Eyes","floor":7},{"not_picked":["Rebound","Capacitor"],"picked":"Thunder Strike","floor":8},{"not_picked":["Aggregate","Go for the Eyes"],"picked":"Doom and Gloom","floor":12},{"not_picked":["Cold Snap","Compile Driver"],"picked":"Streamline","floor":13},{"not_picked":["Multi-Cast","Seek"],"picked":"Echo Form","floor":16},{"not_picked":["Lockon","Gash"],"picked":"Darkness","floor":18},{"not_picked":["Cold Snap","Gash"],"picked":"Leap","floor":20},{"not_picked":["Go for the Eyes","Redo+1","Gash"],"picked":"Singing Bowl","floor":21}],"player_experience":754262,"potions_floor_usage":[18,20,23],"damage_taken":[{"damage":0,"enemies":"2 Louse","floor":1,"turns":2},{"damage":1,"enemies":"Jaw Worm","floor":3,"turns":2},{"damage":0,"enemies":"Cultist","floor":5,"turns":3},{"damage":25,"enemies":"Lagavulin","floor":7,"turns":6},{"damage":9,"enemies":"Red Slaver","floor":8,"turns":2},{"damage":9,"enemies":"Lots of Slimes","floor":12,"turns":3},{"damage":9,"enemies":"3 Sentries","floor":13,"turns":7},{"damage":15,"enemies":"Slime Boss","floor":16,"turns":6},{"damage":6,"enemies":"3 Byrds","floor":18,"turns":3},{"damage":43,"enemies":"2 Thieves","floor":20,"turns":4},{"damage":15,"enemies":"Snecko","floor":21,"turns":4},{"damage":35,"enemies":"Slavers","floor":23,"turns":3}],"relics_obtained":[{"floor":7,"key":"Strawberry"},{"floor":9,"key":"Bag of Preparation"},{"floor":10,"key":"Singing Bowl"},{"floor":13,"key":"Vajra"}],"event_choices":[{"event_name":"Living Wall","player_choice":"Grow","floor":2,"damage_taken":0},{"event_name":"Drug Dealer","player_choice":"Ignored","floor":19,"damage_taken":0},{"event_name":"Vampires","player_choice":"Ignored","floor":22,"damage_taken":0}],"boss_relics":[{"not_picked":["Astrolabe","White Beast Statue"],"picked":"Black Star"}],"items_purged_floors":[14],"potions_floor_spawned":[3,7,12,13,18,20],"seed_played":"1891048824401377448","killed_by":"Slavers","ascension_level":0,"potions_obtained":[{"floor":3,"key":"Ancient Potion"},{"floor":7,"key":"LiquidBronze"},{"floor":12,"key":"Ancient Potion"},{"floor":13,"key":"Regen Potion"},{"floor":18,"key":"Ancient Potion"},{"floor":20,"key":"GamblersBrew"}],"is_trial":false}