{"path_per_floor":["M","?","M","M","?","R","M","R","T","R","E","M","E","M","R","B",null,"M","?","$","M","M","R","E","R","T","R","M","M","M","E","R","B",null,"M","?","$","?","M","E","?","R","T","M","R","M"],"character_chosen":"THE_SILENT","items_purchased":["Sucker Punch","Oddly Smooth Stone","Mind Blast","Well Laid Plans"],"gold_per_floor":[110,110,130,147,97,97,116,116,116,116,148,158,189,207,207,281,281,300,300,56,71,88,88,118,118,196,196,212,223,242,268,268,341,341,357,408,177,177,192,222,222,222,247,261,261,280],"floor_reached":47,"campfire_rested":6,"playtime":5475,"current_hp_per_floor":[51,51,42,42,42,42,41,41,41,41,36,33,19,19,39,34,59,36,36,36,33,17,45,3,31,31,59,61,45,28,15,43,28,57,48,29,29,59,43,29,29,39,39,24,51,28],"items_purged":["Strike_G","Strike_G"],"gold":280,"score":754,"play_id":"e42886bf-b02f-471d-b79b-07eda3dd3fb0","is_prod":false,"is_daily":false,"is_ascension_mode":true,"campfire_upgraded":4,"path_taken":["M","?","M","M","?","R","M","R","T","R","E","M","E","?","R","BOSS","M","?","$","M","M","R","E","R","T","R","M","?","?","E","R","BOSS","M","?","$","?","M","E","?","R","T","M","R","M","E"],"build_version":"2018-02-08-PROD1","purchased_purges":2,"victory":false,"master_deck":["Defend_G","Defend_G","Defend_G","Defend_G","Defend_G","Strike_G","Strike_G","Survivor","Neutralize+1","Dagger Spray+1","Dash+1","Flying Knee","Dash","Footwork","Malaise","Noxious Fumes","Sucker Punch+1","Dagger Spray","Adrenaline","Flying Knee+1","Outmaneuver+1","Mind Blast+1","Well Laid Plans+1","Acrobatics+1","Bouncing Flask+1","Noxious Fumes","Caltrops+1"],"max_hp_per_floor":[70,70,70,70,67,67,67,67,67,67,67,67,67,67,67,67,67,67,67,67,67,67,67,67,67,67,67,67,67,67,67,67,67,67,67,67,67,59,59,59,59,59,59,59,59,59],"relics":["Ring of the Snake","Ice Cream","Omamori","Ninja Scroll","Eternal Feather","Blue Candle","Oddly Smooth Stone","Dead Branch","Toxic Egg 2","Juzu Bracelet","Lizard Tail","Unceasing Top","Darkstone Periapt","Whetstone"],"card_choices":[{"not_picked":["Heel Hook","Blur"],"picked":"Dagger Spray"},{"not_picked":["Calculated Gamble","Cloak And Dagger"],"picked":"Dash"},{"not_picked":["Setup","Leg Sweep"],"picked":"Flying Knee"},{"not_picked":["Underhanded Strike","Choke"],"picked":"Dash"},{"not_picked":["PiercingWail","Caltrops"],"picked":"Footwork"},{"not_picked":["Masterful Stab","Bouncing Flask"],"picked":"Malaise"},{"not_picked":["Blade Dance","Outmaneuver"],"picked":"Noxious Fumes"},{"not_picked":["Flying Knee","Sucker Punch"],"picked":"Dagger Spray"},{"not_picked":["Poisoned Stab","Cloak And Dagger"],"picked":"Adrenaline"},{"not_picked":["Dodge and Roll","Heel Hook"],"picked":"Flying Knee"},{"not_picked":["Prepared","Cloak And Dagger"],"picked":"Outmaneuver"},{"not_picked":["Dagger Throw","Outmaneuver"],"picked":"Acrobatics"},{"not_picked":["Terror","Flying Knee"],"picked":"Noxious Fumes"},{"not_picked":["Cloak And Dagger","Flying Knee"],"picked":"Caltrops"}],"player_experience":285376,"potions_floor_usage":[47,47],"damage_taken":[{"damage":12.0,"enemies":"Jaw Worm","floor":1.0,"turns":8.0},{"damage":9.0,"enemies":"Blue Slaver","floor":3.0,"turns":6.0},{"damage":0.0,"enemies":"Cultist","floor":4.0,"turns":4.0},{"damage":1.0,"enemies":"Looter","floor":7.0,"turns":4.0},{"damage":5.0,"enemies":"3 Sentries","floor":11.0,"turns":6.0},{"damage":3.0,"enemies":"3 Louse","floor":12.0,"turns":3.0},{"damage":14.0,"enemies":"Gremlin Nob","floor":13.0,"turns":4.0},{"damage":0.0,"enemies":"Exordium Thugs","floor":14.0,"turns":4.0},{"damage":5.0,"enemies":"Slime Boss","floor":16.0,"turns":10.0},{"damage":23.0,"enemies":"Spheric Guardian","floor":18.0,"turns":4.0},{"damage":3.0,"enemies":"Chosen","floor":21.0,"turns":6.0},{"damage":16.0,"enemies":"Sentry and Sphere","floor":22.0,"turns":8.0},{"damage":42.0,"enemies":"Gremlin Leader","floor":24.0,"turns":10.0},{"damage":6.0,"enemies":"Centurion and Healer","floor":28.0,"turns":9.0},{"damage":16.0,"enemies":"Cultist and Chosen","floor":29.0,"turns":6.0},{"damage":17.0,"enemies":"Snake Plant","floor":30.0,"turns":6.0},{"damage":13.0,"enemies":"Slavers","floor":31.0,"turns":8.0},{"damage":15.0,"enemies":"Collector","floor":33.0,"turns":15.0},{"damage":9.0,"enemies":"3 Shapes","floor":35.0,"turns":7.0},{"damage":19.0,"enemies":"Mysterious Sphere","floor":36.0,"turns":7.0},{"damage":16.0,"enemies":"Orb Walker","floor":39.0,"turns":4.0},{"damage":88.0,"enemies":"Giant Head","floor":40.0,"turns":10.0},{"damage":15.0,"enemies":"4 Shapes","floor":44.0,"turns":7.0},{"damage":23.0,"enemies":"Sphere and 2 Shapes","floor":46.0,"turns":8.0},{"damage":30,"enemies":"2 Orb Walkers","floor":47,"turns":3}],"event_choices":[{"event_name":"The Lab","player_choice":"Got Potions","floor":2.0,"damage_taken":0.0},{"event_name":"The Cleric","player_choice":"Card Removal","floor":5.0,"damage_taken":0.0},{"event_name":"The Mausoleum","player_choice":"Yes","floor":19.0,"damage_taken":0.0},{"event_name":"Mysterious Sphere","player_choice":"Fight","floor":36.0,"damage_taken":0.0},{"event_name":"The Moai Head","player_choice":"Heal","floor":38.0,"damage_taken":0.0},{"event_name":"Transmorgrifier","player_choice":"Transform","floor":41.0,"damage_taken":0.0}],"boss_relics":[],"potions_floor_spawned":[3,12,13,16,18,22,24,31,35,39,44],"seed_played":"-1832731246022243252","killed_by":"2 Orb Walkers","ascension_level":13,"is_trial":false}