{"path_per_floor":["M","M","?","M","M","E","R","?","T","M","R","E","M","$","R","B",null,"M","?","M","M","M","E","R","?","T","$","?","M","R","M","R","B",null,"M","M","?"],"character_chosen":"DEFECT","items_purchased":["Toxic Egg 2","Blizzard","Reboot","Letter Opener","Rebound"],"gold_per_floor":[119,138,313,324,334,365,365,365,390,404,404,435,454,44,44,146,146,165,165,182,197,208,236,236,266,312,23,23,41,41,57,57,161,161,180,193,193,193],"floor_reached":38,"campfire_rested":1,"playtime":6603,"item_purchase_floors":[14,14,14,27,27],"current_hp_per_floor":[74,74,74,74,69,56,56,60,60,57,57,39,32,32,32,13,82,73,57,57,57,31,20,20,18,18,18,2,2,34,29,29,17,57,54,57,57,0],"items_purged":[],"gold":193,"score":458,"play_id":"84e42869-cf94-4b74-a8bb-3bb93a9cd0c9","local_time":"20180602125526","is_prod":false,"is_daily":false,"chose_seed":false,"is_ascension_mode":false,"campfire_upgraded":5,"win_rate":0.0,"timestamp":1527958526,"campfire_choices":[{"data":"Dualcast","floor":7,"key":"SMITH"},{"data":"Streamline","floor":11,"key":"SMITH"},{"data":"Multi-Cast","floor":15,"key":"SMITH"},{"data":"Creative AI","floor":24,"key":"SMITH"},{"floor":30,"key":"REST"},{"data":"Sunder","floor":32,"key":"SMITH"}],"path_taken":["M","M","?","M","M","E","R","?","T","M","R","E","M","?","R","BOSS","M","?","M","M","M","E","R","?","T","$","?","M","R","M","R","BOSS","M","M","?","?"],"build_version":"2018-05-31","seed_source_timestamp":10646051740193,"purchased_purges":0,"victory":false,"master_deck":["Defend_B","Defend_B","Defend_B","Defend_B","Zap","Dualcast+1","Chill","Beam Cell+1","Doubt","Undo","Skim","Streamline+1","Steam","Go for the Eyes","Multi-Cast+1","Blizzard","Reboot+1","Creative AI+1","BootSequence+1","Bite","Bite","Bite","Bite","Bite","Fusion+1","Doom and Gloom","Sunder+1","Melter+1","Conserve Battery+1","Rebound","Necronomicurse","Double Energy+1","Self Repair","Redo+1","Fission+1","Coolheaded+1"],"max_hp_per_floor":[75,75,75,75,75,75,75,82,82,82,82,82,82,82,82,82,82,82,57,57,57,57,57,57,57,57,57,57,57,57,57,57,57,57,57,57,57,57],"relics":["Cracked Core","Whetstone","Strawberry","Regal Pillow","Gremlin Horn","Toxic Egg 2","Nuclear Battery","Matryoshka","Red Mask","Pen Nib","Dream Catcher","Letter Opener","Necronomicon","Sozu"],"card_choices":[{"not_picked":["Go for the Eyes","Stack"],"picked":"Chill","floor":1},{"not_picked":["Scrape","Gash"],"picked":"Beam Cell","floor":2},{"not_picked":["Cold Snap","Go for the Eyes"],"picked":"Undo","floor":4},{"not_picked":["Reprogram","Stack"],"picked":"Skim","floor":5},{"not_picked":["Aggregate","Ball Lightning"],"picked":"Streamline","floor":6},{"not_picked":["Sweeping Beam","Steam Power"],"picked":"Steam","floor":10},{"not_picked":["Stack","Undo"],"picked":"Go for the Eyes","floor":12},{"not_picked":["Beam Cell","Reprogram"],"picked":"Multi-Cast","floor":13},{"not_picked":["Echo Form","Biased Cognition"],"picked":"Creative AI","floor":16},{"not_picked":["Streamline+1","Sweeping Beam"],"picked":"BootSequence+1","floor":18},{"not_picked":["Compile Driver+1","Consume+1"],"picked":"Fusion+1","floor":20},{"not_picked":["FTL+1","Beam Cell"],"picked":"Doom and Gloom","floor":21},{"not_picked":["Melter","Hologram+1"],"picked":"Sunder","floor":22},{"not_picked":["Beam Cell","Machine Learning"],"picked":"Melter+1","floor":23},{"not_picked":["Beam Cell","Sweeping Beam+1"],"picked":"Conserve Battery+1","floor":25},{"not_picked":["Steam Power+1","Steam+1"],"picked":"Double Energy+1","floor":29},{"not_picked":["Beam Cell+1","Turbo+1"],"picked":"Self Repair","floor":30},{"not_picked":["Cold Snap+1","Rip and Tear"],"picked":"Redo+1","floor":31},{"not_picked":["Electrodynamics","Multi-Cast+1"],"picked":"Fission+1","floor":33},{"not_picked":["Conserve Battery+1","Chill+1"],"picked":"Coolheaded+1","floor":35},{"not_picked":["Gash+1","Coolheaded+1","Doom and Gloom"],"picked":"SKIP","floor":36}],"player_experience":747659,"potions_floor_usage":[6,18,22,23,33,33],"damage_taken":[{"damage":1,"enemies":"2 Louse","floor":1,"turns":3},{"damage":0,"enemies":"Small Slimes","floor":2,"turns":2},{"damage":0,"enemies":"Jaw Worm","floor":4,"turns":3},{"damage":5,"enemies":"2 Fungi Beasts","floor":5,"turns":5},{"damage":13,"enemies":"Lagavulin","floor":6,"turns":8},{"damage":3,"enemies":"Looter","floor":10,"turns":2},{"damage":18,"enemies":"3 Sentries","floor":12,"turns":6},{"damage":7,"enemies":"Gremlin Gang","floor":13,"turns":4},{"damage":19,"enemies":"Hexaghost","floor":16,"turns":11},{"damage":9,"enemies":"Chosen","floor":18,"turns":6},{"damage":11,"enemies":"Shell Parasite","floor":20,"turns":8},{"damage":3,"enemies":"Centurion and Healer","floor":21,"turns":6},{"damage":32,"enemies":"Slaver and Parasite","floor":22,"turns":6},{"damage":21,"enemies":"Gremlin Leader","floor":23,"turns":6},{"damage":8,"enemies":"Masked Bandits","floor":25,"turns":3},{"damage":0,"enemies":"Sentry and Sphere","floor":29,"turns":2},{"damage":14,"enemies":"Snake Plant","floor":31,"turns":3},{"damage":33,"enemies":"Automaton","floor":33,"turns":9},{"damage":12,"enemies":"3 Shapes","floor":35,"turns":4},{"damage":0,"enemies":"Orb Walker","floor":36,"turns":2},{"damage":64,"enemies":"Mysterious Sphere","floor":38,"turns":8}],"relics_obtained":[{"floor":6,"key":"Whetstone"},{"floor":9,"key":"Regal Pillow"},{"floor":12,"key":"Gremlin Horn"},{"floor":23,"key":"Matryoshka"},{"floor":25,"key":"Red Mask"},{"floor":26,"key":"Pen Nib"},{"floor":26,"key":"Dream Catcher"},{"floor":28,"key":"Necronomicon"}],"event_choices":[{"event_name":"Liars Game","player_choice":"agreed","floor":3,"damage_taken":0},{"event_name":"Scrap Ooze","player_choice":"success","floor":8,"damage_taken":3},{"event_name":"Vampires","player_choice":"Became a vampire","floor":19,"damage_taken":0},{"event_name":"Masked Bandits","player_choice":"Fought over 236 gold","floor":25,"damage_taken":0},{"event_name":"Cursed Tome","player_choice":"Obtained Book","floor":28,"damage_taken":0},{"event_name":"SecretPortal","player_choice":"Rejected Portal.","floor":37,"damage_taken":0},{"event_name":"Mysterious Sphere","player_choice":"Fight","floor":38,"damage_taken":0}],"boss_relics":[{"not_picked":["Velvet Choker","Eternal Feather"],"picked":"Nuclear Battery"},{"not_picked":["Lizard Tail","Runic Dome"],"picked":"Sozu"}],"items_purged_floors":[],"potions_floor_spawned":[4,5,12,13,16,21,23,29,33,35,36],"seed_played":"3423806219454315830","killed_by":"Mysterious Sphere","ascension_level":0,"potions_obtained":[{"floor":4,"key":"Weak Potion"},{"floor":5,"key":"Swift Potion"},{"floor":12,"key":"SpeedPotion"},{"floor":13,"key":"Fire Potion"},{"floor":21,"key":"SkillPotion"},{"floor":23,"key":"Ancient Potion"},{"floor":29,"key":"FocusPotion"},{"floor":33,"key":"AttackPotion"}],"is_trial":false}