{"gold_per_floor":[117,117,117,136,147,147,162,162,162,189,189,47,59,78,78,180,180,195,214,214,60,76,76,76,110,110,139,139,154,79,7,7,102,102,102],"floor_reached":35,"playtime":1430,"items_purged":["Strike_B"],"score":420,"play_id":"f2f21489-e1fa-4b84-ba56-0c7b271678e1","local_time":"20190513052238","is_ascension_mode":false,"campfire_choices":[{"data":"Dualcast","floor":6,"key":"SMITH"},{"data":"Go for the Eyes","floor":8,"key":"SMITH"},{"data":"Self Repair","floor":11,"key":"SMITH"},{"data":"Defragment","floor":15,"key":"SMITH"},{"floor":23,"key":"REST"},{"floor":28,"key":"REST"},{"floor":32,"key":"REST"}],"neow_cost":"NONE","seed_source_timestamp":58290463379425,"circlet_count":0,"master_deck":["Strike_B","Defend_B+1","Defend_B","Defend_B","Defend_B+1","Zap","Dualcast+1","Ball Lightning","Self Repair+1","Sunder","Go for the Eyes+1","Stack","Defragment+1","Doom and Gloom","Turbo","Fission","Capacitor+1","Static Discharge","Reprogram","Undo","Steam Power","Chill","White Noise","Glacier+1"],"relics":["Cracked Core","Dodecahedron","Mercury Hourglass","Nuclear Battery","Regal Pillow","Dream Catcher","Darkstone Periapt","Kunai","Happy Flower","Runic Pyramid"],"potions_floor_usage":[14,19,27,27,33],"damage_taken":[{"damage":2,"enemies":"2 Louse","floor":1,"turns":3},{"damage":1,"enemies":"Jaw Worm","floor":4,"turns":3},{"damage":0,"enemies":"Cultist","floor":5,"turns":3},{"damage":11,"enemies":"Large Slime","floor":7,"turns":4},{"damage":27,"enemies":"Gremlin Nob","floor":10,"turns":4},{"damage":4,"enemies":"Gremlin Gang","floor":13,"turns":2},{"damage":0,"enemies":"Looter","floor":14,"turns":2},{"damage":8,"enemies":"Slime Boss","floor":16,"turns":7},{"damage":0,"enemies":"3 Byrds","floor":18,"turns":4},{"damage":23,"enemies":"Shell Parasite","floor":19,"turns":8},{"damage":47,"enemies":"Snecko","floor":22,"turns":6},{"damage":35,"enemies":"Gremlin Leader","floor":25,"turns":7},{"damage":57,"enemies":"Slavers","floor":27,"turns":5},{"damage":23,"enemies":"Snake Plant","floor":29,"turns":4},{"damage":60,"enemies":"Champ","floor":33,"turns":13},{"damage":10,"enemies":"3 Darklings","floor":35,"turns":2}],"seed_played":"2363048821032516743","potions_obtained":[{"floor":5,"key":"Strength Potion"},{"floor":10,"key":"Swift Potion"},{"floor":13,"key":"Fruit Juice"},{"floor":14,"key":"GamblersBrew"},{"floor":16,"key":"Fruit Juice"},{"floor":22,"key":"Fire Potion"},{"floor":29,"key":"FearPotion"},{"floor":33,"key":"FearPotion"}],"is_trial":false,"path_per_floor":["M","?","?","M","M","R","M","R","T","E","R","$","M","M","R","B",null,"M","M","?","$","M","R","$","E","T","E","R","M","?","$","R","B",null,"M"],"character_chosen":"DEFECT","items_purchased":["Defragment","Dream Catcher","White Noise"],"campfire_rested":3,"item_purchase_floors":[12,21,31],"current_hp_per_floor":[80,64,64,63,70,70,66,66,66,46,46,46,52,57,57,59,87,87,79,79,79,42,84,84,59,59,12,54,41,41,41,83,33,92,82],"gold":102,"neow_bonus":"TEN_PERCENT_HP_BONUS","is_prod":false,"is_daily":false,"chose_seed":false,"campfire_upgraded":4,"win_rate":0.0,"timestamp":1557739358,"path_taken":["M","?","?","?","M","R","M","R","T","E","R","$","M","M","R","BOSS","M","M","?","$","?","R","$","E","T","E","R","M","?","?","R","BOSS","M"],"build_version":"2019-01-23","purchased_purges":1,"victory":false,"max_hp_per_floor":[82,82,82,82,82,82,82,82,82,82,82,82,82,87,87,87,87,87,92,92,92,92,92,92,92,92,92,92,92,92,92,92,92,92,92],"card_choices":[{"not_picked":["Go for the Eyes","Coolheaded"],"picked":"Ball Lightning","floor":1},{"not_picked":["Coolheaded","Stack"],"picked":"Self Repair","floor":4},{"not_picked":["Leap","Compile Driver"],"picked":"Sunder","floor":5},{"not_picked":["Heatsinks","All For One"],"picked":"Go for the Eyes","floor":7},{"not_picked":["Sunder","Rebound"],"picked":"Stack","floor":10},{"not_picked":["Go for the Eyes","Steam"],"picked":"Doom and Gloom","floor":13},{"not_picked":["Rebound","Melter"],"picked":"Turbo","floor":14},{"not_picked":["Multi-Cast","Hyperbeam"],"picked":"Fission","floor":16},{"not_picked":["Rebound","Conserve Battery+1"],"picked":"Capacitor+1","floor":18},{"not_picked":["Streamline","Sunder"],"picked":"Static Discharge","floor":19},{"not_picked":["Beam Cell","Streamline","Storm"],"picked":"SKIP","floor":22},{"not_picked":["Ball Lightning","Compile Driver"],"picked":"Reprogram","floor":23},{"not_picked":["FTL+1","Chill"],"picked":"Undo","floor":25},{"not_picked":["Amplify","Barrage"],"picked":"Steam Power","floor":27},{"not_picked":["Ball Lightning+1","Reinforced Body+1"],"picked":"Chill","floor":29},{"not_picked":["Cold Snap","Compile Driver"],"picked":"Glacier+1","floor":32}],"player_experience":27416,"relics_obtained":[{"floor":9,"key":"Dodecahedron"},{"floor":10,"key":"Mercury Hourglass"},{"floor":25,"key":"Darkstone Periapt"},{"floor":26,"key":"Kunai"},{"floor":27,"key":"Happy Flower"}],"event_choices":[{"damage_healed":0,"gold_gain":0,"player_choice":"Entered Light","damage_taken":16,"max_hp_gain":0,"max_hp_loss":0,"event_name":"Shining Light","floor":2,"gold_loss":0,"cards_upgraded":["Defend_B","Defend_B"]},{"cards_removed":["Strike_B"],"damage_healed":0,"gold_gain":0,"player_choice":"Offered Basic","damage_taken":0,"max_hp_gain":0,"max_hp_loss":0,"event_name":"Bonfire Elementals","floor":3,"gold_loss":0},{"damage_healed":0,"gold_gain":0,"player_choice":"Gave Potion","damage_taken":0,"relics_obtained":["Regal Pillow"],"max_hp_gain":0,"max_hp_loss":0,"event_name":"WeMeetAgain","floor":20,"gold_loss":0},{"cards_removed":["Strike_B"],"damage_healed":0,"gold_gain":0,"player_choice":"Gave Gold","damage_taken":0,"max_hp_gain":0,"max_hp_loss":0,"event_name":"Beggar","floor":30,"gold_loss":75}],"is_beta":false,"boss_relics":[{"not_picked":["Inserter","Philosopher\u0027s Stone"],"picked":"Nuclear Battery"},{"not_picked":["Orrery","Empty Cage"],"picked":"Runic Pyramid"}],"items_purged_floors":[12],"is_endless":false,"potions_floor_spawned":[5,10,13,14,16,22,29,33],"killed_by":"3 Darklings","ascension_level":0}