{"path_per_floor":["M","M","?","?","?","M","R","E","T","?","M","R","M","E","R","B",null,"M","?","?","M","M","E"],"character_chosen":"DEFECT","items_purchased":[],"gold_per_floor":[365,377,377,452,422,436,436,468,468,468,487,487,502,537,537,663,663,686,886,801,817,838,871,871],"floor_reached":24,"campfire_rested":0,"playtime":2132,"item_purchase_floors":[],"current_hp_per_floor":[74,68,61,50,50,50,50,36,36,36,40,40,37,34,34,18,75,60,60,60,47,45,14,0],"items_purged":[],"gold":871,"score":226,"play_id":"0cc867fe-f366-41fe-8a76-203532f7206d","local_time":"20180601132554","is_prod":false,"is_daily":false,"chose_seed":false,"is_ascension_mode":false,"campfire_upgraded":3,"win_rate":0.0,"timestamp":1527873954,"campfire_choices":[{"data":"Defragment","floor":7,"key":"SMITH"},{"data":"Dualcast","floor":12,"key":"SMITH"},{"data":"FTL","floor":15,"key":"SMITH"}],"path_taken":["M","M","?","?","?","M","R","E","T","?","?","R","M","E","R","BOSS","M","?","?","M","?","E","?"],"build_version":"2018-05-31","seed_source_timestamp":226329538418108,"purchased_purges":0,"victory":false,"master_deck":["Strike_B","Strike_B","Strike_B","Strike_B","Defend_B","Defend_B","Defend_B","Defend_B","Zap","Dualcast+1","Defragment+1","Cold Snap","Darkness","FTL+1","Injury","Capacitor","Seek","BootSequence","Amplify","Reinforced Body+1","Heatsinks+1","Multi-Cast","Rebound+1"],"max_hp_per_floor":[75,75,75,75,75,75,75,75,75,75,75,75,75,75,75,75,75,75,75,75,75,75,75,75],"relics":["Cracked Core","Meat on the Bone","Happy Flower","Golden Idol","The Courier","Velvet Choker","Oddly Smooth Stone","Lantern"],"card_choices":[{"not_picked":["Gash","Sweeping Beam"],"picked":"Defragment","floor":1},{"not_picked":["Leap","Hologram"],"picked":"Cold Snap","floor":2},{"not_picked":["Defragment","Loop"],"picked":"Darkness","floor":6},{"not_picked":["Gash","Chill"],"picked":"FTL","floor":8},{"not_picked":["Coolheaded","Go for the Eyes"],"picked":"Capacitor","floor":11},{"not_picked":["Gash","Redo"],"picked":"Seek","floor":13},{"not_picked":["Double Energy","Coolheaded"],"picked":"BootSequence","floor":14},{"not_picked":["Seek","Reboot"],"picked":"Amplify","floor":16},{"not_picked":["Rebound","Leap"],"picked":"Reinforced Body+1","floor":18},{"not_picked":["Defragment","Skim+1"],"picked":"Heatsinks+1","floor":21},{"not_picked":["Redo","Darkness"],"picked":"Multi-Cast","floor":22},{"not_picked":["Beam Cell","Coolheaded"],"picked":"Rebound+1","floor":23}],"player_experience":738164,"potions_floor_usage":[8,14,14,23,24],"damage_taken":[{"damage":1,"enemies":"Jaw Worm","floor":1,"turns":3},{"damage":6,"enemies":"2 Louse","floor":2,"turns":4},{"damage":0,"enemies":"Small Slimes","floor":6,"turns":3},{"damage":14,"enemies":"3 Sentries","floor":8,"turns":6},{"damage":8,"enemies":"Red Slaver","floor":11,"turns":4},{"damage":15,"enemies":"3 Louse","floor":13,"turns":4},{"damage":15,"enemies":"Gremlin Nob","floor":14,"turns":5},{"damage":28,"enemies":"Slime Boss","floor":16,"turns":11},{"damage":15,"enemies":"Chosen","floor":18,"turns":7},{"damage":13,"enemies":"3 Byrds","floor":21,"turns":6},{"damage":14,"enemies":"Centurion and Healer","floor":22,"turns":8},{"damage":43,"enemies":"Book of Stabbing","floor":23,"turns":7},{"damage":18,"enemies":"Masked Bandits","floor":24,"turns":3}],"relics_obtained":[{"floor":8,"key":"Meat on the Bone"},{"floor":9,"key":"Happy Flower"},{"floor":14,"key":"The Courier"},{"floor":23,"key":"Lantern"}],"event_choices":[{"event_name":"Golden Wing","player_choice":"Card Removal","floor":3,"damage_taken":0},{"event_name":"World of Goop","player_choice":"Gather Gold","floor":4,"damage_taken":0},{"event_name":"The Woman in Blue","player_choice":"Bought 2 Potions","floor":5,"damage_taken":0},{"event_name":"Golden Idol","player_choice":"Take Wound","floor":10,"damage_taken":0},{"event_name":"Wheel of Change","player_choice":"Gold","floor":19,"damage_taken":0},{"event_name":"Addict","player_choice":"Obtained Relic","floor":20,"damage_taken":0},{"event_name":"Masked Bandits","player_choice":"Fought over 871 gold","floor":24,"damage_taken":0}],"boss_relics":[{"not_picked":["White Beast Statue","Runic Pyramid"],"picked":"Velvet Choker"}],"items_purged_floors":[],"potions_floor_spawned":[1,8,11,14,18,22],"seed_played":"-761048951869391338","killed_by":"Masked Bandits","ascension_level":0,"potions_obtained":[{"floor":1,"key":"AttackPotion"},{"floor":5,"key":"Fire Potion"},{"floor":5,"key":"SneckoOil"},{"floor":8,"key":"SkillPotion"},{"floor":14,"key":"GamblersBrew"},{"floor":18,"key":"Weak Potion"}],"is_trial":false}