{"gold_per_floor":[113,113,126,145,156,183,358,374,397,397],"floor_reached":10,"playtime":263,"items_purged":[],"score":70,"play_id":"7007e2c9-ee33-4ffa-9390-d4ec9df08d8f","local_time":"20190512211934","is_ascension_mode":false,"campfire_choices":[],"neow_cost":"","seed_source_timestamp":30472813739659,"circlet_count":0,"master_deck":["Strike_R","Strike_R","Strike_R","Strike_R","Strike_R","Defend_R","Defend_R","Defend_R","Defend_R","Bash","Pommel Strike","Flex","True Grit","Fire Breathing","Flame Barrier","Doubt","Sword Boomerang"],"relics":["Burning Blood","Ancient Tea Set","Strawberry","Centennial Puzzle"],"potions_floor_usage":[],"damage_taken":[{"damage":2,"enemies":"Small Slimes","floor":1,"turns":5},{"damage":10,"enemies":"2 Louse","floor":3,"turns":3},{"damage":11,"enemies":"Jaw Worm","floor":4,"turns":2},{"damage":15,"enemies":"Exordium Thugs","floor":5,"turns":5},{"damage":42,"enemies":"3 Sentries","floor":6,"turns":8},{"damage":12,"enemies":"Blue Slaver","floor":8,"turns":5},{"damage":22,"enemies":"Gremlin Nob","floor":10,"turns":3}],"seed_played":"1862717401250378466","potions_obtained":[{"floor":5,"key":"Block Potion"},{"floor":6,"key":"Block Potion"}],"is_trial":false,"path_per_floor":["M","?","M","M","M","E","?","M","T","E"],"character_chosen":"IRONCLAD","items_purchased":[],"campfire_rested":0,"item_purchase_floors":[],"current_hp_per_floor":[80,73,69,64,55,26,26,20,20,0],"gold":397,"neow_bonus":"","is_prod":false,"is_daily":false,"chose_seed":false,"campfire_upgraded":0,"win_rate":0.0,"timestamp":1557710374,"path_taken":["M","?","M","M","M","E","?","M","T","E"],"build_version":"2019-01-23","purchased_purges":0,"victory":false,"max_hp_per_floor":[80,80,80,80,80,87,87,87,87,87],"card_choices":[{"not_picked":["Perfected Strike","Anger"],"picked":"Pommel Strike","floor":1},{"not_picked":["Twin Strike","Warcry"],"picked":"Flex","floor":3},{"not_picked":["Clash","Burning Pact"],"picked":"True Grit","floor":4},{"not_picked":["Perfected Strike","Twin Strike"],"picked":"Fire Breathing","floor":5},{"not_picked":["Headbutt","Clash"],"picked":"Flame Barrier","floor":6},{"not_picked":["Twin Strike","Anger"],"picked":"Sword Boomerang","floor":8}],"player_experience":0,"relics_obtained":[{"floor":6,"key":"Strawberry"},{"floor":9,"key":"Centennial Puzzle"}],"event_choices":[{"damage_healed":0,"gold_gain":0,"player_choice":"Success","damage_taken":7,"relics_obtained":["Ancient Tea Set"],"max_hp_gain":0,"max_hp_loss":0,"event_name":"Scrap Ooze","floor":2,"gold_loss":0},{"damage_healed":0,"gold_gain":175,"player_choice":"AGREE","damage_taken":0,"max_hp_gain":0,"max_hp_loss":0,"event_name":"Liars Game","floor":7,"gold_loss":0,"cards_obtained":["Doubt"]}],"is_beta":false,"boss_relics":[],"items_purged_floors":[],"is_endless":false,"potions_floor_spawned":[5,6],"killed_by":"Gremlin Nob","ascension_level":0}