{"gold_per_floor":[111,111,124,134,146,146,166,166,166,191,56,56,56,131,131,236,236,255,255,203,219,231,257,58,58],"floor_reached":25,"playtime":1085,"items_purged":["Strike_R"],"score":213,"play_id":"4f199112-a0ce-4493-b7d1-ed0e2c452dd3","local_time":"20190513012438","is_ascension_mode":false,"campfire_choices":[{"data":"Disarm","floor":6,"key":"SMITH"},{"data":"Battle Trance","floor":8,"key":"SMITH"},{"data":"Corruption","floor":13,"key":"SMITH"},{"floor":15,"key":"REST"}],"neow_cost":"NONE","seed_source_timestamp":44355482346706,"circlet_count":0,"master_deck":["Strike_R","Strike_R","Strike_R","Defend_R","Defend_R+1","Defend_R","Defend_R","Bash","Disarm+1","Iron Wave","Rage","Sword Boomerang","Battle Trance+1","Demon Form+1","Corruption+1","Barricade","Fire Breathing","Anger","Spot Weakness","Second Wind+1","True Grit"],"relics":["Mark of Pain","MawBank","Runic Pyramid","Anchor","Vajra"],"potions_floor_usage":[],"damage_taken":[{"damage":1,"enemies":"Cultist","floor":1,"turns":3},{"damage":3,"enemies":"Small Slimes","floor":3,"turns":4},{"damage":0,"enemies":"2 Louse","floor":4,"turns":3},{"damage":20,"enemies":"Exordium Wildlife","floor":5,"turns":5},{"damage":0,"enemies":"2 Fungi Beasts","floor":7,"turns":4},{"damage":5,"enemies":"Large Slime","floor":10,"turns":7},{"damage":4,"enemies":"Hexaghost","floor":16,"turns":6},{"damage":2,"enemies":"Chosen","floor":18,"turns":6},{"damage":0,"enemies":"3 Byrds","floor":21,"turns":5},{"damage":19,"enemies":"Centurion and Healer","floor":22,"turns":6},{"damage":35,"enemies":"Book of Stabbing","floor":23,"turns":6},{"damage":12,"enemies":"Gremlin Leader","floor":25,"turns":2}],"seed_played":"2716750627886356202","potions_obtained":[{"floor":1,"key":"Weak Potion"},{"floor":5,"key":"Fire Potion"},{"floor":7,"key":"FearPotion"}],"is_trial":false,"path_per_floor":["M","?","M","M","M","R","M","R","T","M","$","?","R","?","R","B",null,"M","?","$","M","M","E","$","E"],"character_chosen":"IRONCLAD","items_purchased":["Corruption","Anger","Vajra","True Grit"],"campfire_rested":1,"item_purchase_floors":[11,20,24,24],"current_hp_per_floor":[79,79,76,76,56,56,56,56,56,51,51,35,35,24,48,44,80,78,63,63,63,44,9,9,0],"gold":58,"neow_bonus":"BOSS_RELIC","is_prod":false,"is_daily":false,"chose_seed":false,"campfire_upgraded":3,"win_rate":0.0,"timestamp":1557725078,"path_taken":["M","?","?","M","M","R","M","R","T","M","$","?","R","?","R","BOSS","M","?","$","M","M","E","$","E"],"build_version":"2019-01-23","purchased_purges":1,"victory":false,"max_hp_per_floor":[80,80,80,80,80,80,80,80,80,80,80,80,80,80,80,80,80,80,85,85,85,85,85,85,85],"card_choices":[{"not_picked":["Cleave","Thunderclap"],"picked":"Disarm","floor":1},{"not_picked":["Cleave","Flex"],"picked":"Rage","floor":3},{"not_picked":["Intimidate","Body Slam"],"picked":"Sword Boomerang","floor":4},{"not_picked":["Power Through","Entrench","Headbutt"],"picked":"SKIP","floor":5},{"not_picked":["True Grit","Flex"],"picked":"Battle Trance","floor":7},{"not_picked":["Shrug It Off","Disarm"],"picked":"Demon Form","floor":10},{"not_picked":["Fiend Fire","Juggernaut"],"picked":"Barricade","floor":16},{"not_picked":["Burning Pact+1","Rupture"],"picked":"Fire Breathing","floor":18},{"not_picked":["Cleave","Clothesline"],"picked":"Spot Weakness","floor":21},{"not_picked":["Body Slam+1","Dropkick"],"picked":"Second Wind+1","floor":22},{"not_picked":["Anger","Armaments","Cleave"],"picked":"SKIP","floor":23}],"player_experience":13683,"relics_obtained":[{"floor":9,"key":"MawBank"},{"floor":23,"key":"Anchor"}],"event_choices":[{"cards_removed":["Strike_R"],"damage_healed":0,"gold_gain":0,"player_choice":"Took Card","damage_taken":0,"max_hp_gain":0,"max_hp_loss":0,"event_name":"NoteForYourself","floor":2,"gold_loss":0,"cards_obtained":["Iron Wave"]},{"damage_healed":0,"gold_gain":0,"player_choice":"Entered Light","damage_taken":16,"max_hp_gain":0,"max_hp_loss":0,"event_name":"Shining Light","floor":12,"gold_loss":0,"cards_upgraded":["Defend_R","Demon Form"]},{"damage_healed":0,"gold_gain":75,"player_choice":"Gather Gold","damage_taken":11,"max_hp_gain":0,"max_hp_loss":0,"event_name":"World of Goop","floor":14,"gold_loss":0},{"damage_healed":0,"gold_gain":0,"player_choice":"Shed Blood","damage_taken":20,"max_hp_gain":5,"max_hp_loss":0,"event_name":"Forgotten Altar","floor":19,"gold_loss":0}],"is_beta":false,"boss_relics":[{"not_picked":["Tiny House","Sozu"],"picked":"Runic Pyramid"}],"items_purged_floors":[11],"is_endless":false,"potions_floor_spawned":[1,5,7,23],"killed_by":"Gremlin Leader","ascension_level":0}