{"gold_per_floor":[112,122,47,114,14,48,48,83,135,164,176,13,28,48,48,48],"floor_reached":16,"playtime":510,"items_purged":["Pain","Pain","Parasite"],"score":110,"play_id":"f9987909-1765-4743-be89-f8614f865e34","local_time":"20190513010623","is_ascension_mode":false,"campfire_choices":[{"floor":7,"key":"REST"},{"floor":15,"key":"REST"}],"neow_cost":"NONE","seed_source_timestamp":43835638995879,"circlet_count":0,"master_deck":["Strike_R","Strike_R","Strike_R","Strike_R","Strike_R","Defend_R","Defend_R","Defend_R","Defend_R","Bash","Heavy Blade","True Grit","Metallicize","Feel No Pain","Ghostly Armor","Flex","Armaments","Clothesline"],"relics":["Calling Bell","Anchor","Mercury Hourglass","Gambling Chip","Orichalcum","Oddly Smooth Stone","MawBank"],"potions_floor_usage":[],"damage_taken":[{"damage":11,"enemies":"Jaw Worm","floor":1,"turns":3},{"damage":10,"enemies":"2 Louse","floor":2,"turns":3},{"damage":35,"enemies":"3 Sentries","floor":6,"turns":8},{"damage":30,"enemies":"Lagavulin","floor":8,"turns":6},{"damage":0,"enemies":"Cultist","floor":10,"turns":4},{"damage":0,"enemies":"Blue Slaver","floor":13,"turns":5},{"damage":0,"enemies":"2 Fungi Beasts","floor":14,"turns":5},{"damage":59,"enemies":"The Guardian","floor":16,"turns":8}],"seed_played":"7955341806401523315","potions_obtained":[{"floor":1,"key":"Dexterity Potion"},{"floor":6,"key":"Weak Potion"},{"floor":10,"key":"Weak Potion"},{"floor":13,"key":"Energy Potion"}],"is_trial":false,"path_per_floor":["M","M","$","?","$","E","R","E","T","M","?","$","M","M","R","B"],"character_chosen":"IRONCLAD","items_purchased":["Flex"],"campfire_rested":2,"item_purchase_floors":[12],"current_hp_per_floor":[69,59,59,59,59,24,48,18,18,18,23,23,23,23,47,0],"gold":48,"neow_bonus":"BOSS_RELIC","is_prod":false,"is_daily":false,"chose_seed":false,"campfire_upgraded":0,"win_rate":0.0,"timestamp":1557723983,"path_taken":["M","M","$","?","$","E","R","E","T","M","?","?","?","M","R","BOSS"],"build_version":"2019-01-23","purchased_purges":3,"victory":false,"max_hp_per_floor":[80,80,80,80,80,80,80,80,80,80,85,82,82,82,82,82],"card_choices":[{"not_picked":["Combust","Perfected Strike"],"picked":"Heavy Blade","floor":1},{"not_picked":["Sword Boomerang","Cleave"],"picked":"True Grit","floor":2},{"not_picked":["Blood for Blood","Uppercut"],"picked":"Metallicize","floor":6},{"not_picked":["Barricade","Headbutt"],"picked":"Feel No Pain","floor":8},{"not_picked":["Clash","Sword Boomerang"],"picked":"Ghostly Armor","floor":10},{"not_picked":["Headbutt","Twin Strike"],"picked":"Armaments","floor":13},{"not_picked":["Thunderclap","Headbutt"],"picked":"Clothesline","floor":14}],"player_experience":13173,"relics_obtained":[{"floor":0,"key":"Anchor"},{"floor":0,"key":"Mercury Hourglass"},{"floor":0,"key":"Gambling Chip"},{"floor":6,"key":"Orichalcum"},{"floor":8,"key":"Oddly Smooth Stone"},{"floor":9,"key":"MawBank"}],"event_choices":[{"damage_healed":0,"gold_gain":67,"player_choice":"Gained Gold","damage_taken":0,"max_hp_gain":0,"max_hp_loss":0,"event_name":"Golden Wing","floor":4,"gold_loss":0},{"damage_healed":0,"gold_gain":0,"player_choice":"Donut","damage_taken":0,"max_hp_gain":5,"max_hp_loss":0,"event_name":"Big Fish","floor":11,"gold_loss":0}],"is_beta":false,"boss_relics":[],"items_purged_floors":[3,5,12],"is_endless":false,"potions_floor_spawned":[1,6,10,13],"killed_by":"The Guardian","ascension_level":0}