{"path_per_floor":["M","M","$","?","$","E","R","E","T","M","$","M","R","M","R","B",null,"M","?","?","M","M","R","M","M","T","R","$","M","M","$","R","B",null,"M","?","$","M","$","R","M","$","T","T","?","R","$","M","R"],"character_chosen":"THE_SILENT","items_purchased":["Flash of Steel"],"gold_per_floor":[111,128,128,128,53,81,81,113,113,132,32,43,43,56,56,157,157,174,174,174,184,202,202,215,234,234,234,7,27,40,40,40,136,136,150,150,150,161,161,161,176,26,26,26,26,26,26,39,39],"floor_reached":50,"campfire_rested":2,"playtime":3856,"current_hp_per_floor":[70,70,70,56,56,56,56,40,40,40,40,40,40,40,40,22,70,63,63,63,62,27,48,31,32,32,53,53,53,44,44,44,6,70,56,70,70,59,59,59,34,34,34,34,34,34,34,34,34],"items_purged":["Defend_G","Strike_G","Catalyst","Footwork"],"gold":39,"score":427,"play_id":"09cbe459-5355-47c9-b522-954bb5335fe1","is_prod":false,"is_daily":false,"is_ascension_mode":false,"campfire_upgraded":5,"path_taken":["M","M","$","?","$","E","R","E","T","M","$","M","R","M","R","BOSS","M","?","?","M","?","R","M","M","T","R","?","?","M","$","R","BOSS","M","?","$","?","$","R","M","$","T","?","?","R","?","M","R","BOSS"],"build_version":"2018-02-22-PROD1","purchased_purges":5,"victory":false,"master_deck":["Survivor+1","Neutralize+1","Acrobatics+1","Poisoned Stab","Prepared","Dagger Spray+1","Blur+1","Sucker Punch","Acrobatics+1","Flash of Steel+1"],"max_hp_per_floor":[70,70,70,70,70,70,70,70,70,70,70,70,70,70,70,70,70,70,70,70,70,70,70,70,70,70,70,70,70,70,70,70,70,70,70,70,70,70,70,70,70,70,70,70,70,70,70,70,70],"relics":["Ring of the Snake","NeowsBlessing","Vajra","Du-Vu Doll","Ginger","Pandora\u0027s Box","Bird Faced Urn","Calipers","Sozu","Darkstone Periapt","Peace Pipe"],"card_choices":[{"not_picked":["Cloak And Dagger","Setup"],"picked":"Acrobatics"}],"player_experience":461038,"potions_floor_usage":[50],"damage_taken":[{"damage":0.0,"enemies":"Cultist","floor":1.0,"turns":1.0},{"damage":0.0,"enemies":"Jaw Worm","floor":2.0,"turns":1.0},{"damage":0.0,"enemies":"Lagavulin","floor":6.0,"turns":1.0},{"damage":16.0,"enemies":"3 Sentries","floor":8.0,"turns":10.0},{"damage":0.0,"enemies":"2 Louse","floor":10.0,"turns":2.0},{"damage":0.0,"enemies":"Blue Slaver","floor":12.0,"turns":4.0},{"damage":0.0,"enemies":"Looter","floor":14.0,"turns":3.0},{"damage":18.0,"enemies":"Slime Boss","floor":16.0,"turns":13.0},{"damage":7.0,"enemies":"Spheric Guardian","floor":18.0,"turns":5.0},{"damage":3.0,"enemies":"Shell Parasite","floor":21.0,"turns":6.0},{"damage":37.0,"enemies":"3 Cultists","floor":22.0,"turns":6.0},{"damage":19.0,"enemies":"Sentry and Sphere","floor":24.0,"turns":8.0},{"damage":1.0,"enemies":"Centurion and Healer","floor":25.0,"turns":8.0},{"damage":0.0,"enemies":"3 Cultists","floor":29.0,"turns":4.0},{"damage":11.0,"enemies":"Snecko","floor":30.0,"turns":6.0},{"damage":40.0,"enemies":"Collector","floor":33.0,"turns":11.0},{"damage":15.0,"enemies":"3 Shapes","floor":35.0,"turns":5.0},{"damage":13,"enemies":"3 Darklings","floor":38,"turns":5},{"damage":27,"enemies":"Sphere and 2 Shapes","floor":41,"turns":4},{"damage":0,"enemies":"Maw","floor":48,"turns":8},{"damage":34,"enemies":"Donu and Deca","floor":50,"turns":4}],"event_choices":[{"event_name":"Shining Light","player_choice":"Entered Light","floor":4.0,"damage_taken":0.0},{"event_name":"The Mausoleum","player_choice":"Yes","floor":19.0,"damage_taken":0.0},{"event_name":"Duplicator","player_choice":"One dupe","floor":20.0,"damage_taken":0.0},{"event_name":"Winding Halls","player_choice":"Writhe","floor":36.0,"damage_taken":0.0},{"event_name":"Upgrade Shrine","player_choice":"Upgraded","floor":45,"damage_taken":0}],"boss_relics":[],"potions_floor_spawned":[6,10,21,25,29,41,48],"seed_played":"-7962018257969005985","killed_by":"Donu and Deca","ascension_level":0,"is_trial":false}