{"gold_per_floor":[115,131,131,144,144,144,184,184,184,184,184,200,244,262,262,382,382,400,400,400,418,3,39,60,93,93,112,112,112,112,212,212,341,341,355,375,390,390,405,405,440,565,590,590,40,40,63,84,84,84],"floor_reached":51,"playtime":2945,"items_purged":["Strike_G"],"score":725,"play_id":"b624ceeb-2b62-4261-a74e-8f2c328dbce8","local_time":"20190513033835","is_ascension_mode":false,"campfire_choices":[{"floor":6,"key":"REST"},{"floor":11,"key":"REST"},{"floor":15,"key":"REST"},{"floor":28,"key":"REST"},{"floor":30,"key":"REST"},{"floor":32,"key":"REST"},{"floor":40,"key":"REST"},{"floor":49,"key":"REST"}],"neow_cost":"NONE","seed_source_timestamp":50513766158469,"circlet_count":0,"master_deck":["Defend_G","Defend_G+1","Defend_G","Defend_G+1","Defend_G","Strike_G","Strike_G","Survivor","Neutralize","Poisoned Stab","Quick Slash","After Image","Quick Slash","Flechettes+1","Blade Dance","Well Laid Plans","Backflip","Burst","PiercingWail","Writhe","Caltrops","Calculated Gamble","Adrenaline","Escape Plan","Noxious Fumes+1","Deadly Poison","Doppelganger","Adrenaline","PiercingWail+1","Crippling Poison+1","Malaise","Backstab","Backflip+1","Caltrops","Blur","Panache"],"relics":["Fusion Hammer","Golden Idol","Calipers","Pantograph","Gambling Chip","Juzu Bracelet","WristBlade","Meat on the Bone","Enchiridion","War Paint","Orichalcum","Ginger","Tingsha","Philosopher\u0027s Stone","Shuriken","The Specimen","Regal Pillow","Ancient Tea Set"],"potions_floor_usage":[13,33,33,33,48],"damage_taken":[{"damage":0,"enemies":"Small Slimes","floor":1,"turns":5},{"damage":0,"enemies":"2 Louse","floor":2,"turns":2},{"damage":0,"enemies":"Cultist","floor":4,"turns":3},{"damage":14,"enemies":"3 Sentries","floor":7,"turns":10},{"damage":0,"enemies":"2 Fungi Beasts","floor":12,"turns":4},{"damage":24,"enemies":"Gremlin Nob","floor":13,"turns":4},{"damage":3,"enemies":"Exordium Thugs","floor":14,"turns":6},{"damage":32,"enemies":"The Guardian","floor":16,"turns":16},{"damage":5,"enemies":"3 Byrds","floor":18,"turns":5},{"damage":13,"enemies":"Spheric Guardian","floor":21,"turns":4},{"damage":15,"enemies":"Book of Stabbing","floor":23,"turns":7},{"damage":8,"enemies":"Cultist and Chosen","floor":24,"turns":6},{"damage":20,"enemies":"Gremlin Leader","floor":25,"turns":6},{"damage":13,"enemies":"Snake Plant","floor":27,"turns":3},{"damage":31,"enemies":"Champ","floor":33,"turns":14},{"damage":43,"enemies":"3 Shapes","floor":35,"turns":5},{"damage":7,"enemies":"Orb Walker","floor":36,"turns":3},{"damage":17,"enemies":"Jaw Worm Horde","floor":37,"turns":4},{"damage":11,"enemies":"Sphere and 2 Shapes","floor":39,"turns":6},{"damage":26,"enemies":"Giant Head","floor":41,"turns":9},{"damage":4,"enemies":"Mind Bloom Boss Battle","floor":42,"turns":8},{"damage":0,"enemies":"4 Shapes","floor":47,"turns":4},{"damage":13,"enemies":"3 Darklings","floor":48,"turns":4},{"damage":54,"enemies":"Time Eater","floor":50,"turns":14}],"seed_played":"6302453302058082502","potions_obtained":[{"floor":2,"key":"GhostInAJar"},{"floor":7,"key":"Regen Potion"},{"floor":14,"key":"Swift Potion"},{"floor":16,"key":"SpeedPotion"},{"floor":29,"key":"Regen Potion"},{"floor":33,"key":"EssenceOfSteel"},{"floor":37,"key":"FairyPotion"},{"floor":42,"key":"SpeedPotion"},{"floor":47,"key":"Regen Potion"}],"is_trial":false,"path_per_floor":["M","M","?","M","?","R","E","?","T","?","R","M","E","M","R","B",null,"M","?","?","M","$","E","M","E","T","M","R","?","R","?","R","B",null,"M","M","M","?","M","R","E","?","T","?","$","?","M","M","R","B",null],"character_chosen":"THE_SILENT","items_purchased":["War Paint","Caltrops","Calculated Gamble","Adrenaline","Ancient Tea Set","Caltrops","Blur","Panache"],"campfire_rested":8,"item_purchase_floors":[22,22,22,22,45,45,45,45],"current_hp_per_floor":[70,70,65,65,65,65,51,48,48,48,65,65,46,43,62,33,65,60,60,44,43,43,40,44,36,36,35,54,54,65,65,65,48,65,34,39,34,34,35,54,40,61,61,61,61,61,61,59,65,23],"gold":84,"neow_bonus":"BOSS_RELIC","is_prod":false,"is_daily":false,"chose_seed":false,"campfire_upgraded":0,"win_rate":0.0,"timestamp":1557733115,"path_taken":["M","M","?","M","?","R","E","?","T","?","R","M","E","M","R","BOSS","M","?","?","M","?","E","M","E","T","M","R","?","R","?","R","BOSS","M","M","M","?","M","R","E","?","T","?","$","?","M","M","R","BOSS"],"build_version":"2019-01-23","purchased_purges":1,"victory":true,"max_hp_per_floor":[70,70,65,65,65,65,65,65,65,65,65,65,65,65,65,65,65,65,65,65,65,65,65,65,65,65,65,65,65,65,65,65,65,65,65,65,65,65,65,65,65,65,65,65,65,65,65,65,65,65],"card_choices":[{"not_picked":["Acrobatics","Prepared"],"picked":"Poisoned Stab","floor":1},{"not_picked":["All Out Attack","Outmaneuver"],"picked":"Quick Slash","floor":2},{"not_picked":["Slice","Reflex"],"picked":"After Image","floor":4},{"not_picked":["Dodge and Roll","Dagger Spray"],"picked":"Flechettes","floor":7},{"not_picked":["Slice","Expertise"],"picked":"Blade Dance","floor":12},{"not_picked":["Endless Agony","Backflip"],"picked":"Well Laid Plans","floor":13},{"not_picked":["Deflect","Poisoned Stab"],"picked":"Backflip","floor":14},{"not_picked":["Night Terror","Phantasmal Killer"],"picked":"Burst","floor":16},{"not_picked":["Dagger Spray","Acrobatics"],"picked":"PiercingWail","floor":18},{"not_picked":["Outmaneuver","Dodge and Roll","Sucker Punch"],"picked":"SKIP","floor":21},{"not_picked":["Infinite Blades","Endless Agony+1"],"picked":"Escape Plan","floor":23},{"not_picked":["Terror","Endless Agony"],"picked":"Noxious Fumes+1","floor":24},{"not_picked":["Sucker Punch","Endless Agony"],"picked":"Deadly Poison","floor":25},{"not_picked":["Outmaneuver","Quick Slash"],"picked":"Doppelganger","floor":27},{"not_picked":["Night Terror","Venomology"],"picked":"Adrenaline","floor":33},{"not_picked":["Outmaneuver","Poisoned Stab"],"picked":"PiercingWail+1","floor":35},{"not_picked":["Poisoned Stab+1","Flechettes"],"picked":"Crippling Poison+1","floor":36},{"not_picked":["PiercingWail","Acrobatics+1","Outmaneuver"],"picked":"SKIP","floor":37},{"not_picked":["Dagger Throw+1","Dagger Spray+1"],"picked":"Malaise","floor":39},{"not_picked":["PiercingWail+1","Backflip"],"picked":"Backstab","floor":41},{"not_picked":["Dagger Spray","Deadly Poison"],"picked":"Backflip+1","floor":42},{"not_picked":["Dodge and Roll","Quick Slash","Outmaneuver+1"],"picked":"SKIP","floor":47},{"not_picked":["Burst","Blade Dance","Expertise+1"],"picked":"SKIP","floor":48}],"player_experience":19734,"relics_obtained":[{"floor":7,"key":"Calipers"},{"floor":9,"key":"Gambling Chip"},{"floor":13,"key":"Juzu Bracelet"},{"floor":20,"key":"Enchiridion"},{"floor":23,"key":"Orichalcum"},{"floor":25,"key":"Ginger"},{"floor":26,"key":"Tingsha"},{"floor":41,"key":"Shuriken"},{"floor":42,"key":"The Specimen"},{"floor":43,"key":"Regal Pillow"}],"event_choices":[{"damage_healed":0,"gold_gain":0,"player_choice":"Lose Max HP","damage_taken":0,"relics_obtained":["Golden Idol"],"max_hp_gain":0,"max_hp_loss":5,"event_name":"Golden Idol","floor":3,"gold_loss":0},{"damage_healed":0,"gold_gain":0,"cards_transformed":["Strike_G"],"player_choice":"Change","damage_taken":0,"max_hp_gain":0,"max_hp_loss":0,"event_name":"Living Wall","floor":5,"gold_loss":0,"cards_obtained":["Quick Slash"]},{"damage_healed":0,"gold_gain":0,"player_choice":"Success","damage_taken":3,"relics_obtained":["Pantograph"],"max_hp_gain":0,"max_hp_loss":0,"event_name":"Scrap Ooze","floor":8,"gold_loss":0},{"damage_healed":0,"gold_gain":0,"player_choice":"Forge","damage_taken":0,"max_hp_gain":0,"max_hp_loss":0,"event_name":"Accursed Blacksmith","floor":10,"gold_loss":0,"cards_upgraded":["Flechettes"]},{"damage_healed":0,"gold_gain":0,"player_choice":"Opened","damage_taken":0,"relics_obtained":["Meat on the Bone"],"max_hp_gain":0,"max_hp_loss":0,"event_name":"The Mausoleum","floor":19,"gold_loss":0,"cards_obtained":["Writhe"]},{"damage_healed":0,"gold_gain":0,"player_choice":"Obtained Book","damage_taken":16,"max_hp_gain":0,"max_hp_loss":0,"event_name":"Cursed Tome","floor":20,"gold_loss":0},{"damage_healed":0,"gold_gain":0,"player_choice":"Got Potions","damage_taken":0,"max_hp_gain":0,"max_hp_loss":0,"event_name":"Lab","floor":29,"gold_loss":0},{"damage_healed":0,"gold_gain":100,"player_choice":"Pray","damage_taken":0,"max_hp_gain":0,"max_hp_loss":0,"event_name":"Golden Shrine","floor":31,"gold_loss":0},{"damage_healed":0,"gold_gain":0,"player_choice":"Ignored","damage_taken":0,"max_hp_gain":0,"max_hp_loss":0,"event_name":"Mysterious Sphere","floor":38,"gold_loss":0},{"damage_healed":0,"gold_gain":0,"player_choice":"Fight","damage_taken":0,"max_hp_gain":0,"max_hp_loss":0,"event_name":"MindBloom","floor":42,"gold_loss":0},{"damage_healed":0,"gold_gain":0,"player_choice":"Ignored","damage_taken":0,"max_hp_gain":0,"max_hp_loss":0,"event_name":"Tomb of Lord Red Mask","floor":44,"gold_loss":0},{"cards_removed":["Strike_G"],"damage_healed":0,"gold_gain":0,"player_choice":"Removed Attack","damage_taken":0,"max_hp_gain":0,"max_hp_loss":0,"event_name":"Falling","floor":46,"gold_loss":0}],"is_beta":false,"boss_relics":[{"not_picked":["HoveringKite","Orrery"],"picked":"WristBlade"},{"not_picked":["Lizard Tail","Empty Cage"],"picked":"Philosopher\u0027s Stone"}],"items_purged_floors":[45],"is_endless":false,"potions_floor_spawned":[2,7,14,16,23,24,33,37,42,47,48],"ascension_level":0}