{"gold_per_floor":[117,117,42,117,134,134,151,51,51,51,69,34,34,44,44,148,148,159,173,173,189,189,189,189,189,189,10,22,41,41,57,57,156,156,172,272,285,91,110,110,121,149,149,149,149,149,159,175,175,175],"floor_reached":51,"playtime":4659,"items_purged":["Regret","Strike_G"],"score":644,"play_id":"dee36a24-0701-438b-b90f-bc9e11ee1dcf","local_time":"20181213232435","is_ascension_mode":false,"campfire_choices":[{"data":"Neutralize","floor":6.0,"key":"SMITH"},{"data":"Noxious Fumes","floor":10.0,"key":"SMITH"},{"floor":15.0,"key":"REST"},{"data":"Prepared","floor":23.0,"key":"SMITH"},{"floor":30.0,"key":"REST"},{"data":"After Image","floor":32.0,"key":"SMITH"},{"floor":40,"key":"REST"},{"data":"Noxious Fumes","floor":46,"key":"SMITH"},{"data":"1","floor":49,"key":"LIFT"}],"neow_cost":"NONE","seed_source_timestamp":0,"circlet_count":0,"master_deck":["Defend_G+1","Defend_G+1","Defend_G+1","Defend_G+1","Defend_G+1","Survivor","Neutralize+1","Backflip","Acrobatics","Noxious Fumes+1","Backflip","Noxious Fumes+1","Prepared+1","After Image+1","Dagger Spray","Bouncing Flask","Bite","Bite","Bite","Bite","Sadistic Nature","Blur","Infinite Blades+1","After Image","Decay","Writhe","Injury","Poisoned Stab+1","Escape Plan+1","Deadly Poison+1","Crippling Poison+1","Leg Sweep","Envenom","Prepared+1"],"special_seed":0,"relics":["Ring of the Snake","Mercury Hourglass","Kunai","Juzu Bracelet","Philosopher\u0027s Stone","Mummified Hand","Calling Bell","Potion Belt","Darkstone Periapt","Thread and Needle","Prayer Wheel","HandDrill","Incense Burner","Meat on the Bone","Girya"],"potions_floor_usage":[50,50,50,50],"damage_taken":[{"damage":4.0,"enemies":"Cultist","floor":1.0,"turns":4.0},{"damage":0.0,"enemies":"2 Louse","floor":5.0,"turns":2.0},{"damage":1.0,"enemies":"Small Slimes","floor":7.0,"turns":2.0},{"damage":3.0,"enemies":"Exordium Wildlife","floor":11.0,"turns":4.0},{"damage":6.0,"enemies":"Large Slime","floor":14.0,"turns":5.0},{"damage":13.0,"enemies":"Slime Boss","floor":16.0,"turns":9.0},{"damage":33.0,"enemies":"3 Byrds","floor":18.0,"turns":3.0},{"damage":6.0,"enemies":"Shell Parasite","floor":19.0,"turns":6.0},{"damage":12.0,"enemies":"Snake Plant","floor":21.0,"turns":4.0},{"damage":19.0,"enemies":"Cultist and Chosen","floor":28.0,"turns":5.0},{"damage":10.0,"enemies":"Snecko","floor":29.0,"turns":6.0},{"damage":3.0,"enemies":"Snake Plant","floor":31.0,"turns":4.0},{"damage":19.0,"enemies":"Collector","floor":33.0,"turns":11.0},{"damage":0,"enemies":"Orb Walker","floor":35,"turns":5},{"damage":5,"enemies":"Mind Bloom Boss Battle","floor":36,"turns":7},{"damage":0,"enemies":"3 Darklings","floor":37,"turns":5},{"damage":23,"enemies":"Sphere and 2 Shapes","floor":39,"turns":6},{"damage":17,"enemies":"4 Shapes","floor":41,"turns":4},{"damage":4,"enemies":"Giant Head","floor":42,"turns":9},{"damage":8,"enemies":"Writhing Mass","floor":47,"turns":5},{"damage":0,"enemies":"Sphere and 2 Shapes","floor":48,"turns":4},{"damage":8,"enemies":"Donu and Deca","floor":50,"turns":8}],"seed_played":"-1107509008839837918","potions_obtained":[{"floor":1.0,"key":"Swift Potion"},{"floor":14.0,"key":"Swift Potion"},{"floor":16.0,"key":"Explosive Potion"},{"floor":28.0,"key":"Strength Potion"},{"floor":31.0,"key":"Strength Potion"},{"floor":35,"key":"Swift Potion"},{"floor":36,"key":"Explosive Potion"},{"floor":47,"key":"Poison Potion"}],"is_trial":false,"path_per_floor":["M","?","$","?","M","R","M","$","T","R","M","$","?","M","R","B",null,"M","M","?","M","$","R","?","?","T","$","M","M","R","M","R","B",null,"M","?","M","$","M","R","M","E","T","T","?","R","M","M","R","B",null],"character_chosen":"THE_SILENT","items_purchased":["Noxious Fumes","Sadistic Nature","HandDrill"],"campfire_rested":3,"item_purchase_floors":[12,27,38],"current_hp_per_floor":[73,73,73,62,62,62,61,61,61,61,58,58,55,49,72,59,77,44,38,38,32,32,32,32,32,32,32,25,25,40,45,45,53,53,53,50,53,53,40,53,38,44,44,44,44,44,44,48,48,48],"gold":175,"neow_bonus":"TEN_PERCENT_HP_BONUS","is_prod":false,"is_daily":false,"chose_seed":false,"campfire_upgraded":5,"win_rate":0.0,"timestamp":1544765075,"path_taken":["M","?","$","?","M","R","M","$","T","R","M","$","?","M","R","BOSS","M","M","?","M","$","R","?","?","T","?","M","M","R","M","R","BOSS","M","?","M","$","M","R","M","E","T","?","?","R","M","M","R","BOSS"],"build_version":"2018-12-13","purchased_purges":2,"victory":true,"max_hp_per_floor":[77,77,77,77,77,77,77,77,77,77,77,77,77,77,77,77,77,77,77,53,53,53,53,53,53,53,53,53,53,53,53,53,53,53,53,53,53,53,53,53,53,53,53,53,53,53,53,53,53,53],"card_choices":[{"not_picked":["Skewer","Deflect"],"picked":"Backflip","floor":1.0},{"not_picked":["Underhanded Strike","Cloak And Dagger"],"picked":"Acrobatics","floor":5.0},{"not_picked":["Distraction","Terror"],"picked":"Noxious Fumes","floor":7.0},{"not_picked":["Well Laid Plans","Storm of Steel"],"picked":"Backflip","floor":11.0},{"not_picked":["Skewer","Deadly Poison"],"picked":"Prepared","floor":14.0},{"not_picked":["Unload","Adrenaline"],"picked":"After Image","floor":16.0},{"not_picked":["Caltrops","Flying Knee"],"picked":"Dagger Spray","floor":18.0},{"not_picked":["Eviscerate+1","Slice"],"picked":"Bouncing Flask","floor":19.0},{"not_picked":["Well Laid Plans","PiercingWail","Backstab"],"picked":"SKIP","floor":21.0},{"not_picked":["Eviscerate","Skewer"],"picked":"Blur","floor":28.0},{"not_picked":["All Out Attack","Underhanded Strike"],"picked":"Infinite Blades+1","floor":29.0},{"not_picked":["Dagger Throw","Dodge and Roll","Poisoned Stab"],"picked":"SKIP","floor":31.0},{"not_picked":["Doppelganger","Venomology"],"picked":"After Image","floor":33.0},{"not_picked":["Cloak And Dagger+1","All Out Attack+1"],"picked":"Poisoned Stab+1","floor":35},{"not_picked":["Riddle With Holes+1","Bane+1"],"picked":"Escape Plan+1","floor":36},{"not_picked":["Dagger Throw+1","Sucker Punch+1"],"picked":"Deadly Poison+1","floor":37},{"not_picked":["Unload","Poisoned Stab+1"],"picked":"Crippling Poison+1","floor":37},{"not_picked":["Poisoned Stab","Underhanded Strike"],"picked":"Leg Sweep","floor":39},{"not_picked":["Slice+1","Deflect","Well Laid Plans"],"picked":"SKIP","floor":39},{"not_picked":["Deadly Poison+1","Endless Agony","Outmaneuver+1"],"picked":"SKIP","floor":41},{"not_picked":["Dagger Throw+1","Cloak And Dagger","Backflip+1"],"picked":"SKIP","floor":41},{"not_picked":["Flying Knee+1","Die Die Die"],"picked":"Envenom","floor":42},{"not_picked":["Underhanded Strike","Backstab+1"],"picked":"Prepared+1","floor":47},{"not_picked":["Dagger Spray","Poisoned Stab","Dagger Throw"],"picked":"SKIP","floor":47},{"not_picked":["Backstab","Sucker Punch+1","Backflip"],"picked":"SKIP","floor":48},{"not_picked":["Slice","Sucker Punch","Die Die Die"],"picked":"SKIP","floor":48}],"player_experience":85418,"relics_obtained":[{"floor":9.0,"key":"Kunai"},{"floor":26.0,"key":"Mummified Hand"},{"floor":34,"key":"Potion Belt"},{"floor":34,"key":"Darkstone Periapt"},{"floor":34,"key":"Thread and Needle"},{"floor":36,"key":"Prayer Wheel"},{"floor":42,"key":"Incense Burner"},{"floor":43,"key":"Meat on the Bone"},{"floor":44,"key":"Girya"}],"event_choices":[{"damage_healed":0.0,"max_hp_gain":0.0,"max_hp_loss":0.0,"gold_gain":0.0,"event_name":"Big Fish","player_choice":"Box","floor":2.0,"gold_loss":0.0,"damage_taken":0.0,"relics_obtained":["Mercury Hourglass"],"cards_obtained":["Regret"]},{"damage_healed":0.0,"max_hp_gain":0.0,"max_hp_loss":0.0,"gold_gain":75.0,"event_name":"World of Goop","player_choice":"Gather Gold","floor":4.0,"gold_loss":0.0,"damage_taken":11.0},{"damage_healed":0.0,"max_hp_gain":0.0,"max_hp_loss":0.0,"gold_gain":0.0,"event_name":"Scrap Ooze","player_choice":"Success","floor":13.0,"gold_loss":0.0,"damage_taken":3.0,"relics_obtained":["Juzu Bracelet"]},{"damage_healed":0.0,"max_hp_gain":0.0,"max_hp_loss":24.0,"gold_gain":0.0,"event_name":"Vampires","player_choice":"Became a vampire","floor":20.0,"gold_loss":0.0,"damage_taken":0.0,"cards_obtained":["Bite","Bite","Bite","Bite","Bite"]},{"damage_healed":0.0,"max_hp_gain":0.0,"max_hp_loss":0.0,"gold_gain":0.0,"event_name":"Cursed Tome","player_choice":"Ignored","floor":24.0,"gold_loss":0.0,"damage_taken":0.0},{"damage_healed":0.0,"max_hp_gain":0.0,"max_hp_loss":0.0,"gold_gain":0.0,"event_name":"Back to Basics","player_choice":"Simplicity","floor":25.0,"gold_loss":0.0,"damage_taken":0.0,"cards_upgraded":["Defend_G","Defend_G","Defend_G","Defend_G","Defend_G"]},{"damage_healed":0,"gold_gain":0,"player_choice":"Fight","damage_taken":0,"max_hp_gain":0,"max_hp_loss":0,"event_name":"MindBloom","floor":36,"gold_loss":0},{"cards_removed":["Bite"],"damage_healed":0,"gold_gain":0,"player_choice":"Removed Attack","damage_taken":0,"max_hp_gain":0,"max_hp_loss":0,"event_name":"Falling","floor":45,"gold_loss":0}],"is_beta":false,"boss_relics":[{"not_picked":["Eternal Feather","HoveringKite"],"picked":"Philosopher\u0027s Stone"},{"not_picked":["Sozu","Velvet Choker"],"picked":"Calling Bell"}],"items_purged_floors":[3,8],"is_endless":false,"potions_floor_spawned":[1,14,16,28,31,35,36,47],"ascension_level":0}