{"gold_per_floor":[110,35,35,35,48,74,74,87,87,97,97,130,130,150,150,253,303,319,334,334,346,346,346,381,381],"floor_reached":25,"playtime":1043,"items_purged":["Strike_B"],"score":254,"play_id":"38a50c4a-d5ef-4edf-b5e1-263a4ac54b32","local_time":"20190513054019","is_ascension_mode":false,"campfire_choices":[{"floor":7,"key":"REST"},{"floor":11,"key":"REST"},{"data":"Loop","floor":13,"key":"SMITH"},{"floor":15,"key":"REST"},{"floor":23,"key":"REST"}],"neow_cost":"NONE","seed_source_timestamp":59737155998649,"circlet_count":0,"master_deck":["Strike_B+1","Strike_B","Strike_B","Defend_B","Defend_B","Defend_B","Defend_B","Zap+1","Dualcast+1","Self Repair+1","Self Repair","Loop+1","Doom and Gloom","Ball Lightning","Ghostly","Ghostly","Ghostly","Ghostly","Ghostly","Static Discharge","Core Surge"],"relics":["Runic Pyramid","Shuriken","Bottled Lightning","Lantern","Odd Mushroom","Tiny House","Turnip"],"potions_floor_usage":[],"damage_taken":[{"damage":7,"enemies":"2 Louse","floor":1,"turns":3},{"damage":0,"enemies":"Jaw Worm","floor":5,"turns":4},{"damage":20,"enemies":"3 Sentries","floor":6,"turns":12},{"damage":5,"enemies":"Cultist","floor":8,"turns":4},{"damage":21,"enemies":"Exordium Wildlife","floor":10,"turns":5},{"damage":36,"enemies":"Lagavulin","floor":12,"turns":6},{"damage":35,"enemies":"The Mushroom Lair","floor":14,"turns":5},{"damage":39,"enemies":"Slime Boss","floor":16,"turns":9},{"damage":50,"enemies":"Spheric Guardian","floor":18,"turns":7},{"damage":17,"enemies":"Chosen","floor":19,"turns":5},{"damage":23,"enemies":"Shelled Parasite and Fungi","floor":21,"turns":8},{"damage":28,"enemies":"Book of Stabbing","floor":24,"turns":8},{"damage":39,"enemies":"3 Cultists","floor":25,"turns":6}],"seed_played":"-6975338937054904274","potions_obtained":[{"floor":10,"key":"Block Potion"},{"floor":16,"key":"Fire Potion"},{"floor":17,"key":"Explosive Potion"}],"is_trial":false,"path_per_floor":["M","$","?","?","M","E","R","M","T","M","R","E","R","?","R","B",null,"M","M","?","M","?","R","E","M"],"character_chosen":"DEFECT","items_purchased":[],"campfire_rested":4,"item_purchase_floors":[],"current_hp_per_floor":[68,68,53,53,53,40,62,71,71,64,75,53,53,32,54,29,80,47,47,40,34,34,40,29,0],"gold":381,"neow_bonus":"BOSS_RELIC","is_prod":false,"is_daily":false,"chose_seed":false,"campfire_upgraded":1,"win_rate":0.0,"timestamp":1557740419,"path_taken":["M","$","?","?","M","E","R","?","T","M","R","E","R","?","R","BOSS","M","M","?","M","?","R","E","M"],"build_version":"2019-01-23","purchased_purges":1,"victory":false,"max_hp_per_floor":[75,75,75,75,75,75,75,75,75,75,75,75,75,75,75,75,80,80,80,40,40,40,40,40,40],"card_choices":[{"not_picked":["Streamline","Go for the Eyes","Gash"],"picked":"SKIP","floor":1},{"not_picked":["Hologram","Rebound"],"picked":"Self Repair","floor":5},{"not_picked":["Fusion","Conserve Battery"],"picked":"Self Repair","floor":6},{"not_picked":["Redo","Streamline"],"picked":"Loop","floor":8},{"not_picked":["Fusion","Sweeping Beam","Stack"],"picked":"SKIP","floor":10},{"not_picked":["Stack","Echo Form","Lockon"],"picked":"SKIP","floor":12},{"not_picked":["Reinforced Body","Leap"],"picked":"Doom and Gloom","floor":17},{"not_picked":["Streamline","Go for the Eyes","Turbo"],"picked":"SKIP","floor":18},{"not_picked":["Rip and Tear","Streamline"],"picked":"Ball Lightning","floor":19},{"not_picked":["Steam","Gash+1"],"picked":"Static Discharge","floor":21},{"not_picked":["Compile Driver","Cold Snap+1"],"picked":"Core Surge","floor":24}],"player_experience":28846,"relics_obtained":[{"floor":6,"key":"Shuriken"},{"floor":9,"key":"Bottled Lightning"},{"floor":12,"key":"Lantern"},{"floor":14,"key":"Odd Mushroom"},{"floor":24,"key":"Turnip"}],"event_choices":[{"damage_healed":0,"gold_gain":0,"player_choice":"Entered Light","damage_taken":15,"max_hp_gain":0,"max_hp_loss":0,"event_name":"Shining Light","floor":3,"gold_loss":0,"cards_upgraded":["Strike_B","Dualcast"]},{"damage_healed":0,"gold_gain":0,"player_choice":"Forge","damage_taken":0,"max_hp_gain":0,"max_hp_loss":0,"event_name":"Accursed Blacksmith","floor":4,"gold_loss":0,"cards_upgraded":["Zap"]},{"damage_healed":0,"gold_gain":0,"player_choice":"Fought Mushrooms","damage_taken":0,"max_hp_gain":0,"max_hp_loss":0,"event_name":"Mushrooms","floor":14,"gold_loss":0},{"damage_healed":0,"gold_gain":0,"player_choice":"Became a Ghost","damage_taken":0,"max_hp_gain":0,"max_hp_loss":40,"event_name":"Ghosts","floor":20,"gold_loss":0,"cards_obtained":["Ghostly","Ghostly","Ghostly","Ghostly","Ghostly"]},{"damage_healed":0,"gold_gain":0,"player_choice":"Bought 0 Potions","damage_taken":0,"max_hp_gain":0,"max_hp_loss":0,"event_name":"The Woman in Blue","floor":22,"gold_loss":0}],"is_beta":false,"boss_relics":[{"not_picked":["Eternal Feather","Empty Cage"],"picked":"Tiny House"}],"items_purged_floors":[2],"is_endless":false,"potions_floor_spawned":[5,10,16,18,21],"killed_by":"3 Cultists","ascension_level":0}