{"path_per_floor":["M","$","M","?","M","R","E","?","T","R","?","$","?","M","R","B",null,"M","?","$","M","M","R","E","R","T","R","$","?","R","?","R"],"character_chosen":"THE_SILENT","items_purchased":[],"gold_per_floor":[215,140,158,158,171,171,197,157,157,157,157,57,57,73,73,178,178,195,195,70,80,92,92,127,127,127,127,127,127,127,127,127],"floor_reached":33,"campfire_rested":3,"playtime":1558,"current_hp_per_floor":[70,70,70,70,70,70,42,42,42,42,65,65,65,57,57,33,72,72,72,72,71,73,73,20,44,44,68,68,68,68,52,76],"items_purged":["Defend_G","Strike_G","Wraith Form"],"gold":127,"score":259,"play_id":"a3590c57-b8d1-42c6-9f4f-655a828ff918","local_time":"20180316235950","is_prod":false,"is_daily":false,"is_ascension_mode":false,"campfire_upgraded":5,"timestamp":1521266390,"path_taken":["M","$","M","?","M","R","E","?","T","R","?","$","?","M","R","BOSS","M","?","$","M","M","R","E","R","T","R","$","?","R","?","R","BOSS"],"build_version":"2018-03-09","purchased_purges":3,"victory":false,"master_deck":["Defend_G+1","Defend_G+1","Strike_G+1","Strike_G","Survivor+1","Neutralize+1","Heel Hook+1","Choke+1","Unload+1"],"max_hp_per_floor":[70,70,70,70,70,70,70,70,70,70,70,70,70,70,70,72,72,74,74,74,76,78,78,80,80,80,80,80,80,80,80,80],"relics":["Ring of the Snake","Matryoshka","Singing Bowl","Astrolabe","Nloth\u0027s Gift","Pen Nib","Juzu Bracelet","Tingsha","Enchiridion"],"card_choices":[{"not_picked":["Catalyst","Cloak And Dagger"],"picked":"Heel Hook"}],"player_experience":660419,"potions_floor_usage":[33],"damage_taken":[{"damage":0.0,"enemies":"2 Louse","floor":1.0,"turns":4.0},{"damage":0.0,"enemies":"Small Slimes","floor":3.0,"turns":3.0},{"damage":0.0,"enemies":"Jaw Worm","floor":5.0,"turns":5.0},{"damage":28.0,"enemies":"3 Sentries","floor":7.0,"turns":10.0},{"damage":8.0,"enemies":"Exordium Thugs","floor":14.0,"turns":7.0},{"damage":26.0,"enemies":"Hexaghost","floor":16.0,"turns":11.0},{"damage":2.0,"enemies":"Shell Parasite","floor":18.0,"turns":4.0},{"damage":3.0,"enemies":"2 Thieves","floor":21.0,"turns":4.0},{"damage":0.0,"enemies":"3 Cultists","floor":22.0,"turns":4.0},{"damage":55.0,"enemies":"Slavers","floor":24.0,"turns":6.0},{"damage":78,"enemies":"Collector","floor":33,"turns":10}],"event_choices":[{"event_name":"Living Wall","player_choice":"Forget","floor":4.0,"damage_taken":0.0},{"event_name":"The Woman in Blue","player_choice":"Bought 3 Potions","floor":8.0,"damage_taken":0.0},{"event_name":"Big Fish","player_choice":"Banana","floor":11.0,"damage_taken":0.0},{"event_name":"Accursed Blacksmith","player_choice":"Forge","floor":13.0,"damage_taken":0.0},{"event_name":"N\u0027loth","player_choice":"Traded a Calipers","floor":19.0,"damage_taken":0.0},{"event_name":"Vampires","player_choice":"Ignored","floor":29.0,"damage_taken":0.0},{"event_name":"Cursed Tome","player_choice":"Obtained Book","floor":31.0,"damage_taken":0.0}],"boss_relics":[],"potions_floor_spawned":[7,14,24],"seed_played":"7486770609346307369","killed_by":"Collector","ascension_level":0,"is_trial":false}