{"path_per_floor":["M","M","M","M","M","R","?","R","T","R","M","?","?","M","R","B",null,"M","$","M","M","$","R","E","R","T","?","$","?","M","$","R","B",null,"M","$","?","M","M","R","M","M","T"],"character_chosen":"THE_SILENT","items_purchased":["Noxious Fumes","Backflip","Well Laid Plans","Footwork"],"gold_per_floor":[119,135,145,164,177,177,252,252,252,252,270,220,220,232,232,329,329,348,197,210,229,41,41,68,68,68,68,68,68,79,44,44,139,139,151,26,26,36,51,51,71,89,89],"floor_reached":44,"campfire_rested":3,"playtime":2705,"current_hp_per_floor":[70,70,70,63,63,63,52,52,52,52,52,52,52,49,49,43,70,50,50,44,34,34,34,16,37,37,37,37,37,20,20,41,11,70,62,62,53,34,21,42,23,8,8],"items_purged":["Strike_G","Strike_G","Strike_G"],"gold":89,"score":372,"play_id":"45d233f6-c645-46ee-8daf-37d51c93f98d","is_prod":false,"is_daily":false,"is_ascension_mode":false,"campfire_upgraded":5,"path_taken":["M","M","M","M","M","R","?","R","T","R","?","?","?","M","R","BOSS","M","$","M","M","?","R","E","R","T","?","?","?","M","$","R","BOSS","M","$","?","M","M","R","M","M","T","?"],"build_version":"2018-02-22-PROD1","purchased_purges":3,"victory":false,"master_deck":["Defend_G","Defend_G","Defend_G","Defend_G","Defend_G","Strike_G","Survivor","Neutralize+1","Terror","Dagger Spray+1","Dash+1","Malaise+1","Bouncing Flask","Noxious Fumes+1","Bane+1","Backflip","Backflip","Well Laid Plans","Footwork","Backflip+1","Madness","Madness","Deflect+1"],"max_hp_per_floor":[70,70,70,70,70,70,70,70,70,70,70,70,70,70,70,70,70,70,70,70,70,70,70,70,70,70,70,70,70,70,70,70,70,70,70,70,70,70,70,70,70,70,70],"relics":["Sozu"],"card_choices":[{"not_picked":["Slice","Riddle With Holes"],"picked":"Terror"},{"not_picked":["Slice","PiercingWail"],"picked":"Dagger Spray"},{"not_picked":["Acrobatics","Deadly Poison"],"picked":"Dash"},{"not_picked":["Cloak And Dagger","Backstab"],"picked":"Malaise"},{"not_picked":["Outmaneuver","Acrobatics"],"picked":"Bouncing Flask"},{"not_picked":["Backflip","Prepared"],"picked":"Bane"},{"not_picked":["Dagger Throw","Cloak And Dagger"],"picked":"Backflip"},{"not_picked":["Heel Hook","Quick Slash"],"picked":"Backflip"},{"not_picked":["Finisher","Predator"],"picked":"Deflect"}],"player_experience":409359,"potions_floor_usage":[],"damage_taken":[{"damage":0.0,"enemies":"Small Slimes","floor":1.0,"turns":3.0},{"damage":0.0,"enemies":"Cultist","floor":2.0,"turns":4.0},{"damage":0.0,"enemies":"2 Louse","floor":3.0,"turns":3.0},{"damage":7.0,"enemies":"Large Slime","floor":4.0,"turns":7.0},{"damage":0.0,"enemies":"Lots of Slimes","floor":5.0,"turns":3.0},{"damage":0.0,"enemies":"Looter","floor":11.0,"turns":2.0},{"damage":3.0,"enemies":"Large Slime","floor":14.0,"turns":4.0},{"damage":6.0,"enemies":"The Guardian","floor":16.0,"turns":11.0},{"damage":20.0,"enemies":"Spheric Guardian","floor":18.0,"turns":6.0},{"damage":6.0,"enemies":"Chosen","floor":20.0,"turns":5.0},{"damage":10.0,"enemies":"Centurion and Healer","floor":21.0,"turns":5.0},{"damage":18.0,"enemies":"Slavers","floor":24.0,"turns":7.0},{"damage":17.0,"enemies":"3 Cultists","floor":30.0,"turns":5.0},{"damage":30.0,"enemies":"Collector","floor":33.0,"turns":11.0},{"damage":8.0,"enemies":"3 Darklings","floor":35.0,"turns":6.0},{"damage":19.0,"enemies":"Orb Walker","floor":38.0,"turns":4.0},{"damage":13.0,"enemies":"Maw","floor":39.0,"turns":8.0},{"damage":19.0,"enemies":"Sphere and 2 Shapes","floor":41.0,"turns":6.0},{"damage":15,"enemies":"4 Shapes","floor":42,"turns":7},{"damage":8,"enemies":"Maw","floor":44,"turns":4}],"event_choices":[{"event_name":"World of Goop","player_choice":"Gather Gold","floor":7.0,"damage_taken":0.0},{"event_name":"The Cleric","player_choice":"Card Removal","floor":12.0,"damage_taken":0.0},{"event_name":"Dead Adventurer","player_choice":"Searched \u00270\u0027 times","floor":13.0,"damage_taken":0.0},{"event_name":"Beggar","player_choice":"Ignored","floor":27.0,"damage_taken":0.0},{"event_name":"Addict","player_choice":"Ignored","floor":29.0,"damage_taken":0.0},{"event_name":"Winding Halls","player_choice":"Embrace Madness","floor":37.0,"damage_taken":0.0}],"boss_relics":[],"potions_floor_spawned":[1,3,11,21,39,42],"seed_played":"-1966905232912199006","killed_by":"Maw","ascension_level":0,"is_trial":false}