{"path_per_floor":["M","M","M","?","M","R","M","?","T","M","?","R","E","M","R","B",null,"M","M","?","$","M","R","?","M","T","M","R","$","M","M","R","B",null,"M","?","$","M","M","R","M","?","T","$","R","?","R","M","R","B"],"character_chosen":"THE_SILENT","items_purchased":["Ice Cream","Bouncing Flask","Footwork","Gremlin Horn","Anchor","Ninja Scroll"],"gold_per_floor":[112,123,143,143,153,153,168,243,243,260,360,360,386,398,398,494,494,505,524,724,322,342,342,342,353,377,395,395,123,136,152,152,256,286,306,306,161,173,190,190,208,208,255,13,13,13,13,33,33,33],"floor_reached":51,"campfire_rested":0,"playtime":3698,"current_hp_per_floor":[70,70,70,70,70,70,62,51,51,40,40,40,39,39,39,37,70,70,66,66,66,60,60,49,26,26,21,21,21,33,48,48,38,54,54,54,54,43,54,54,53,53,53,53,53,46,46,54,54,46],"items_purged":["Strike_G"],"gold":33,"score":554,"play_id":"9ae87705-1a2f-4fa9-a7d6-250bcc85f250","is_prod":false,"is_daily":false,"is_ascension_mode":false,"campfire_upgraded":7,"path_taken":["M","M","M","?","M","R","M","?","T","M","?","R","E","?","R","BOSS","M","M","?","$","M","R","?","M","T","M","R","$","M","?","R","BOSS","M","?","$","M","M","R","M","?","T","$","R","?","R","M","R","BOSS"],"build_version":"2018-02-22-PROD1","purchased_purges":2,"victory":true,"master_deck":["Defend_G+1","Defend_G","Defend_G","Defend_G","Defend_G","Survivor","Neutralize+1","Dagger Throw","Dash+1","Noxious Fumes+1","Dagger Spray+1","Bane","Leg Sweep+1","Well Laid Plans","Bouncing Flask+1","Acrobatics+1","Bite","Bite","Bite+1","Bite+1","Bite","Acrobatics+1","Footwork+1","Concentrate+1","PiercingWail+1","Madness","Madness","Heel Hook+1"],"max_hp_per_floor":[70,70,70,70,70,70,70,70,70,70,70,70,70,70,70,70,70,70,70,70,70,70,70,49,49,49,49,49,49,49,49,49,49,54,54,54,54,54,54,54,54,54,54,54,54,54,54,54,54,54],"relics":["Ring of the Snake","Snake Skull","Girya","Vajra","Sozu","Ice Cream","Whetstone","Gremlin Horn","Tiny House","Anchor","Oddly Smooth Stone","Ninja Scroll"],"card_choices":[{"not_picked":["Concentrate","Acrobatics"],"picked":"Dagger Throw"},{"not_picked":["Underhanded Strike","Deadly Poison"],"picked":"Quick Slash"},{"not_picked":["Backflip","Endless Agony"],"picked":"Dash"},{"not_picked":["Leg Sweep","Riddle With Holes"],"picked":"Noxious Fumes"},{"not_picked":["Blur","Flying Knee"],"picked":"Dagger Spray"},{"not_picked":["Acrobatics","Infinite Blades"],"picked":"Bane"},{"not_picked":["Crippling Poison","Deflect"],"picked":"Leg Sweep"},{"not_picked":["Backstab","Accuracy"],"picked":"Well Laid Plans"},{"not_picked":["Quick Slash","Deflect"],"picked":"Acrobatics"},{"not_picked":["Dagger Throw","Distraction"],"picked":"Acrobatics"},{"not_picked":["Accuracy","Dagger Throw"],"picked":"Concentrate"},{"not_picked":["Quick Slash","Reflex"],"picked":"PiercingWail"},{"not_picked":["Dagger Spray","Choke"],"picked":"Heel Hook"}],"player_experience":474264,"potions_floor_usage":[50],"damage_taken":[{"damage":0.0,"enemies":"Small Slimes","floor":1.0,"turns":4.0},{"damage":0.0,"enemies":"Cultist","floor":2.0,"turns":3.0},{"damage":0.0,"enemies":"2 Louse","floor":3.0,"turns":2.0},{"damage":0.0,"enemies":"Looter","floor":5.0,"turns":3.0},{"damage":8.0,"enemies":"Gremlin Gang","floor":7.0,"turns":3.0},{"damage":11.0,"enemies":"Exordium Thugs","floor":10.0,"turns":5.0},{"damage":1.0,"enemies":"Lagavulin","floor":13.0,"turns":7.0},{"damage":0.0,"enemies":"Exordium Wildlife","floor":14.0,"turns":2.0},{"damage":2.0,"enemies":"The Guardian","floor":16.0,"turns":10.0},{"damage":0.0,"enemies":"3 Byrds","floor":18.0,"turns":4.0},{"damage":4.0,"enemies":"Shell Parasite","floor":19.0,"turns":3.0},{"damage":6,"enemies":"Sentry and Sphere","floor":22,"turns":4},{"damage":27,"enemies":"Slaver and Parasite","floor":25,"turns":4},{"damage":11,"enemies":"Snake Plant","floor":27,"turns":4},{"damage":0,"enemies":"3 Cultists","floor":30,"turns":4},{"damage":0,"enemies":"Centurion and Healer","floor":31,"turns":6},{"damage":20,"enemies":"Automaton","floor":33,"turns":9},{"damage":0,"enemies":"Orb Walker","floor":35,"turns":3},{"damage":13,"enemies":"3 Darklings","floor":38,"turns":5},{"damage":2,"enemies":"Sphere and 2 Shapes","floor":39,"turns":5},{"damage":3,"enemies":"4 Shapes","floor":41,"turns":4},{"damage":0,"enemies":"3 Darklings","floor":48,"turns":4},{"damage":15,"enemies":"Time Eater","floor":50,"turns":12}],"event_choices":[{"event_name":"Upgrade Shrine","player_choice":"Upgraded","floor":4.0,"damage_taken":0.0},{"event_name":"World of Goop","player_choice":"Gather Gold","floor":8.0,"damage_taken":0.0},{"event_name":"Golden Shrine","player_choice":"Pray","floor":11.0,"damage_taken":0.0},{"event_name":"The Joust","player_choice":"Bet on Owner","floor":20,"damage_taken":0},{"event_name":"Vampires","player_choice":"Became a vampire","floor":24,"damage_taken":0},{"event_name":"Accursed Blacksmith","player_choice":"Forge","floor":42,"damage_taken":0},{"event_name":"Winding Halls","player_choice":"Embrace Madness","floor":46,"damage_taken":0}],"boss_relics":[{"not_picked":["Astrolabe","Black Star"],"picked":"Tiny House"}],"potions_floor_spawned":[3,7,10,22,25,27,31,35,38,39],"seed_played":"7845037230558351186","ascension_level":0,"is_trial":false}