{"path_per_floor":["M","?","M","M","?","R","M","R","T","?","$","R","E","?","R","B",null,"M","?","M","?","$","?","M","R","T","R","M","E","R","M","R","B",null,"M","?","M","M","$","R","E","M","T","$","M","?","R","$","R","B"],"character_chosen":"THE_SILENT","items_purchased":["Oddly Smooth Stone","Backflip","Blur","Pantograph"],"gold_per_floor":[114,114,129,144,144,144,164,164,164,164,89,89,120,120,120,194,194,213,413,430,430,177,92,104,104,104,104,119,145,145,156,156,235,235,253,308,322,335,285,285,320,330,330,330,343,343,343,15,15,15],"floor_reached":51,"campfire_rested":6,"playtime":5049,"current_hp_per_floor":[57,39,39,39,17,38,32,32,32,25,25,46,35,35,35,21,58,58,58,51,31,31,31,16,38,38,38,36,25,25,25,47,12,59,49,27,26,24,24,46,7,7,7,7,6,6,43,43,43,65],"items_purged":["Strike_G","Strike_G"],"gold":15,"score":863,"play_id":"5cf69737-a862-4acf-89af-72066f090ba7","local_time":"20180309033425","is_prod":false,"is_daily":false,"is_ascension_mode":true,"campfire_upgraded":5,"timestamp":1520591665,"path_taken":["M","?","M","?","?","R","M","R","T","?","$","R","E","?","R","BOSS","M","?","M","?","$","?","M","R","T","R","M","E","R","?","R","BOSS","M","?","M","M","$","R","E","M","T","?","M","?","R","$","R","BOSS"],"build_version":"2018-03-01-PROD1","purchased_purges":3,"victory":true,"master_deck":["Defend_G","Defend_G+1","Defend_G","Defend_G+1","Strike_G","Strike_G","Strike_G+1","Survivor+1","Neutralize+1","Flying Knee","Outmaneuver","Skewer+1","Tools of the Trade","Noxious Fumes+1","Dash","Glass Knife+1","Terror+1","Dash+1","Tools of the Trade","Bane+1","PiercingWail","Backflip","Escape Plan+1","Leg Sweep+1","Blur"],"max_hp_per_floor":[73,73,73,73,73,73,73,73,73,70,70,70,70,70,70,70,70,70,70,70,75,75,75,75,75,75,75,75,75,75,75,75,75,75,75,75,75,75,75,75,75,75,75,75,75,75,75,75,75,75],"relics":["Ring of the Snake","Strawberry","War Paint","Torii","Vajra","Kunai","Velvet Choker","Oddly Smooth Stone","Lantern","Frozen Eye","Molten Egg 2","The Specimen","Gambling Chip","Regal Pillow","Tough Bandages","Pantograph"],"card_choices":[{"not_picked":["Deflect","Underhanded Strike"],"picked":"Flying Knee"},{"not_picked":["Dodge and Roll","Envenom"],"picked":"Outmaneuver"},{"not_picked":["Finisher","Endless Agony"],"picked":"Skewer"},{"not_picked":["Venomology","Glass Knife"],"picked":"Tools of the Trade"},{"not_picked":["Endless Agony","Acrobatics"],"picked":"Noxious Fumes"},{"not_picked":["Flechettes","Dagger Throw"],"picked":"Dash"},{"not_picked":["Deflect","Poisoned Stab"],"picked":"Glass Knife"},{"not_picked":["Flying Knee","Escape Plan"],"picked":"Terror"},{"not_picked":["Noxious Fumes","Poisoned Stab"],"picked":"Dash"},{"not_picked":["Glass Knife","Envenom"],"picked":"Tools of the Trade"},{"not_picked":["Endless Agony","Quick Slash"],"picked":"Bane"},{"not_picked":["Underhanded Strike","Setup"],"picked":"PiercingWail"},{"not_picked":["Infinite Blades","Caltrops"],"picked":"Escape Plan"},{"not_picked":["Dash","Bane"],"picked":"Leg Sweep"}],"player_experience":521314,"potions_floor_usage":[29,29,29,33,41,50],"damage_taken":[{"damage":9.0,"enemies":"Small Slimes","floor":1.0,"turns":6.0},{"damage":0.0,"enemies":"Cultist","floor":3.0,"turns":5.0},{"damage":0.0,"enemies":"2 Louse","floor":4.0,"turns":4.0},{"damage":6.0,"enemies":"Blue Slaver","floor":7.0,"turns":4.0},{"damage":11.0,"enemies":"3 Sentries","floor":13.0,"turns":11.0},{"damage":14.0,"enemies":"The Guardian","floor":16.0,"turns":12.0},{"damage":0.0,"enemies":"Chosen","floor":18.0,"turns":6.0},{"damage":7,"enemies":"Shell Parasite","floor":20,"turns":6},{"damage":15,"enemies":"Snake Plant","floor":24,"turns":5},{"damage":2,"enemies":"Slaver and Parasite","floor":28,"turns":6},{"damage":11,"enemies":"Gremlin Leader","floor":29,"turns":7},{"damage":0,"enemies":"Centurion and Healer","floor":31,"turns":4},{"damage":35,"enemies":"Collector","floor":33,"turns":12},{"damage":10,"enemies":"3 Darklings","floor":35,"turns":6},{"damage":22,"enemies":"Mysterious Sphere","floor":36,"turns":5},{"damage":1,"enemies":"Orb Walker","floor":37,"turns":2},{"damage":2,"enemies":"4 Shapes","floor":38,"turns":8},{"damage":51,"enemies":"Nemesis","floor":41,"turns":11},{"damage":0,"enemies":"Maw","floor":42,"turns":6},{"damage":1,"enemies":"Sphere and 2 Shapes","floor":45,"turns":6},{"damage":3,"enemies":"Awakened One","floor":50,"turns":22}],"event_choices":[{"event_name":"Scrap Ooze","player_choice":"success","floor":2.0,"damage_taken":18.0},{"event_name":"Shining Light","player_choice":"Entered Light","floor":5.0,"damage_taken":0.0},{"event_name":"Golden Wing","player_choice":"Card Removal","floor":10.0,"damage_taken":0.0},{"event_name":"Dead Adventurer","player_choice":"Searched \u00271\u0027 times","floor":14.0,"damage_taken":0.0},{"event_name":"The Joust","player_choice":"Bet on Owner","floor":19,"damage_taken":0},{"event_name":"Forgotten Altar","player_choice":"Shed Blood","floor":21,"damage_taken":0},{"event_name":"Addict","player_choice":"Obtained Relic","floor":23,"damage_taken":0},{"event_name":"Mysterious Sphere","player_choice":"Fight","floor":36,"damage_taken":0}],"boss_relics":[{"not_picked":["White Beast Statue","Black Star"],"picked":"The Specimen"}],"potions_floor_spawned":[4,13,16,28,31,36,38,45],"seed_played":"-3932390003194446235","ascension_level":15,"is_trial":false}