{"gold_per_floor":[110,110,110,126,126,151,166,193,193,41,41,67,79,5,5,100,100,118,134,134,234,234,265,265,284,284,617,634,661,661,676,676,776,776,789,789,343,343,362,362,462,462,485,511,511,529,543,0,0,0],"floor_reached":50,"playtime":2515,"items_purged":["Strike_B+1"],"score":631,"play_id":"5a35015c-c9c3-464c-b097-5b8930ca7f61","local_time":"20190512230229","is_ascension_mode":false,"campfire_choices":[{"floor":11,"key":"REST"},{"floor":15,"key":"REST"},{"data":"1","floor":24,"key":"LIFT"},{"data":"2","floor":30,"key":"LIFT"},{"floor":32,"key":"REST"},{"data":"3","floor":40,"key":"LIFT"},{"floor":42,"key":"REST"},{"floor":49,"key":"REST"}],"neow_cost":"NONE","seed_source_timestamp":34394498854118,"circlet_count":0,"master_deck":["Strike_B+1","Defend_B+1","Defend_B+1","Defend_B+1","Defend_B+1","Zap+1","Dualcast+1","Multi-Cast","Skim","Leap","Lockon","Rainbow","Loop","Glacier","Hello World","Static Discharge","Reprogram","Defragment","Electrodynamics","Compile Driver","Ghostly","Ghostly","Ghostly","Ghostly","Ghostly","Steam Power+1","Heatsinks","White Noise+1","Doom and Gloom","Reprogram+1","Buffer","Barrage+1","Chaos+1","Madness+1","Madness+1"],"relics":["Cracked Core","Pen Nib","War Paint","Anchor","Shuriken","Darkstone Periapt","Nuclear Battery","Girya","Toxic Egg 2","Incense Burner","Calipers","Old Coin","Regal Pillow","Busted Crown","Bag of Marbles","Vajra","Thread and Needle","Dream Catcher","Ancient Tea Set","Red Mask"],"potions_floor_usage":[12],"damage_taken":[{"damage":6,"enemies":"2 Louse","floor":1,"turns":2},{"damage":0,"enemies":"Small Slimes","floor":4,"turns":2},{"damage":37,"enemies":"Lagavulin","floor":6,"turns":6},{"damage":0,"enemies":"Jaw Worm","floor":7,"turns":3},{"damage":14,"enemies":"Gremlin Nob","floor":12,"turns":4},{"damage":13,"enemies":"Exordium Wildlife","floor":13,"turns":6},{"damage":12,"enemies":"Hexaghost","floor":16,"turns":12},{"damage":0,"enemies":"Spheric Guardian","floor":18,"turns":3},{"damage":13,"enemies":"Chosen","floor":19,"turns":5},{"damage":0,"enemies":"Colosseum Slavers","floor":21,"turns":7},{"damage":9,"enemies":"Colosseum Nobs","floor":21,"turns":4},{"damage":0,"enemies":"Gremlin Leader","floor":23,"turns":7},{"damage":0,"enemies":"Centurion and Healer","floor":25,"turns":14},{"damage":2,"enemies":"Book of Stabbing","floor":27,"turns":7},{"damage":0,"enemies":"Snake Plant","floor":28,"turns":4},{"damage":7,"enemies":"Slavers","floor":29,"turns":4},{"damage":0,"enemies":"Snecko","floor":31,"turns":7},{"damage":32,"enemies":"Champ","floor":33,"turns":14},{"damage":7,"enemies":"3 Darklings","floor":35,"turns":9},{"damage":0,"enemies":"Orb Walker","floor":39,"turns":4},{"damage":1,"enemies":"Mind Bloom Boss Battle","floor":41,"turns":7},{"damage":0,"enemies":"Maw","floor":46,"turns":7},{"damage":0,"enemies":"4 Shapes","floor":47,"turns":7},{"damage":43,"enemies":"Awakened One","floor":50,"turns":10}],"seed_played":"-4708235580729988362","potions_obtained":[{"floor":4,"key":"Weak Potion"},{"floor":7,"key":"Regen Potion"},{"floor":16,"key":"FocusPotion"},{"floor":19,"key":"Explosive Potion"}],"is_trial":false,"path_per_floor":["M","?","?","M","?","E","M","T","T","$","R","E","M","$","R","B",null,"M","M","?","?","?","E","R","M","T","E","M","E","R","M","R","B",null,"M","?","$","?","M","R","?","R","T","T","?","M","M","?","R","B"],"character_chosen":"DEFECT","items_purchased":["Glacier","Hello World","Defragment","Bag of Marbles","Vajra","Chaos+1"],"campfire_rested":5,"item_purchase_floors":[10,10,14,37,37,37],"current_hp_per_floor":[69,54,47,47,47,10,10,10,10,10,32,18,5,5,27,15,75,75,62,37,28,28,28,28,28,28,26,26,19,19,19,37,5,37,30,30,30,30,30,30,29,37,37,37,32,32,32,32,37,0],"gold":0,"neow_bonus":"ONE_RANDOM_RARE_CARD","is_prod":false,"is_daily":false,"chose_seed":false,"campfire_upgraded":0,"win_rate":0.0,"timestamp":1557716549,"path_taken":["M","?","?","M","?","E","M","?","T","$","R","E","M","?","R","BOSS","M","M","?","?","?","E","R","M","T","E","M","E","R","M","R","BOSS","M","?","$","?","?","R","?","R","T","?","?","M","?","?","R","BOSS"],"build_version":"2019-01-23","purchased_purges":1,"victory":false,"max_hp_per_floor":[75,75,75,75,75,75,75,75,75,75,75,75,75,75,75,75,75,75,75,37,37,37,37,37,37,37,37,37,37,37,37,37,37,37,37,37,37,37,37,37,37,37,37,37,37,37,37,37,37,37],"card_choices":[{"not_picked":["Rebound","Barrage"],"picked":"Skim","floor":1},{"not_picked":["Beam Cell","Melter"],"picked":"Leap","floor":4},{"not_picked":["Ball Lightning","Steam"],"picked":"Rainbow","floor":6},{"not_picked":["Self Repair","Redo"],"picked":"Loop","floor":7},{"not_picked":["Storm","Sweeping Beam"],"picked":"Static Discharge","floor":12},{"not_picked":["Conserve Battery","Coolheaded"],"picked":"Reprogram","floor":13},{"not_picked":["Rainbow","Biased Cognition"],"picked":"Electrodynamics","floor":16},{"not_picked":["Undo","Beam Cell+1","Go for the Eyes"],"picked":"SKIP","floor":18},{"not_picked":["Gash","Ball Lightning"],"picked":"Compile Driver","floor":19},{"not_picked":["Steam+1","Scrape+1"],"picked":"Steam Power","floor":21},{"not_picked":["Steam+1","Gash"],"picked":"Heatsinks","floor":23},{"not_picked":["Conserve Battery+1","Rebound","Scrape+1"],"picked":"SKIP","floor":25},{"not_picked":["Conserve Battery+1","Coolheaded+1"],"picked":"White Noise+1","floor":27},{"not_picked":["Streamline+1","Creative AI"],"picked":"Doom and Gloom","floor":28},{"not_picked":["Lockon+1","Sweeping Beam+1"],"picked":"Reprogram+1","floor":29},{"not_picked":["Leap+1","Cold Snap","Blizzard+1"],"picked":"SKIP","floor":31},{"not_picked":["Multi-Cast+1","All For One"],"picked":"Buffer","floor":33},{"not_picked":[],"picked":"Barrage+1","floor":35},{"not_picked":["Conserve Battery+1"],"picked":"SKIP","floor":39},{"not_picked":["Streamline"],"picked":"SKIP","floor":46},{"not_picked":["Coolheaded+1"],"picked":"SKIP","floor":47}],"player_experience":3863,"relics_obtained":[{"floor":6,"key":"War Paint"},{"floor":8,"key":"Anchor"},{"floor":9,"key":"Shuriken"},{"floor":12,"key":"Darkstone Periapt"},{"floor":21,"key":"Girya"},{"floor":21,"key":"Toxic Egg 2"},{"floor":23,"key":"Incense Burner"},{"floor":26,"key":"Calipers"},{"floor":27,"key":"Old Coin"},{"floor":29,"key":"Regal Pillow"},{"floor":41,"key":"Thread and Needle"},{"floor":43,"key":"Dream Catcher"},{"floor":44,"key":"Ancient Tea Set"}],"event_choices":[{"damage_healed":0,"gold_gain":0,"player_choice":"Entered Light","damage_taken":15,"max_hp_gain":0,"max_hp_loss":0,"event_name":"Shining Light","floor":2,"gold_loss":0,"cards_upgraded":["Strike_B","Strike_B"]},{"damage_healed":0,"gold_gain":0,"player_choice":"Success","damage_taken":7,"relics_obtained":["Pen Nib"],"max_hp_gain":0,"max_hp_loss":0,"event_name":"Scrap Ooze","floor":3,"gold_loss":0},{"damage_healed":0,"gold_gain":0,"cards_transformed":["Strike_B"],"player_choice":"Change","damage_taken":0,"max_hp_gain":0,"max_hp_loss":0,"event_name":"Living Wall","floor":5,"gold_loss":0,"cards_obtained":["Lockon"]},{"damage_healed":0,"gold_gain":0,"player_choice":"Became a Ghost","damage_taken":0,"max_hp_gain":0,"max_hp_loss":38,"event_name":"Ghosts","floor":20,"gold_loss":0,"cards_obtained":["Ghostly","Ghostly","Ghostly","Ghostly","Ghostly"]},{"damage_healed":0,"gold_gain":0,"player_choice":"Fight","damage_taken":0,"max_hp_gain":0,"max_hp_loss":0,"event_name":"Colosseum","floor":21,"gold_loss":0},{"damage_healed":0,"gold_gain":0,"player_choice":"Fought Nobs","damage_taken":0,"max_hp_gain":0,"max_hp_loss":0,"event_name":"Colosseum","floor":21,"gold_loss":0},{"damage_healed":0,"gold_gain":0,"player_choice":"Simplicity","damage_taken":0,"max_hp_gain":0,"max_hp_loss":0,"event_name":"Back to Basics","floor":22,"gold_loss":0,"cards_upgraded":["Strike_B","Defend_B","Defend_B","Defend_B","Defend_B"]},{"cards_removed":["Strike_B"],"damage_healed":0,"gold_gain":0,"player_choice":"Removed Attack","damage_taken":0,"max_hp_gain":0,"max_hp_loss":0,"event_name":"Falling","floor":36,"gold_loss":0},{"damage_healed":0,"gold_gain":0,"player_choice":"Ignored","damage_taken":0,"max_hp_gain":0,"max_hp_loss":0,"event_name":"Mysterious Sphere","floor":38,"gold_loss":0},{"damage_healed":0,"gold_gain":0,"player_choice":"Fight","damage_taken":0,"max_hp_gain":0,"max_hp_loss":0,"event_name":"MindBloom","floor":41,"gold_loss":0},{"damage_healed":0,"gold_gain":0,"player_choice":"Embrace Madness","damage_taken":5,"max_hp_gain":0,"max_hp_loss":0,"event_name":"Winding Halls","floor":45,"gold_loss":0,"cards_obtained":["Madness","Madness"]},{"damage_healed":0,"gold_gain":0,"player_choice":"Paid","damage_taken":0,"relics_obtained":["Red Mask"],"max_hp_gain":0,"max_hp_loss":0,"event_name":"Tomb of Lord Red Mask","floor":48,"gold_loss":543}],"is_beta":false,"boss_relics":[{"not_picked":["Sozu","Empty Cage"],"picked":"Nuclear Battery"},{"not_picked":["Eternal Feather","Astrolabe"],"picked":"Busted Crown"}],"items_purged_floors":[37],"is_endless":false,"potions_floor_spawned":[4,7,16,19,21,25,28,29,41,46],"killed_by":"Awakened One","ascension_level":0}