{"gold_per_floor":[116,41,55,68,68,68,28,38,65,80,80,92,102,102,102,233,233,257,277,302,166,166,209,209,4,4,4,29,43,57,96,96,224,224,237,87,106,126,144,144,144,144,221,346,346,679,697,0,0,0],"floor_reached":51,"playtime":4365,"items_purged":["Strike_B","Strike_B","Strike_B","Decay"],"score":654,"play_id":"639d5017-df60-43f1-b551-4639ca70b967","local_time":"20181211153341","is_ascension_mode":false,"campfire_choices":[{"data":"Go for the Eyes","floor":6.0,"key":"SMITH"},{"data":"Static Discharge","floor":11.0,"key":"SMITH"},{"data":"Stack","floor":15.0,"key":"SMITH"},{"data":"Storm","floor":24.0,"key":"SMITH"},{"floor":27.0,"key":"REST"},{"data":"Creative AI","floor":32.0,"key":"SMITH"},{"data":"Creative AI","floor":40,"key":"SMITH"},{"data":"Static Discharge","floor":45,"key":"SMITH"},{"floor":49,"key":"REST"}],"neow_cost":"TEN_PERCENT_HP_LOSS","seed_source_timestamp":0,"circlet_count":0,"master_deck":["Defend_B","Defend_B","Defend_B","Zap","Dualcast","Storm+1","Go for the Eyes+1","Cold Snap","Static Discharge+1","FTL","Ball Lightning","Stack+1","Melter","Injury","Electrodynamics","Heatsinks+1","Sweeping Beam","Stack","Self Repair","Static Discharge+1","Defragment","Beam Cell+1","Creative AI+1","Creative AI+1","Conserve Battery+1","Parasite","Storm+1","Stack+1","Storm+1"],"special_seed":0,"relics":["FrozenCore","Oddly Smooth Stone","Anchor","Dodecahedron","Bird Faced Urn","Regal Pillow","Blood Vial","Philosopher\u0027s Stone","Bottled Lightning","Ginger","Red Mask"],"potions_floor_usage":[50,50,50],"damage_taken":[{"damage":0.0,"enemies":"2 Louse","floor":1.0,"turns":3.0},{"damage":1.0,"enemies":"Jaw Worm","floor":3.0,"turns":3.0},{"damage":9.0,"enemies":"Small Slimes","floor":4.0,"turns":3.0},{"damage":6.0,"enemies":"3 Louse","floor":8.0,"turns":3.0},{"damage":0.0,"enemies":"Exordium Wildlife","floor":10.0,"turns":3.0},{"damage":0.0,"enemies":"Red Slaver","floor":12.0,"turns":3.0},{"damage":6.0,"enemies":"3 Louse","floor":13.0,"turns":3.0},{"damage":10.0,"enemies":"Hexaghost","floor":16.0,"turns":7.0},{"damage":0.0,"enemies":"Chosen","floor":18.0,"turns":6.0},{"damage":3.0,"enemies":"3 Byrds","floor":19.0,"turns":5.0},{"damage":27.0,"enemies":"Shelled Parasite and Fungi","floor":20.0,"turns":6.0},{"damage":11.0,"enemies":"Book of Stabbing","floor":23.0,"turns":6.0},{"damage":7.0,"enemies":"Snake Plant","floor":29.0,"turns":3.0},{"damage":13.0,"enemies":"3 Cultists","floor":30.0,"turns":4.0},{"damage":28.0,"enemies":"Gremlin Leader","floor":31.0,"turns":4.0},{"damage":35.0,"enemies":"Champ","floor":33.0,"turns":8.0},{"damage":9,"enemies":"3 Darklings","floor":35,"turns":3},{"damage":21,"enemies":"3 Shapes","floor":37,"turns":2},{"damage":0,"enemies":"Sphere and 2 Shapes","floor":38,"turns":3},{"damage":10,"enemies":"Writhing Mass","floor":39,"turns":6},{"damage":15,"enemies":"Mind Bloom Boss Battle","floor":44,"turns":5},{"damage":30,"enemies":"Jaw Worm Horde","floor":47,"turns":4},{"damage":68,"enemies":"Time Eater","floor":50,"turns":9}],"seed_played":"-5538607660369790364","potions_obtained":[{"floor":1.0,"key":"SneckoOil"},{"floor":3.0,"key":"PowerPotion"},{"floor":12.0,"key":"Strength Potion"},{"floor":20.0,"key":"EssenceOfSteel"},{"floor":29.0,"key":"Regen Potion"},{"floor":37,"key":"Block Potion"}],"is_trial":false,"path_per_floor":["M","$","M","M","?","R","$","M","T","M","R","M","M","?","R","B",null,"M","M","M","$","?","E","R","$","T","R","T","M","M","E","R","B",null,"M","$","M","M","M","R","$","?","T","?","R","?","M","?","R","B",null],"character_chosen":"DEFECT","items_purchased":["Static Discharge","Self Repair","Defragment"],"campfire_rested":2,"item_purchase_floors":[7,21,25],"current_hp_per_floor":[68,68,67,58,51,51,51,45,45,45,45,45,39,39,39,29,68,68,65,38,38,38,34,34,34,34,54,54,55,61,52,52,50,68,63,63,49,63,68,68,68,68,68,68,68,68,50,50,68,40],"gold":0,"neow_bonus":"REMOVE_TWO","is_prod":false,"is_daily":false,"chose_seed":false,"campfire_upgraded":7,"win_rate":0.0,"timestamp":1544564021,"path_taken":["M","$","M","M","?","R","?","M","T","M","R","M","M","?","R","BOSS","M","M","M","$","?","E","R","$","T","R","?","M","M","E","R","BOSS","M","$","M","M","M","R","$","?","T","?","R","?","M","?","R","BOSS"],"build_version":"2018-12-06","purchased_purges":4,"victory":true,"max_hp_per_floor":[68,68,68,68,68,68,68,68,68,68,68,68,68,68,68,68,68,68,68,68,68,68,68,68,68,68,68,68,68,68,68,68,68,68,68,68,68,68,68,68,68,68,68,68,68,68,68,68,68,68],"card_choices":[{"not_picked":["Lockon","Skim"],"picked":"Storm","floor":1.0},{"not_picked":["Hologram","Streamline"],"picked":"Go for the Eyes","floor":3.0},{"not_picked":["Skim","Redo"],"picked":"Cold Snap","floor":4.0},{"not_picked":["Amplify","Aggregate"],"picked":"FTL","floor":8.0},{"not_picked":["Lockon","Hologram"],"picked":"Ball Lightning","floor":10.0},{"not_picked":["Steam","Reinforced Body"],"picked":"Stack","floor":12.0},{"not_picked":["Rip and Tear","Gash"],"picked":"Melter","floor":13.0},{"not_picked":["Buffer","Thunder Strike"],"picked":"Electrodynamics","floor":16.0},{"not_picked":["Compile Driver+1","Barrage"],"picked":"Heatsinks+1","floor":18.0},{"not_picked":["Steam","Gash+1"],"picked":"Sweeping Beam","floor":19.0},{"not_picked":["BootSequence","Coolheaded"],"picked":"Stack","floor":20.0},{"not_picked":["Chill","Force Field"],"picked":"Static Discharge","floor":23.0},{"not_picked":["Redo","Reboot"],"picked":"Beam Cell+1","floor":29.0},{"not_picked":["Cold Snap+1","Conserve Battery+1","Ball Lightning+1"],"picked":"SKIP","floor":30.0},{"not_picked":["Hologram","Auto Shields"],"picked":"Creative AI","floor":31.0},{"not_picked":["Reboot","Thunder Strike"],"picked":"Creative AI","floor":33.0},{"not_picked":["Redo","Reinforced Body","Steam Power+1"],"picked":"SKIP","floor":35},{"not_picked":["Sweeping Beam+1","Leap","Aggregate+1"],"picked":"SKIP","floor":37},{"not_picked":["FTL","Stack+1"],"picked":"Conserve Battery+1","floor":38},{"not_picked":["Redo","Tempest+1"],"picked":"Storm+1","floor":39},{"not_picked":["Self Repair+1","Cold Snap"],"picked":"Stack+1","floor":44},{"not_picked":["Cold Snap","Hologram"],"picked":"Storm+1","floor":47}],"player_experience":60018,"relics_obtained":[{"floor":9.0,"key":"Anchor"},{"floor":23.0,"key":"Dodecahedron"},{"floor":26.0,"key":"Bird Faced Urn"},{"floor":28.0,"key":"Regal Pillow"},{"floor":31.0,"key":"Blood Vial"},{"floor":43,"key":"Bottled Lightning"},{"floor":44,"key":"Ginger"}],"event_choices":[{"damage_healed":0.0,"max_hp_gain":0.0,"max_hp_loss":0.0,"gold_gain":0.0,"event_name":"Scrap Ooze","player_choice":"Success","floor":5.0,"gold_loss":0.0,"damage_taken":7.0,"relics_obtained":["Oddly Smooth Stone"]},{"damage_healed":0.0,"max_hp_gain":0.0,"max_hp_loss":0.0,"gold_gain":0.0,"event_name":"Golden Idol","player_choice":"Take Wound","floor":14.0,"gold_loss":0.0,"damage_taken":0.0,"relics_obtained":["Golden Idol"],"cards_obtained":["Injury"]},{"damage_healed":0.0,"max_hp_gain":0.0,"max_hp_loss":0.0,"gold_gain":0.0,"event_name":"Forgotten Altar","player_choice":"Smashed Altar","floor":22.0,"gold_loss":0.0,"damage_taken":0.0,"cards_obtained":["Decay"]},{"damage_healed":0,"gold_gain":0,"player_choice":"Ignored","damage_taken":0,"max_hp_gain":0,"max_hp_loss":0,"event_name":"Mysterious Sphere","floor":42,"gold_loss":0},{"damage_healed":0,"gold_gain":0,"player_choice":"Fight","damage_taken":0,"max_hp_gain":0,"max_hp_loss":0,"event_name":"MindBloom","floor":44,"gold_loss":0},{"damage_healed":0,"gold_gain":333,"player_choice":"Gave Idol","damage_taken":0,"max_hp_gain":0,"max_hp_loss":0,"event_name":"The Moai Head","floor":46,"relics_lost":["Golden Idol"],"gold_loss":0},{"damage_healed":0,"gold_gain":0,"player_choice":"Paid","damage_taken":0,"relics_obtained":["Red Mask"],"max_hp_gain":0,"max_hp_loss":0,"event_name":"Tomb of Lord Red Mask","floor":48,"gold_loss":697}],"is_beta":false,"boss_relics":[{"not_picked":["Cursed Key","Runic Dome"],"picked":"FrozenCore"},{"not_picked":["Coffee Dripper","Eternal Feather"],"picked":"Philosopher\u0027s Stone"}],"items_purged_floors":[2,21,25,36],"is_endless":false,"potions_floor_spawned":[1,3,12,13,20,23,29,31,37,39],"ascension_level":0}