{"gold_per_floor":[116,130,130,130,55,55,84,84,135,152,152,152,182,28,28,128,128,142,162,262,272,290,318,124,124,172,185,217,217,67,102,102,205,205,220,45,59,109,1108,1108,1125,721,721,496,496,506,521,539,539,539],"floor_reached":51,"playtime":4175,"items_purged":["Defend_R","Regret","Defend_R","Strike_R","Defend_R","Normality","Normality"],"score":713,"play_id":"425e1529-2449-4536-8d75-8755e18052bd","local_time":"20181210192032","is_ascension_mode":false,"campfire_choices":[{"floor":6,"key":"REST"},{"floor":8,"key":"REST"},{"floor":11,"key":"REST"},{"floor":15,"key":"REST"},{"data":"Armaments","floor":29,"key":"SMITH"},{"floor":32,"key":"REST"},{"floor":40,"key":"REST"},{"floor":49,"key":"REST"}],"neow_cost":"PERCENT_DAMAGE","seed_source_timestamp":1329169438603087,"circlet_count":0,"master_deck":["Strike_R","Strike_R","Strike_R","Defend_R","Bash","Searing Blow","Pommel Strike","Armaments+1","Pummel","Flex","Limit Break","Twin Strike","Cleave+1","Cleave+1","Cleave+1","Juggernaut","Inflame","Sword Boomerang","Fire Breathing","Fiend Fire","Inflame+1","Heavy Blade+1","Rampage+1","Madness","Madness","Limit Break"],"relics":["Burning Blood","Unceasing Top","Potion Belt","Happy Flower","Orichalcum","Meat on the Bone","Letter Opener","Velvet Choker","Thread and Needle","Ornamental Fan","Incense Burner","Ancient Tea Set","Matryoshka","Bird Faced Urn","Sozu","Charon\u0027s Ashes","Brimstone","Whetstone"],"potions_floor_usage":[7,20,23,28,28],"damage_taken":[{"damage":13,"enemies":"Jaw Worm","floor":1,"turns":3},{"damage":16,"enemies":"2 Louse","floor":2,"turns":3},{"damage":48,"enemies":"3 Sentries","floor":7,"turns":9},{"damage":2,"enemies":"Small Slimes","floor":10,"turns":3},{"damage":22,"enemies":"Gremlin Nob","floor":13,"turns":5},{"damage":67,"enemies":"Slime Boss","floor":16,"turns":15},{"damage":14,"enemies":"Shell Parasite","floor":18,"turns":4},{"damage":0,"enemies":"3 Byrds","floor":19,"turns":6},{"damage":6,"enemies":"Colosseum Slavers","floor":20,"turns":3},{"damage":18,"enemies":"Colosseum Nobs","floor":20,"turns":5},{"damage":0,"enemies":"Snecko","floor":21,"turns":3},{"damage":9,"enemies":"Centurion and Healer","floor":22,"turns":5},{"damage":4,"enemies":"Slavers","floor":23,"turns":4},{"damage":4,"enemies":"3 Cultists","floor":27,"turns":3},{"damage":10,"enemies":"Book of Stabbing","floor":28,"turns":4},{"damage":31,"enemies":"Slavers","floor":31,"turns":5},{"damage":36,"enemies":"Collector","floor":33,"turns":6},{"damage":10,"enemies":"Orb Walker","floor":35,"turns":3},{"damage":15,"enemies":"3 Shapes","floor":37,"turns":2},{"damage":38,"enemies":"2 Orb Walkers","floor":38,"turns":4},{"damage":0,"enemies":"Jaw Worm Horde","floor":41,"turns":4},{"damage":45,"enemies":"4 Shapes","floor":46,"turns":3},{"damage":0,"enemies":"Spire Growth","floor":47,"turns":3},{"damage":11,"enemies":"3 Darklings","floor":48,"turns":2},{"damage":30,"enemies":"Awakened One","floor":50,"turns":5}],"seed_played":"-898356832544682195","potions_obtained":[{"floor":2,"key":"BloodPotion"},{"floor":10,"key":"Swift Potion"},{"floor":13,"key":"Explosive Potion"},{"floor":20,"key":"Fire Potion"},{"floor":23,"key":"Energy Potion"},{"floor":31,"key":"SpeedPotion"}],"is_trial":false,"path_per_floor":["M","M","?","?","$","R","E","R","T","M","R","?","E","$","R","B",null,"M","M","?","M","M","E","$","?","T","M","E","R","$","E","R","B",null,"M","$","M","?","?","R","M","$","T","$","?","M","M","M","R","B",null],"character_chosen":"IRONCLAD","items_purchased":["Flex","Inflame","Brimstone"],"campfire_rested":7,"item_purchase_floors":[14,24,42],"current_hp_per_floor":[49,39,32,20,20,44,10,34,34,38,62,62,58,58,80,31,80,72,78,66,72,69,71,71,71,71,73,69,69,69,56,80,52,80,76,76,71,47,47,71,80,80,80,80,70,47,59,54,78,60],"gold":539,"neow_bonus":"ONE_RARE_RELIC","is_prod":false,"is_daily":false,"chose_seed":false,"campfire_upgraded":1,"win_rate":0.0,"timestamp":1544491232,"path_taken":["M","M","?","?","$","R","E","R","T","M","R","?","E","$","R","BOSS","M","M","?","M","M","E","$","?","T","M","E","R","$","E","R","BOSS","M","$","M","?","?","R","M","$","T","$","?","M","?","M","R","BOSS"],"build_version":"2018-12-06","purchased_purges":7,"victory":true,"max_hp_per_floor":[80,80,80,80,80,80,80,80,80,80,80,80,80,80,80,80,80,80,80,80,80,80,80,80,80,80,80,80,80,80,80,80,80,80,80,80,80,80,80,80,80,80,80,80,80,80,80,80,80,80],"card_choices":[{"not_picked":["Twin Strike","Perfected Strike"],"picked":"Searing Blow","floor":1},{"not_picked":["Wild Strike","Iron Wave"],"picked":"Pommel Strike","floor":2},{"not_picked":["Body Slam","Headbutt"],"picked":"Armaments","floor":7},{"not_picked":["Body Slam","Feel No Pain","True Grit"],"picked":"SKIP","floor":10},{"not_picked":["Clothesline","Dark Embrace"],"picked":"Pummel","floor":13},{"not_picked":["Dark Embrace","Berserk"],"picked":"Limit Break","floor":16},{"not_picked":["Armaments","Warcry"],"picked":"Twin Strike","floor":18},{"not_picked":["Clash","Carnage"],"picked":"Cleave+1","floor":19},{"not_picked":["Clash","Headbutt+1"],"picked":"Cleave","floor":20},{"not_picked":["Combust","Evolve"],"picked":"Cleave+1","floor":21},{"not_picked":["Heavy Blade","Clash"],"picked":"Juggernaut","floor":22},{"not_picked":["Disarm","Twin Strike","Armaments+1"],"picked":"SKIP","floor":23},{"not_picked":["Iron Wave+1","Sever Soul"],"picked":"Sword Boomerang","floor":27},{"not_picked":["Rage","Rupture","Headbutt+1"],"picked":"SKIP","floor":28},{"not_picked":["Sword Boomerang","Dropkick+1"],"picked":"Fire Breathing","floor":31},{"not_picked":["Immolate","Brutality"],"picked":"Fiend Fire","floor":33},{"not_picked":["Iron Wave","Pommel Strike","Flame Barrier+1"],"picked":"SKIP","floor":35},{"not_picked":["Uppercut","Flame Barrier"],"picked":"Inflame+1","floor":37},{"not_picked":["Iron Wave+1","Perfected Strike+1"],"picked":"Heavy Blade","floor":38},{"not_picked":["Flame Barrier+1","True Grit+1"],"picked":"Rampage+1","floor":41},{"not_picked":["Iron Wave+1","Clash+1"],"picked":"Limit Break","floor":46},{"not_picked":["Shrug It Off","Infernal Blade","Twin Strike+1"],"picked":"SKIP","floor":47},{"not_picked":["Headbutt+1","Blood for Blood+1","Feel No Pain"],"picked":"SKIP","floor":48}],"player_experience":33563,"relics_obtained":[{"floor":7,"key":"Happy Flower"},{"floor":9,"key":"Orichalcum"},{"floor":13,"key":"Letter Opener"},{"floor":20,"key":"Thread and Needle"},{"floor":20,"key":"Ornamental Fan"},{"floor":23,"key":"Incense Burner"},{"floor":26,"key":"Ancient Tea Set"},{"floor":28,"key":"Matryoshka"},{"floor":31,"key":"Bird Faced Urn"},{"floor":38,"key":"Charon\u0027s Ashes"},{"floor":43,"key":"Whetstone"}],"event_choices":[{"cards_removed":["Strike_R"],"damage_healed":0,"gold_gain":0,"player_choice":"Card Removal","damage_taken":7,"max_hp_gain":0,"max_hp_loss":0,"event_name":"Golden Wing","floor":3,"gold_loss":0},{"damage_healed":0,"gold_gain":0,"player_choice":"Success","damage_taken":12,"relics_obtained":["Potion Belt"],"max_hp_gain":0,"max_hp_loss":0,"event_name":"Scrap Ooze","floor":4,"gold_loss":0},{"damage_healed":0,"gold_gain":0,"player_choice":"Box","damage_taken":0,"relics_obtained":["Meat on the Bone"],"max_hp_gain":0,"max_hp_loss":0,"event_name":"Big Fish","floor":12,"gold_loss":0,"cards_obtained":["Regret"]},{"damage_healed":0,"gold_gain":0,"player_choice":"Fight","damage_taken":0,"max_hp_gain":0,"max_hp_loss":0,"event_name":"Colosseum","floor":20,"gold_loss":0},{"damage_healed":0,"gold_gain":0,"player_choice":"Fought Nobs","damage_taken":0,"max_hp_gain":0,"max_hp_loss":0,"event_name":"Colosseum","floor":20,"gold_loss":0},{"damage_healed":0,"gold_gain":0,"player_choice":"Ignored","damage_taken":0,"max_hp_gain":0,"max_hp_loss":0,"event_name":"Ghosts","floor":25,"gold_loss":0},{"damage_healed":0,"gold_gain":0,"player_choice":"Fight","damage_taken":0,"max_hp_gain":0,"max_hp_loss":0,"event_name":"Mysterious Sphere","floor":38,"gold_loss":0},{"damage_healed":0,"gold_gain":999,"player_choice":"Gold","damage_taken":0,"max_hp_gain":0,"max_hp_loss":0,"event_name":"MindBloom","floor":39,"gold_loss":0,"cards_obtained":["Normality","Normality"]},{"damage_healed":0,"gold_gain":0,"player_choice":"Embrace Madness","damage_taken":10,"max_hp_gain":0,"max_hp_loss":0,"event_name":"Winding Halls","floor":45,"gold_loss":0,"cards_obtained":["Madness","Madness"]}],"is_beta":false,"boss_relics":[{"not_picked":["Snecko Eye","Runic Dome"],"picked":"Velvet Choker"},{"not_picked":["Philosopher\u0027s Stone","Cursed Key"],"picked":"Sozu"}],"items_purged_floors":[5,14,24,30,36,42,44],"is_endless":false,"potions_floor_spawned":[2,10,13,20,20,23,31,37,38,46],"ascension_level":0}