{"gold_per_floor":[117,117,192,205,380,411,67,99,99,24,43,72,72,89,89,192,192,132],"floor_reached":18,"playtime":2493,"items_purged":["Doubt"],"score":223,"play_id":"f8f0d98e-f264-4bd0-b80f-861fa99eb98f","local_time":"20190510163929","is_ascension_mode":true,"campfire_choices":[{"data":"Consume","floor":15,"key":"SMITH"}],"neow_cost":"NONE","seed_source_timestamp":27079545405944,"circlet_count":0,"master_deck":["Strike_B","Defend_B","Defend_B","Defend_B","Zap","Dualcast","Compile Driver","Consume","Redo","Capacitor","Coolheaded","Cold Snap","Chill","Genetic Algorithm","Consume+1","Storm","Conserve Battery","Coolheaded","Buffer"],"relics":["Cracked Core","NeowsBlessing","Prayer Wheel","Runic Capacitor","Centennial Puzzle","Meat on the Bone","Empty Cage"],"potions_floor_usage":[8,12],"damage_taken":[{"damage":0,"enemies":"2 Louse","floor":1,"turns":1},{"damage":0,"enemies":"Jaw Worm","floor":4,"turns":1},{"damage":0,"enemies":"Gremlin Nob","floor":6,"turns":1},{"damage":12,"enemies":"3 Sentries","floor":8,"turns":10},{"damage":0,"enemies":"Cultist","floor":11,"turns":3},{"damage":9,"enemies":"Lagavulin","floor":12,"turns":6},{"damage":0,"enemies":"Large Slime","floor":14,"turns":4},{"damage":34,"enemies":"Hexaghost","floor":16,"turns":13},{"damage":16,"enemies":"2 Thieves","floor":18,"turns":3}],"seed_played":"4360818060759626166","potions_obtained":[{"floor":1,"key":"Regen Potion"},{"floor":6,"key":"Regen Potion"},{"floor":8,"key":"EssenceOfSteel"},{"floor":12,"key":"SpeedPotion"}],"is_trial":false,"path_per_floor":["M","?","?","M","?","E","$","E","T","$","M","E","?","M","R","B",null,"M"],"character_chosen":"DEFECT","items_purchased":["Capacitor","Coolheaded","Cold Snap","Runic Capacitor"],"campfire_rested":0,"item_purchase_floors":[7,7,7,7],"current_hp_per_floor":[75,75,64,64,64,64,64,67,67,67,67,72,72,72,72,38,75,59],"gold":132,"neow_bonus":"THREE_ENEMY_KILL","is_prod":false,"is_daily":false,"chose_seed":false,"campfire_upgraded":1,"win_rate":0,"timestamp":1557524369,"path_taken":["M","?","?","M","?","E","$","E","T","?","?","E","?","M","R","BOSS","M"],"build_version":"2019-01-23","purchased_purges":1,"victory":false,"max_hp_per_floor":[75,75,75,75,75,75,75,75,75,75,75,75,75,75,75,75,75,75],"card_choices":[{"not_picked":["Fusion","Go for the Eyes"],"picked":"Compile Driver","floor":1},{"not_picked":["Coolheaded","Streamline"],"picked":"Consume","floor":4},{"not_picked":["Rainbow","Go for the Eyes"],"picked":"Redo","floor":6},{"not_picked":["Double Energy","Hello World"],"picked":"Chill","floor":8},{"not_picked":["Chill","Darkness"],"picked":"Genetic Algorithm","floor":11},{"not_picked":["Reprogram","Steam"],"picked":"Consume","floor":11},{"not_picked":["Capacitor","Beam Cell"],"picked":"Storm","floor":12},{"not_picked":["Sweeping Beam","Turbo"],"picked":"Conserve Battery","floor":14},{"not_picked":["Sweeping Beam","Beam Cell"],"picked":"Coolheaded","floor":14},{"not_picked":["Seek","Core Surge"],"picked":"Buffer","floor":16}],"player_experience":174425,"relics_obtained":[{"floor":6,"key":"Prayer Wheel"},{"floor":8,"key":"Centennial Puzzle"},{"floor":12,"key":"Meat on the Bone"}],"event_choices":[{"cards_removed":["Strike_B"],"damage_healed":0,"gold_gain":0,"player_choice":"Forget","damage_taken":0,"max_hp_gain":0,"max_hp_loss":0,"event_name":"Living Wall","floor":2,"gold_loss":0},{"damage_healed":0,"gold_gain":75,"player_choice":"Gather Gold","damage_taken":11,"max_hp_gain":0,"max_hp_loss":0,"event_name":"World of Goop","floor":3,"gold_loss":0},{"damage_healed":0,"gold_gain":175,"player_choice":"AGREE","damage_taken":0,"max_hp_gain":0,"max_hp_loss":0,"event_name":"Liars Game","floor":5,"gold_loss":0,"cards_obtained":["Doubt"]},{"cards_removed":["Strike_B"],"damage_healed":0,"gold_gain":0,"player_choice":"Purged","damage_taken":0,"max_hp_gain":0,"max_hp_loss":0,"event_name":"Purifier","floor":13,"gold_loss":0}],"is_beta":false,"boss_relics":[{"not_picked":["Velvet Choker","FrozenCore"],"picked":"Empty Cage"}],"items_purged_floors":[10],"is_endless":false,"potions_floor_spawned":[1,6,8,12],"killed_by":"2 Thieves","ascension_level":2}