{"path_per_floor":["M","?","M","$","M","R","E","R","T","M","R","M","$","M","R","B",null,"M","$","?","M","M","R","M","$","T","M","R","M","R","M","R","B",null,"M","$","?","M","M","R","M","R","T","?","R","M","E","$","R","B"],"character_chosen":"THE_SILENT","items_purchased":["Terror","Predator","Footwork","Backflip","Malaise","Footwork","Blur","Tactician"],"gold_per_floor":[113,113,127,19,35,35,67,67,67,80,80,98,23,39,39,141,141,151,49,49,63,75,75,93,23,23,33,33,46,46,64,64,159,159,169,62,62,81,92,92,110,110,110,110,110,125,160,2,2,2],"floor_reached":51,"campfire_rested":0,"playtime":3064,"current_hp_per_floor":[70,63,63,63,63,63,55,55,55,55,55,55,55,55,55,53,70,68,68,68,68,62,62,54,54,54,54,54,54,54,46,46,46,70,69,69,69,69,69,69,68,68,68,59,59,59,48,48,48,37],"items_purged":["Strike_G"],"gold":2,"score":756,"play_id":"09ad4feb-7c33-41a5-a774-077f21103f1f","local_time":"20180330094348","is_prod":false,"is_daily":false,"is_ascension_mode":false,"campfire_upgraded":9,"timestamp":1522424628,"path_taken":["M","?","M","$","M","R","E","R","T","M","R","M","$","M","R","BOSS","M","$","?","?","M","R","M","$","T","M","R","M","R","M","R","BOSS","M","$","?","?","M","R","M","R","T","?","R","M","E","$","R","BOSS"],"build_version":"2018-03-22","purchased_purges":1,"victory":true,"master_deck":["Defend_G","Defend_G","Defend_G","Defend_G","Defend_G","Strike_G","Strike_G","Survivor","Neutralize+1","Burst+1","Dagger Throw","Blur","Terror+1","Predator","All Out Attack+1","Flying Knee+1","Cloak And Dagger","Tools of the Trade","Leg Sweep","Footwork+1","Backflip","Infinite Blades+1","Reflex+1","Malaise+1","Outmaneuver","Backstab+1","Bouncing Flask+1","Die Die Die+1","Dodge and Roll+1","Footwork+1","Blur","Catalyst+1","Madness","Madness","Malaise","Footwork","Tactician+1"],"max_hp_per_floor":[70,70,70,70,70,70,70,70,70,70,70,70,70,70,70,70,70,70,70,70,70,70,70,70,70,70,70,70,70,70,70,70,70,70,70,70,70,70,70,70,70,70,70,70,70,70,70,70,70,70],"relics":["Ring of the Snake","Molten Egg 2","Girya","Sozu","Torii","Cursed Key","Ornamental Fan"],"card_choices":[{"not_picked":["Bane","Crippling Poison"],"picked":"Dagger Throw","floor":1.0},{"not_picked":["Escape Plan","Dodge and Roll"],"picked":"Blur","floor":3.0},{"not_picked":["Quick Slash","Flechettes"],"picked":"Sucker Punch","floor":5.0},{"not_picked":["Setup","Dagger Throw"],"picked":"All Out Attack","floor":7.0},{"not_picked":["Underhanded Strike","Dodge and Roll"],"picked":"Flying Knee","floor":10.0},{"not_picked":["Catalyst","Heel Hook"],"picked":"Cloak And Dagger","floor":12.0},{"not_picked":["Envenom","Glass Knife"],"picked":"Tools of the Trade","floor":16.0},{"not_picked":["Well Laid Plans","All Out Attack"],"picked":"Leg Sweep","floor":18.0},{"not_picked":["Dodge and Roll","Outmaneuver"],"picked":"Infinite Blades","floor":21.0},{"not_picked":["Backflip","Dagger Spray"],"picked":"Reflex","floor":24.0},{"not_picked":["Deadly Poison","Infinite Blades"],"picked":"Outmaneuver","floor":27.0},{"not_picked":["Prepared","Endless Agony"],"picked":"Backstab","floor":29.0},{"not_picked":["Prepared","Outmaneuver"],"picked":"Bouncing Flask","floor":31.0},{"not_picked":["Storm of Steel","Unload"],"picked":"Die Die Die","floor":33.0},{"not_picked":["Slice","Poisoned Stab"],"picked":"Dodge and Roll","floor":35.0},{"not_picked":["Flying Knee","Dagger Spray"],"picked":"Catalyst","floor":39.0},{"not_picked":["Reflex","Concentrate"],"picked":"Malaise","floor":46},{"not_picked":["Accuracy","Flying Knee"],"picked":"Footwork","floor":47}],"player_experience":916144,"potions_floor_usage":[50],"damage_taken":[{"damage":0.0,"enemies":"2 Louse","floor":1.0,"turns":3.0},{"damage":0.0,"enemies":"Small Slimes","floor":3.0,"turns":4.0},{"damage":0.0,"enemies":"Cultist","floor":5.0,"turns":3.0},{"damage":8.0,"enemies":"3 Sentries","floor":7.0,"turns":9.0},{"damage":0.0,"enemies":"Red Slaver","floor":10.0,"turns":4.0},{"damage":0.0,"enemies":"Large Slime","floor":12.0,"turns":3.0},{"damage":0.0,"enemies":"Blue Slaver","floor":14.0,"turns":2.0},{"damage":2.0,"enemies":"Hexaghost","floor":16.0,"turns":9.0},{"damage":2.0,"enemies":"Shell Parasite","floor":18.0,"turns":5.0},{"damage":0.0,"enemies":"3 Byrds","floor":21.0,"turns":5.0},{"damage":6.0,"enemies":"Snecko","floor":22.0,"turns":5.0},{"damage":8.0,"enemies":"Snake Plant","floor":24.0,"turns":4.0},{"damage":0.0,"enemies":"Centurion and Healer","floor":27.0,"turns":5.0},{"damage":0.0,"enemies":"Snecko","floor":29.0,"turns":4.0},{"damage":8.0,"enemies":"Snake Plant","floor":31.0,"turns":2.0},{"damage":0.0,"enemies":"Automaton","floor":33.0,"turns":12.0},{"damage":1.0,"enemies":"Orb Walker","floor":35.0,"turns":3.0},{"damage":0.0,"enemies":"3 Shapes","floor":38.0,"turns":3.0},{"damage":0.0,"enemies":"Maw","floor":39.0,"turns":7.0},{"damage":1.0,"enemies":"4 Shapes","floor":41.0,"turns":3.0},{"damage":0,"enemies":"Sphere and 2 Shapes","floor":46,"turns":6},{"damage":11,"enemies":"2 Orb Walkers","floor":47,"turns":4},{"damage":26,"enemies":"Time Eater","floor":50,"turns":12}],"event_choices":[{"event_name":"Golden Wing","player_choice":"Card Removal","floor":2.0,"damage_taken":0.0},{"event_name":"Beggar","player_choice":"Ignored","floor":20.0,"damage_taken":0.0},{"event_name":"Winding Halls","player_choice":"Embrace Madness","floor":44,"damage_taken":0}],"boss_relics":[],"potions_floor_spawned":[7,10,16,18,21,27,33,38,41],"seed_played":"2717002903455088577","ascension_level":0,"is_trial":false}