{"gold_per_floor":[116,136,37,57,67,67,96,110,135,169,169,181,181,191,191,295,295,312,328,85,98,113,138,138,138,138,154,179,191,221,231,231,330,330,340,340,1,13,30,30,30],"floor_reached":41,"playtime":3244,"items_purged":["Strike_G","Strike_G","Strike_G"],"score":568,"play_id":"de413db5-3ee7-4c0d-b6c6-91f9165afde0","local_time":"20190512185631","is_ascension_mode":true,"campfire_choices":[{"data":"All Out Attack","floor":6,"key":"SMITH"},{"data":"Caltrops","floor":15,"key":"SMITH"},{"data":"Adrenaline","floor":24,"key":"SMITH"},{"floor":32,"key":"REST"},{"data":"A Thousand Cuts","floor":40,"key":"SMITH"}],"neow_cost":"NONE","seed_source_timestamp":518877260960300,"circlet_count":0,"master_deck":["Defend_G","Defend_G+1","Defend_G","Defend_G+1","Strike_G","Strike_G","Survivor","Neutralize+1","PiercingWail","Dagger Spray","Quick Slash","Crippling Poison","All Out Attack+1","Quick Slash","Caltrops+1","Deflect","Adrenaline+1","Blur","Predator+1","Quick Slash+1","Caltrops","PiercingWail+1","Terror+1","Poisoned Stab+1","A Thousand Cuts+1","PiercingWail+1","Calculated Gamble","Sucker Punch+1","Bane+1"],"relics":["Ring of the Snake","Pantograph","Pen Nib","Boot","Runic Pyramid","Oddly Smooth Stone","Orichalcum","Centennial Puzzle","The Specimen","Bag of Marbles","HoveringKite","Happy Flower"],"potions_floor_usage":[10,16,16,33,41],"damage_taken":[{"damage":2,"enemies":"Jaw Worm","floor":1,"turns":6},{"damage":0,"enemies":"2 Louse","floor":2,"turns":2},{"damage":2,"enemies":"Cultist","floor":4,"turns":4},{"damage":3,"enemies":"Looter","floor":5,"turns":4},{"damage":16,"enemies":"3 Sentries","floor":7,"turns":5},{"damage":2,"enemies":"Red Slaver","floor":8,"turns":4},{"damage":12,"enemies":"Gremlin Nob","floor":10,"turns":3},{"damage":0,"enemies":"2 Fungi Beasts","floor":12,"turns":1},{"damage":7,"enemies":"Exordium Thugs","floor":14,"turns":4},{"damage":9,"enemies":"Slime Boss","floor":16,"turns":10},{"damage":10,"enemies":"3 Byrds","floor":18,"turns":3},{"damage":0,"enemies":"Chosen","floor":19,"turns":4},{"damage":0,"enemies":"Snecko","floor":21,"turns":5},{"damage":3,"enemies":"Snake Plant","floor":22,"turns":6},{"damage":10,"enemies":"Gremlin Leader","floor":23,"turns":6},{"damage":14,"enemies":"3 Cultists","floor":27,"turns":4},{"damage":14,"enemies":"Book of Stabbing","floor":28,"turns":5},{"damage":1,"enemies":"Snecko","floor":29,"turns":4},{"damage":0,"enemies":"Gremlin Leader","floor":30,"turns":6},{"damage":12,"enemies":"Shelled Parasite and Fungi","floor":31,"turns":5},{"damage":26,"enemies":"Automaton","floor":33,"turns":13},{"damage":5,"enemies":"3 Darklings","floor":35,"turns":4},{"damage":2,"enemies":"Orb Walker","floor":38,"turns":2},{"damage":28,"enemies":"Writhing Mass","floor":39,"turns":7},{"damage":55,"enemies":"Giant Head","floor":41,"turns":8}],"seed_played":"-1759611560721344488","potions_obtained":[{"floor":1,"key":"PowerPotion"},{"floor":4,"key":"Explosive Potion"},{"floor":12,"key":"GhostInAJar"},{"floor":14,"key":"Block Potion"},{"floor":16,"key":"PowerPotion"},{"floor":18,"key":"FearPotion"},{"floor":19,"key":"PowerPotion"},{"floor":39,"key":"EntropicBrew"}],"is_trial":false,"path_per_floor":["M","M","$","M","M","R","E","M","T","E","?","M","?","M","R","B",null,"M","M","$","M","M","E","R","?","T","M","E","M","E","M","R","B",null,"M","?","$","M","M","R","E"],"character_chosen":"THE_SILENT","items_purchased":["Quick Slash","Oddly Smooth Stone","Calculated Gamble","Happy Flower"],"campfire_rested":1,"item_purchase_floors":[3,20,37,37],"current_hp_per_floor":[68,68,68,66,63,63,47,45,45,33,19,19,80,73,73,71,80,70,70,70,70,67,57,57,57,57,43,29,28,28,16,40,39,80,75,75,75,73,45,45,0],"gold":30,"neow_bonus":"UPGRADE_CARD","is_prod":false,"is_daily":false,"chose_seed":false,"campfire_upgraded":4,"win_rate":0,"timestamp":1557667591,"path_taken":["M","M","$","M","M","R","E","M","T","E","?","M","?","?","R","BOSS","M","M","$","M","M","E","R","?","T","M","E","M","E","?","R","BOSS","M","?","$","M","M","R","E"],"build_version":"2019-01-23","purchased_purges":3,"victory":false,"max_hp_per_floor":[70,70,70,70,70,70,70,70,70,70,70,70,80,80,80,80,80,80,80,80,80,80,80,80,80,80,80,80,80,80,80,80,80,80,80,80,80,80,80,80,80],"card_choices":[{"not_picked":["Poisoned Stab","Sucker Punch"],"picked":"PiercingWail","floor":1},{"not_picked":["Blade Dance","Concentrate"],"picked":"Dagger Spray","floor":2},{"not_picked":["Dagger Spray","Masterful Stab"],"picked":"Crippling Poison","floor":4},{"not_picked":["Setup","Dagger Spray"],"picked":"All Out Attack","floor":5},{"not_picked":["Blur","Backstab"],"picked":"Die Die Die","floor":7},{"not_picked":["Prepared","Finisher"],"picked":"Quick Slash","floor":8},{"not_picked":["Quick Slash","Cloak And Dagger"],"picked":"Caltrops","floor":10},{"not_picked":["Masterful Stab","Deadly Poison"],"picked":"Deflect","floor":12},{"not_picked":["Crippling Poison","Slice","Deadly Poison"],"picked":"SKIP","floor":14},{"not_picked":["Grand Finale","After Image"],"picked":"Adrenaline","floor":16},{"not_picked":["Predator","Poisoned Stab"],"picked":"Blur","floor":18},{"not_picked":["PiercingWail","Well Laid Plans"],"picked":"Predator+1","floor":19},{"not_picked":["Deflect","Blade Dance","Leg Sweep"],"picked":"SKIP","floor":21},{"not_picked":["Sucker Punch","Deadly Poison"],"picked":"Quick Slash+1","floor":22},{"not_picked":["Poisoned Stab","Accuracy"],"picked":"Caltrops","floor":23},{"not_picked":["Backflip","Terror","Quick Slash"],"picked":"SKIP","floor":27},{"not_picked":["Blade Dance","Adrenaline"],"picked":"PiercingWail+1","floor":28},{"not_picked":["Quick Slash","Cloak And Dagger"],"picked":"Terror+1","floor":29},{"not_picked":["Deflect","Night Terror"],"picked":"Poisoned Stab+1","floor":30},{"not_picked":["Acrobatics","Riddle With Holes","Dagger Spray"],"picked":"SKIP","floor":31},{"not_picked":["Phantasmal Killer","Wraith Form v2"],"picked":"A Thousand Cuts","floor":33},{"not_picked":["Quick Slash","Leg Sweep"],"picked":"PiercingWail+1","floor":35},{"not_picked":["Dagger Throw","PiercingWail+1"],"picked":"Sucker Punch+1","floor":38},{"not_picked":["Dodge and Roll","Well Laid Plans+1"],"picked":"Bane+1","floor":39}],"player_experience":168992,"relics_obtained":[{"floor":7,"key":"Pantograph"},{"floor":9,"key":"Pen Nib"},{"floor":10,"key":"Boot"},{"floor":23,"key":"Orichalcum"},{"floor":26,"key":"Centennial Puzzle"},{"floor":28,"key":"The Specimen"},{"floor":30,"key":"Bag of Marbles"}],"event_choices":[{"damage_healed":0,"gold_gain":0,"player_choice":"Entered Light","damage_taken":14,"max_hp_gain":0,"max_hp_loss":0,"event_name":"Shining Light","floor":11,"gold_loss":0,"cards_upgraded":["Defend_G","Defend_G"]},{"cards_removed":["Die Die Die"],"damage_healed":51,"gold_gain":0,"player_choice":"Offered Rare","damage_taken":0,"max_hp_gain":10,"max_hp_loss":0,"event_name":"Bonfire Elementals","floor":13,"gold_loss":0},{"damage_healed":0,"gold_gain":0,"player_choice":"Bought 0 Potions","damage_taken":0,"max_hp_gain":0,"max_hp_loss":0,"event_name":"The Woman in Blue","floor":25,"gold_loss":0},{"cards_removed":["Defend_G"],"damage_healed":0,"gold_gain":0,"player_choice":"Purged","damage_taken":0,"max_hp_gain":0,"max_hp_loss":0,"event_name":"Purifier","floor":36,"gold_loss":0}],"is_beta":false,"boss_relics":[{"not_picked":["WristBlade","Calling Bell"],"picked":"Runic Pyramid"},{"not_picked":["Astrolabe","Snecko Eye"],"picked":"HoveringKite"}],"items_purged_floors":[3,20,37],"is_endless":false,"potions_floor_spawned":[1,4,12,14,16,18,19,27,28,29,39],"killed_by":"Giant Head","ascension_level":3}