{"gold_per_floor":[114,129,146,146,146,181,181,204,227,227,43,43,76,76,76,204,204,227,81,102,102,117,117,160,160,160,360,360,71,71,90,90,210,210,226,246,346,26,26,26],"floor_reached":40,"playtime":1323,"items_purged":["Strike_R"],"score":410,"play_id":"dff7c321-1bca-47d1-b78e-61c00e1e3f0e","local_time":"20190513015837","is_ascension_mode":false,"campfire_choices":[{"data":"Armaments","floor":7,"key":"SMITH"},{"data":"Inflame","floor":10,"key":"SMITH"},{"floor":12,"key":"REST"},{"data":"Demon Form","floor":15,"key":"SMITH"},{"data":"Corruption","floor":23,"key":"SMITH"},{"data":"Disarm","floor":28,"key":"SMITH"},{"data":"Metallicize","floor":30,"key":"SMITH"},{"floor":32,"key":"REST"}],"neow_cost":"NONE","seed_source_timestamp":46155003209948,"circlet_count":0,"master_deck":["Strike_R","Strike_R","Strike_R","Strike_R","Defend_R","Defend_R","Defend_R","Defend_R","Bash","Metallicize+1","Armaments+1","Demon Form+1","Inflame+1","Feel No Pain+1","Flex","Feed","Corruption+1","Disarm+1","Reckless Charge","Headbutt","Dark Embrace","Shrug It Off"],"relics":["Black Star","Golden Idol","Ancient Tea Set","Pen Nib","Bag of Preparation","Strawberry","Happy Flower","Lantern","Sozu","Bronze Scales","FaceOfCleric","Juzu Bracelet","Champion Belt","Paper Frog","Incense Burner","Snecko Eye","Mummified Hand"],"potions_floor_usage":[16,33],"damage_taken":[{"damage":5,"enemies":"Cultist","floor":1,"turns":4},{"damage":2,"enemies":"Small Slimes","floor":2,"turns":4},{"damage":14,"enemies":"Jaw Worm","floor":3,"turns":4},{"damage":27,"enemies":"3 Sentries","floor":6,"turns":17},{"damage":2,"enemies":"Blue Slaver","floor":8,"turns":4},{"damage":21,"enemies":"Gremlin Nob","floor":13,"turns":4},{"damage":19,"enemies":"Hexaghost","floor":16,"turns":8},{"damage":4,"enemies":"Shell Parasite","floor":18,"turns":4},{"damage":5,"enemies":"Chosen","floor":20,"turns":4},{"damage":12,"enemies":"Snake Plant","floor":22,"turns":4},{"damage":18,"enemies":"Gremlin Leader","floor":24,"turns":5},{"damage":4,"enemies":"Cultist and Chosen","floor":31,"turns":5},{"damage":49,"enemies":"Collector","floor":33,"turns":6},{"damage":19,"enemies":"Orb Walker","floor":35,"turns":4},{"damage":29,"enemies":"3 Darklings","floor":36,"turns":5},{"damage":52,"enemies":"Reptomancer","floor":40,"turns":3}],"seed_played":"902812788192568168","potions_obtained":[{"floor":3,"key":"Strength Potion"},{"floor":6,"key":"Fire Potion"}],"is_trial":false,"path_per_floor":["M","M","M","?","?","E","R","M","T","R","$","R","E","$","R","B",null,"M","$","M","?","M","R","E","?","T","?","R","$","R","M","R","B",null,"M","M","?","$","$","E"],"character_chosen":"IRONCLAD","items_purchased":["Feel No Pain","Strawberry","Bronze Scales","Incense Burner","Mummified Hand"],"campfire_rested":2,"item_purchase_floors":[11,11,19,29,38],"current_hp_per_floor":[75,73,59,59,59,32,32,30,30,30,37,61,40,40,40,21,81,80,80,75,75,64,64,47,47,47,47,47,47,47,44,70,22,88,74,46,46,46,46,0],"gold":26,"neow_bonus":"BOSS_RELIC","is_prod":false,"is_daily":false,"chose_seed":false,"campfire_upgraded":6,"win_rate":0.0,"timestamp":1557727117,"path_taken":["M","M","M","?","?","E","R","M","T","R","?","R","E","$","R","BOSS","M","$","M","?","?","R","E","?","T","?","R","?","R","M","R","BOSS","M","M","?","?","$","E"],"build_version":"2019-01-23","purchased_purges":1,"victory":false,"max_hp_per_floor":[80,80,80,74,74,74,74,74,74,74,81,81,81,81,81,81,81,84,84,84,84,85,85,86,86,86,86,86,86,86,87,87,88,88,93,94,94,94,94,94],"card_choices":[{"not_picked":["Sword Boomerang","Headbutt"],"picked":"Metallicize","floor":1},{"not_picked":["Pommel Strike","True Grit"],"picked":"Armaments","floor":2},{"not_picked":["Iron Wave","Perfected Strike","Thunderclap"],"picked":"SKIP","floor":3},{"not_picked":["Clash","Iron Wave"],"picked":"Demon Form","floor":6},{"not_picked":["Twin Strike","Flex"],"picked":"Inflame","floor":8},{"not_picked":["Power Through","Body Slam"],"picked":"Flex","floor":13},{"not_picked":["Juggernaut","Brutality"],"picked":"Feed","floor":16},{"not_picked":["Heavy Blade+1","Rage+1","Burning Pact"],"picked":"SKIP","floor":18},{"not_picked":["Anger","Ghostly Armor"],"picked":"Corruption","floor":20},{"not_picked":["Metallicize","Reckless Charge"],"picked":"Disarm","floor":22},{"not_picked":["Blood for Blood","Brutality"],"picked":"Reckless Charge","floor":24},{"not_picked":["Twin Strike","Iron Wave"],"picked":"Headbutt","floor":31},{"not_picked":["Feed","Demon Form"],"picked":"Dark Embrace","floor":33},{"not_picked":["Warcry","Inflame+1"],"picked":"Shrug It Off","floor":35},{"not_picked":["Warcry","Twin Strike+1","Iron Wave"],"picked":"SKIP","floor":36}],"player_experience":15462,"relics_obtained":[{"floor":6,"key":"Ancient Tea Set"},{"floor":6,"key":"Pen Nib"},{"floor":9,"key":"Bag of Preparation"},{"floor":13,"key":"Happy Flower"},{"floor":13,"key":"Lantern"},{"floor":24,"key":"Juzu Bracelet"},{"floor":24,"key":"Champion Belt"},{"floor":26,"key":"Paper Frog"}],"event_choices":[{"damage_healed":0,"gold_gain":0,"player_choice":"Lose Max HP","damage_taken":0,"relics_obtained":["Golden Idol"],"max_hp_gain":0,"max_hp_loss":6,"event_name":"Golden Idol","floor":4,"gold_loss":0},{"damage_healed":0,"gold_gain":0,"player_choice":"Ignored","damage_taken":0,"max_hp_gain":0,"max_hp_loss":0,"event_name":"Golden Wing","floor":5,"gold_loss":0},{"damage_healed":0,"gold_gain":0,"player_choice":"Trade","damage_taken":0,"relics_obtained":["FaceOfCleric"],"max_hp_gain":0,"max_hp_loss":0,"event_name":"FaceTrader","floor":21,"gold_loss":0},{"damage_healed":0,"gold_gain":0,"player_choice":"Forge","damage_taken":0,"max_hp_gain":0,"max_hp_loss":0,"event_name":"Accursed Blacksmith","floor":25,"gold_loss":0,"cards_upgraded":["Feel No Pain"]},{"damage_healed":0,"gold_gain":250,"player_choice":"Bet on Owner","damage_taken":0,"max_hp_gain":0,"max_hp_loss":0,"event_name":"The Joust","floor":27,"gold_loss":50},{"damage_healed":0,"gold_gain":100,"player_choice":"Pray","damage_taken":0,"max_hp_gain":0,"max_hp_loss":0,"event_name":"Golden Shrine","floor":37,"gold_loss":0}],"is_beta":false,"boss_relics":[{"not_picked":["Runic Pyramid","Lizard Tail"],"picked":"Sozu"},{"not_picked":["Runic Dome","Philosopher\u0027s Stone"],"picked":"Snecko Eye"}],"items_purged_floors":[38],"is_endless":false,"potions_floor_spawned":[3,6,22,33,35],"killed_by":"Reptomancer","ascension_level":0}