{"path_per_floor":["M","?","M","?","M","$","R","M","T","R","M","R","?","M","R","B",null,"M","M","?","?","M","R","?","R","T","T","R","M","$","?","R","B",null,"M","?","M","M","$","R","?","M","T","M","$","R","M","M","R","B"],"character_chosen":"THE_SILENT","items_purchased":["Noxious Fumes","Footwork","Leg Sweep","Dodge and Roll","Footwork"],"gold_per_floor":[117,117,130,130,141,72,72,89,89,89,109,109,109,123,123,218,218,234,247,247,247,257,257,257,257,257,257,257,276,49,49,49,150,150,169,169,184,199,99,99,99,112,112,129,12,12,27,42,42,42],"floor_reached":51,"campfire_rested":1,"playtime":4405,"current_hp_per_floor":[70,70,69,69,69,69,69,67,67,67,67,67,72,71,71,60,75,62,56,56,56,53,53,53,53,53,53,53,45,45,45,45,4,75,63,63,56,55,55,55,55,55,55,59,59,59,55,35,57,18],"items_purged":["Strike_G","Strike_G"],"gold":42,"score":439,"play_id":"238580bc-b192-4db9-a3db-76686a194163","is_prod":false,"is_daily":false,"is_ascension_mode":false,"campfire_upgraded":10,"path_taken":["M","?","M","?","M","$","R","M","T","R","M","R","?","?","R","BOSS","M","M","?","?","M","R","?","R","T","?","R","?","$","?","R","BOSS","M","?","M","M","$","R","?","M","T","M","$","R","?","M","R","BOSS"],"build_version":"2018-02-15-PROD1","purchased_purges":2,"victory":true,"master_deck":["Defend_G+1","Defend_G+1","Defend_G+1","Defend_G+1","Defend_G+1","Strike_G+1","Neutralize+1","Dagger Spray+1","Skewer+1","Noxious Fumes+1","Terror+1","Dagger Spray+1","Footwork+1","Tools of the Trade","PiercingWail+1","Sucker Punch+1","Dash+1","Footwork+1","Leg Sweep","Venomology","Leg Sweep+1","Backflip","Well Laid Plans","Dodge and Roll","Footwork+1"],"max_hp_per_floor":[70,70,70,70,70,70,70,70,70,70,70,70,75,75,75,75,75,75,75,75,75,75,75,75,75,75,75,75,75,75,75,75,75,75,75,75,75,75,75,75,75,75,75,75,75,75,75,75,75,75],"relics":["Philosopher\u0027s Stone"],"card_choices":[{"not_picked":["Prepared","Caltrops"],"picked":"Dagger Spray"},{"not_picked":["Outmaneuver","Bane"],"picked":"Skewer"},{"not_picked":["Dagger Throw","Deadly Poison"],"picked":"Terror"},{"not_picked":["Quick Slash","Night Terror"],"picked":"Dagger Spray"},{"not_picked":["Predator","Escape Plan"],"picked":"Footwork"},{"not_picked":["After Image","A Thousand Cuts"],"picked":"Tools of the Trade"},{"not_picked":["Outmaneuver","Cloak And Dagger"],"picked":"PiercingWail"},{"not_picked":["Dagger Throw","Quick Slash"],"picked":"Sucker Punch"},{"not_picked":["Noxious Fumes","Skewer"],"picked":"Dash"},{"not_picked":["Corpse Explosion","Wraith Form"],"picked":"Venomology"},{"not_picked":["Escape Plan","Dash"],"picked":"Leg Sweep"},{"not_picked":["Dagger Spray","Expertise"],"picked":"Backflip"},{"not_picked":["Flying Knee","Quick Slash"],"picked":"Well Laid Plans"}],"player_experience":396500,"potions_floor_usage":[35,42,44,48,50,50,50,50],"damage_taken":[{"damage":0.0,"enemies":"Small Slimes","floor":1.0,"turns":4.0},{"damage":1.0,"enemies":"Cultist","floor":3.0,"turns":5.0},{"damage":0.0,"enemies":"2 Louse","floor":5.0,"turns":2.0},{"damage":2.0,"enemies":"Lots of Slimes","floor":8.0,"turns":3.0},{"damage":0.0,"enemies":"Large Slime","floor":11.0,"turns":4.0},{"damage":1.0,"enemies":"2 Fungi Beasts","floor":14.0,"turns":2.0},{"damage":11.0,"enemies":"Slime Boss","floor":16.0,"turns":7.0},{"damage":13.0,"enemies":"Chosen","floor":18.0,"turns":4.0},{"damage":6.0,"enemies":"Shell Parasite","floor":19.0,"turns":4.0},{"damage":3.0,"enemies":"Snake Plant","floor":22.0,"turns":4.0},{"damage":8.0,"enemies":"3 Cultists","floor":29.0,"turns":3.0},{"damage":41.0,"enemies":"Collector","floor":33.0,"turns":10.0},{"damage":12,"enemies":"3 Darklings","floor":35,"turns":6},{"damage":7,"enemies":"3 Shapes","floor":37,"turns":5},{"damage":1,"enemies":"3 Darklings","floor":38,"turns":6},{"damage":0,"enemies":"4 Shapes","floor":42,"turns":7},{"damage":11,"enemies":"Maw","floor":44,"turns":8},{"damage":4,"enemies":"Sphere and 2 Shapes","floor":47,"turns":7},{"damage":20,"enemies":"3 Darklings","floor":48,"turns":7},{"damage":39,"enemies":"Time Eater","floor":50,"turns":18}],"event_choices":[{"event_name":"Match and Keep!","player_choice":"0 cards matched","floor":2.0,"damage_taken":0.0},{"event_name":"Upgrade Shrine","player_choice":"Upgraded","floor":4.0,"damage_taken":0.0},{"event_name":"Big Fish","player_choice":"Donut","floor":13.0,"damage_taken":0.0},{"event_name":"Back to Basics","player_choice":"Simplicity","floor":20.0,"damage_taken":0.0},{"event_name":"Bonfire Elementals","player_choice":"BASIC","floor":21.0,"damage_taken":0.0},{"event_name":"Purifier","player_choice":"One Purge","floor":24.0,"damage_taken":0.0},{"event_name":"Addict","player_choice":"Ignored","floor":31.0,"damage_taken":0.0},{"event_name":"Mysterious Sphere","player_choice":"Ignore","floor":36,"damage_taken":0}],"boss_relics":[{"not_picked":[]}],"potions_floor_spawned":[5,8,14,19,29,33,47,48],"seed_played":"7167599698835081444","ascension_level":0,"is_trial":false}