{"gold_per_floor":[109,127,145,145,145,171,171,198,244,293,293,322,322,342,342,445,445,457,457,477,554,39,66,66,94,147,147,247,258,269,282,282,377,377,389,403,415,115,115,115,140,150,150,169,169,183,183,194,194,194],"floor_reached":51,"playtime":5803,"items_purged":[],"score":815,"play_id":"7e5bec62-fb35-4150-8f68-9a7dbb0513cf","local_time":"20181117001024","is_ascension_mode":true,"campfire_choices":[{"floor":7,"key":"REST"},{"floor":11,"key":"REST"},{"data":"Loop","floor":13,"key":"SMITH"},{"data":"Lockon","floor":15,"key":"SMITH"},{"data":"Creative AI","floor":24,"key":"SMITH"},{"floor":27,"key":"REST"},{"data":"Apotheosis","floor":32,"key":"SMITH"},{"floor":40,"key":"REST"},{"floor":45,"key":"REST"},{"data":"Hologram","floor":47,"key":"SMITH"},{"floor":49,"key":"REST"}],"neow_cost":"PERCENT_DAMAGE","seed_source_timestamp":55952226112964,"circlet_count":0,"master_deck":["Strike_B+1","Strike_B","Strike_B","Defend_B+1","Defend_B","Zap+1","Dualcast+1","Reinforced Body","Steam","FTL","Redo","Loop+1","Fusion","Self Repair","Lockon+1","Glacier","Creative AI+1","Compile Driver","Steam Power","Apotheosis+1","Heatsinks","Ball Lightning","Leap","Rebound+1","Sunder+1","Stack","Coolheaded","Force Field","Streamline+1","Hello World","Hologram+1","Barrage+1","Conserve Battery","Hello World+1"],"relics":["Cracked Core","Sundial","PreservedInsect","War Paint","Regal Pillow","Mercury Hourglass","Busted Crown","Bottled Tornado","Singing Bowl","Pantograph","Bag of Preparation","Strawberry","Dead Branch","Molten Egg 2","Inserter","Tiny Chest","Darkstone Periapt","Blood Vial"],"potions_floor_usage":[6,8,23,25,28,48,50,50,50],"damage_taken":[{"damage":7,"enemies":"2 Louse","floor":1,"turns":2},{"damage":0,"enemies":"Jaw Worm","floor":2,"turns":3},{"damage":0,"enemies":"Cultist","floor":3,"turns":3},{"damage":24,"enemies":"3 Sentries","floor":6,"turns":7},{"damage":15,"enemies":"Gremlin Nob","floor":8,"turns":4},{"damage":6,"enemies":"Lagavulin","floor":12,"turns":6},{"damage":11,"enemies":"Exordium Wildlife","floor":14,"turns":3},{"damage":19,"enemies":"Hexaghost","floor":16,"turns":15},{"damage":0,"enemies":"Shell Parasite","floor":18,"turns":7},{"damage":13,"enemies":"3 Byrds","floor":20,"turns":5},{"damage":32,"enemies":"Slavers","floor":23,"turns":5},{"damage":31,"enemies":"Book of Stabbing","floor":25,"turns":5},{"damage":26,"enemies":"Colosseum Slavers","floor":28,"turns":6},{"damage":24,"enemies":"Colosseum Nobs","floor":28,"turns":4},{"damage":1,"enemies":"Centurion and Healer","floor":29,"turns":6},{"damage":8,"enemies":"Cultist and Chosen","floor":30,"turns":5},{"damage":12,"enemies":"3 Cultists","floor":31,"turns":4},{"damage":22,"enemies":"Automaton","floor":33,"turns":8},{"damage":10,"enemies":"Orb Walker","floor":35,"turns":3},{"damage":25,"enemies":"3 Darklings","floor":36,"turns":4},{"damage":39,"enemies":"Spire Growth","floor":37,"turns":5},{"damage":34,"enemies":"Nemesis","floor":41,"turns":5},{"damage":23,"enemies":"Transient","floor":42,"turns":5},{"damage":23,"enemies":"Jaw Worm Horde","floor":44,"turns":7},{"damage":17,"enemies":"4 Shapes","floor":46,"turns":4},{"damage":56,"enemies":"Transient","floor":48,"turns":5},{"damage":72,"enemies":"Awakened One","floor":50,"turns":15}],"seed_played":"-1139187327579242783","potions_obtained":[{"floor":1,"key":"Swift Potion"},{"floor":6,"key":"Swift Potion"},{"floor":12,"key":"SteroidPotion"},{"floor":18,"key":"Dexterity Potion"},{"floor":20,"key":"Regen Potion"},{"floor":31,"key":"SteroidPotion"},{"floor":35,"key":"PowerPotion"},{"floor":37,"key":"Weak Potion"},{"floor":46,"key":"PowerPotion"},{"floor":48,"key":"LiquidBronze"}],"is_trial":false,"path_per_floor":["M","M","M","?","?","E","R","E","T","T","R","E","R","M","R","B",null,"M","?","M","T","$","E","R","E","T","R","?","M","M","M","R","B",null,"M","M","M","$","?","R","E","M","T","M","R","M","R","M","R","B",null],"character_chosen":"DEFECT","items_purchased":["Apotheosis","Singing Bowl","Heatsinks","Ball Lightning","Force Field","Streamline+1","Tiny Chest","Hello World"],"campfire_rested":6,"item_purchase_floors":[22,22,22,22,38,38,38,38],"current_hp_per_floor":[47,47,47,32,25,1,23,8,8,8,45,46,46,42,42,30,75,75,61,55,55,55,35,35,18,25,66,28,37,36,33,33,48,95,85,72,40,40,40,84,62,39,39,28,72,57,57,13,57,12],"gold":194,"neow_bonus":"TRANSFORM_TWO_CARDS","is_prod":false,"is_daily":false,"chose_seed":false,"campfire_upgraded":5,"win_rate":0,"timestamp":1542431424,"path_taken":["M","M","M","?","?","E","R","E","T","?","R","E","R","M","R","BOSS","M","?","M","?","$","E","R","E","T","R","?","M","?","M","R","BOSS","M","?","M","$","?","R","E","M","T","M","R","M","R","M","R","BOSS"],"build_version":"2018-11-15","purchased_purges":0,"victory":true,"max_hp_per_floor":[75,75,75,75,75,75,75,75,75,75,75,75,75,75,75,75,75,75,80,80,80,80,82,82,82,89,89,91,91,91,93,93,95,95,95,97,97,97,97,97,99,99,99,99,99,99,99,99,99,99],"card_choices":[{"not_picked":["Leap","Sweeping Beam"],"picked":"FTL","floor":1},{"not_picked":["Compile Driver","Sweeping Beam"],"picked":"Redo","floor":2},{"not_picked":["Steam Power","Meteor Strike"],"picked":"Loop","floor":3},{"not_picked":["Leap","Defragment"],"picked":"Fusion","floor":6},{"not_picked":["Cold Snap","Heatsinks"],"picked":"Self Repair","floor":8},{"not_picked":["Heatsinks","BootSequence"],"picked":"Lockon","floor":12},{"not_picked":["Coolheaded","Cold Snap"],"picked":"Glacier","floor":14},{"not_picked":["Seek","Hyperbeam"],"picked":"Creative AI","floor":16},{"not_picked":[],"picked":"Compile Driver","floor":18},{"not_picked":[],"picked":"Steam Power","floor":20},{"not_picked":["Compile Driver+1"],"picked":"Singing Bowl","floor":23},{"not_picked":[],"picked":"Leap","floor":25},{"not_picked":["Glacier"],"picked":"Singing Bowl","floor":28},{"not_picked":[],"picked":"Rebound+1","floor":29},{"not_picked":[],"picked":"Sunder+1","floor":30},{"not_picked":["Reinforced Body"],"picked":"Singing Bowl","floor":31},{"not_picked":["Creative AI"],"picked":"Singing Bowl","floor":33},{"not_picked":[],"picked":"Stack","floor":35},{"not_picked":["Recycle"],"picked":"Singing Bowl","floor":36},{"not_picked":[],"picked":"Coolheaded","floor":37},{"not_picked":["Leap"],"picked":"Singing Bowl","floor":41},{"not_picked":[],"picked":"Hologram","floor":42},{"not_picked":[],"picked":"Barrage+1","floor":44},{"not_picked":[],"picked":"Conserve Battery","floor":46},{"not_picked":[],"picked":"Hello World+1","floor":48}],"player_experience":1078287,"relics_obtained":[{"floor":6,"key":"Sundial"},{"floor":8,"key":"PreservedInsect"},{"floor":9,"key":"War Paint"},{"floor":10,"key":"Regal Pillow"},{"floor":12,"key":"Mercury Hourglass"},{"floor":21,"key":"Bottled Tornado"},{"floor":23,"key":"Pantograph"},{"floor":25,"key":"Bag of Preparation"},{"floor":26,"key":"Strawberry"},{"floor":28,"key":"Dead Branch"},{"floor":28,"key":"Molten Egg 2"},{"floor":41,"key":"Darkstone Periapt"},{"floor":43,"key":"Blood Vial"}],"event_choices":[{"damage_healed":0,"gold_gain":0,"player_choice":"Entered Light","damage_taken":15,"max_hp_gain":0,"max_hp_loss":0,"event_name":"Shining Light","floor":4,"gold_loss":0,"cards_upgraded":["Zap","Strike_B"]},{"cards_removed":["Defend_B"],"damage_healed":0,"gold_gain":0,"player_choice":"Card Removal","damage_taken":7,"max_hp_gain":0,"max_hp_loss":0,"event_name":"Golden Wing","floor":5,"gold_loss":0},{"damage_healed":0,"gold_gain":0,"player_choice":"Shed Blood","damage_taken":19,"max_hp_gain":5,"max_hp_loss":0,"event_name":"Forgotten Altar","floor":19,"gold_loss":0},{"damage_healed":0,"gold_gain":0,"player_choice":"Fight","damage_taken":0,"max_hp_gain":0,"max_hp_loss":0,"event_name":"Colosseum","floor":28,"gold_loss":0},{"damage_healed":0,"gold_gain":0,"player_choice":"Fought Nobs","damage_taken":0,"max_hp_gain":0,"max_hp_loss":0,"event_name":"Colosseum","floor":28,"gold_loss":0},{"damage_healed":0,"gold_gain":0,"player_choice":"Ignored","damage_taken":0,"max_hp_gain":0,"max_hp_loss":0,"event_name":"The Moai Head","floor":39,"gold_loss":0}],"is_beta":false,"boss_relics":[{"not_picked":["FrozenCore","Sozu"],"picked":"Busted Crown"},{"not_picked":["Black Star","Velvet Choker"],"picked":"Inserter"}],"items_purged_floors":[],"is_endless":false,"potions_floor_spawned":[1,6,12,18,20,28,31,35,37,46,48],"ascension_level":3}