{"gold_per_floor":[114,114,124,56,56,85,98,98,122,152,169,18,45,60,60,158,158,174,192,206,72,92,92,121,121,148,148,178,188,202,225,225,320,320,334],"floor_reached":35,"playtime":2281,"items_purged":["Strike_G","Strike_G"],"score":511,"play_id":"16fc1db3-344a-44aa-ae85-0fc1788573b7","local_time":"20190512162959","is_ascension_mode":true,"campfire_choices":[{"data":"Cloak And Dagger","floor":8,"key":"SMITH"},{"floor":15,"key":"REST"},{"data":"A Thousand Cuts","floor":23,"key":"SMITH"},{"data":"Footwork","floor":25,"key":"SMITH"},{"floor":32,"key":"REST"}],"neow_cost":"NONE","seed_source_timestamp":511048614627700,"circlet_count":0,"master_deck":["Defend_G+1","Defend_G+1","Defend_G+1","Defend_G+1","Defend_G+1","Survivor","Neutralize+1","Dodge and Roll","Backflip+1","Caltrops","Cloak And Dagger+1","Dagger Throw","Slice","Sucker Punch","Infinite Blades","A Thousand Cuts+1","Terror","Corpse Explosion","Caltrops+1","Sucker Punch+1","Dagger Throw+1","Poisoned Stab+1","PiercingWail","All Out Attack+1","Footwork+1","Escape Plan+1","Footwork","Finisher","Calculated Gamble","Catalyst"],"relics":["Ring of the Serpent","NeowsBlessing","Regal Pillow","Ninja Scroll","Oddly Smooth Stone","Peace Pipe","Vajra","Astrolabe","Torii","War Paint","Omamori"],"potions_floor_usage":[13,13,14,33,33,33],"damage_taken":[{"damage":0,"enemies":"Small Slimes","floor":1,"turns":1},{"damage":0,"enemies":"2 Louse","floor":3,"turns":1},{"damage":0,"enemies":"Lagavulin","floor":6,"turns":2},{"damage":0,"enemies":"Cultist","floor":7,"turns":4},{"damage":14,"enemies":"3 Sentries","floor":10,"turns":8},{"damage":1,"enemies":"Exordium Thugs","floor":11,"turns":5},{"damage":13,"enemies":"Lagavulin","floor":13,"turns":6},{"damage":19,"enemies":"Gremlin Gang","floor":14,"turns":5},{"damage":17,"enemies":"Slime Boss","floor":16,"turns":8},{"damage":0,"enemies":"3 Byrds","floor":18,"turns":4},{"damage":5,"enemies":"Chosen","floor":19,"turns":4},{"damage":16,"enemies":"Snecko","floor":20,"turns":4},{"damage":10,"enemies":"Cultist and Chosen","floor":22,"turns":3},{"damage":4,"enemies":"Slavers","floor":24,"turns":2},{"damage":9,"enemies":"Gremlin Leader","floor":28,"turns":6},{"damage":3,"enemies":"Shelled Parasite and Fungi","floor":29,"turns":5},{"damage":18,"enemies":"Snake Plant","floor":30,"turns":3},{"damage":29,"enemies":"Collector","floor":33,"turns":9},{"damage":0,"enemies":"3 Shapes","floor":35,"turns":5}],"seed_played":"-1882505680552029854","potions_obtained":[{"floor":3,"key":"AttackPotion"},{"floor":6,"key":"FearPotion"},{"floor":11,"key":"PowerPotion"},{"floor":13,"key":"FearPotion"},{"floor":14,"key":"Strength Potion"},{"floor":18,"key":"Dexterity Potion"},{"floor":24,"key":"Energy Potion"},{"floor":33,"key":"Poison Potion"}],"is_trial":false,"path_per_floor":["M","?","M","$","?","E","M","R","T","E","M","$","E","M","R","B",null,"M","M","M","$","M","R","E","R","T","?","E","M","M","T","R","B",null,"M"],"character_chosen":"THE_SILENT","items_purchased":["Caltrops","Infinite Blades","Footwork"],"campfire_rested":2,"item_purchase_floors":[4,12,21],"current_hp_per_floor":[70,67,67,67,67,67,67,67,67,53,52,52,39,20,56,39,70,70,65,49,49,39,39,35,35,35,35,26,23,5,5,41,12,70,70],"gold":334,"neow_bonus":"THREE_ENEMY_KILL","is_prod":false,"is_daily":false,"chose_seed":false,"campfire_upgraded":3,"win_rate":0,"timestamp":1557658799,"path_taken":["M","?","M","$","?","E","M","R","T","E","?","?","E","M","R","BOSS","M","?","M","$","M","R","E","R","T","?","E","M","M","?","R","BOSS","M"],"build_version":"2019-01-23","purchased_purges":2,"victory":false,"max_hp_per_floor":[70,70,70,70,70,70,70,70,70,70,70,70,70,70,70,70,70,70,70,70,70,70,70,70,70,70,70,70,70,70,70,70,70,70,70],"card_choices":[{"not_picked":["Concentrate","Finisher"],"picked":"Dodge and Roll","floor":1},{"not_picked":["Deadly Poison","Setup"],"picked":"Backflip","floor":3},{"not_picked":["Poisoned Stab","Deflect"],"picked":"Cloak And Dagger","floor":6},{"not_picked":["Prepared","Distraction"],"picked":"Dagger Throw","floor":7},{"not_picked":["Venomology","Concentrate"],"picked":"Slice","floor":10},{"not_picked":["Underhanded Strike","Expertise"],"picked":"Sucker Punch","floor":11},{"not_picked":["Finisher","Flechettes"],"picked":"A Thousand Cuts","floor":13},{"not_picked":["Expertise","Skewer"],"picked":"Terror","floor":14},{"not_picked":["Night Terror","Unload"],"picked":"Corpse Explosion","floor":16},{"not_picked":["Backstab","Underhanded Strike"],"picked":"Poisoned Stab+1","floor":18},{"not_picked":["Prepared","Bane+1"],"picked":"PiercingWail","floor":19},{"not_picked":["Poisoned Stab","Blade Dance"],"picked":"All Out Attack+1","floor":20},{"not_picked":["Outmaneuver","Setup","Sucker Punch"],"picked":"SKIP","floor":22},{"not_picked":["Die Die Die","Skewer"],"picked":"Escape Plan+1","floor":24},{"not_picked":["Dagger Spray","Endless Agony"],"picked":"Footwork","floor":28},{"not_picked":["Deflect+1","Flechettes"],"picked":"Finisher","floor":29},{"not_picked":["Underhanded Strike","Footwork"],"picked":"Calculated Gamble","floor":30},{"not_picked":["Infinite Blades","Heel Hook"],"picked":"Catalyst","floor":35}],"player_experience":166711,"relics_obtained":[{"floor":6,"key":"Ninja Scroll"},{"floor":9,"key":"Oddly Smooth Stone"},{"floor":10,"key":"Peace Pipe"},{"floor":13,"key":"Vajra"},{"floor":24,"key":"Torii"},{"floor":26,"key":"War Paint"},{"floor":28,"key":"Omamori"}],"event_choices":[{"damage_healed":0,"gold_gain":0,"player_choice":"Success","damage_taken":3,"relics_obtained":["Regal Pillow"],"max_hp_gain":0,"max_hp_loss":0,"event_name":"Scrap Ooze","floor":2,"gold_loss":0},{"damage_healed":0,"gold_gain":0,"player_choice":"Upgraded","damage_taken":0,"max_hp_gain":0,"max_hp_loss":0,"event_name":"Upgrade Shrine","floor":5,"gold_loss":0,"cards_upgraded":["Neutralize"]},{"damage_healed":0,"gold_gain":0,"player_choice":"Simplicity","damage_taken":0,"max_hp_gain":0,"max_hp_loss":0,"event_name":"Back to Basics","floor":27,"gold_loss":0,"cards_upgraded":["Defend_G","Defend_G","Defend_G","Defend_G"]}],"is_beta":false,"boss_relics":[{"not_picked":["HoveringKite","Eternal Feather"],"picked":"Astrolabe"},{"not_picked":["WristBlade","Runic Pyramid"],"picked":"Ring of the Serpent"}],"items_purged_floors":[12,21],"is_endless":false,"potions_floor_spawned":[3,6,11,13,14,18,19,24,29,33],"killed_by":"3 Shapes","ascension_level":3}