{"path_per_floor":["M","?","?","?","$","R","E","R","T","M","M","?","$","?","R","B",null,"M","$","?","?","?","R","M","R","T","?","R","?","?","E","R","B",null,"M","?","$","T","?","R","M","R","T","R","?","M","$","?","R","B"],"character_chosen":"THE_SILENT","items_purchased":["Dagger Spray","Leg Sweep","Well Laid Plans","Ancient Tea Set","Snake Skull","Footwork","Catalyst"],"gold_per_floor":[116,291,291,291,168,168,206,206,230,246,265,265,50,50,50,171,171,194,50,50,50,50,50,73,73,73,73,73,73,73,103,103,204,204,222,222,39,39,0,0,10,10,37,37,37,52,13,60,60,60],"floor_reached":51,"campfire_rested":2,"playtime":3607,"current_hp_per_floor":[61,61,66,66,66,66,36,36,36,36,34,20,20,17,37,37,61,47,47,47,31,31,51,51,51,51,51,51,69,69,69,69,51,65,69,69,69,69,69,69,69,69,69,69,69,69,69,69,69,61],"items_purged":["Doubt","Strike_G"],"gold":60,"score":761,"play_id":"6cbd8f35-bf7e-4d10-9060-d31dbedf5bbf","is_prod":false,"is_daily":false,"is_ascension_mode":true,"campfire_upgraded":9,"path_taken":["M","?","?","?","$","R","E","R","T","M","M","?","?","?","R","BOSS","M","$","?","?","?","R","M","R","T","?","R","?","?","E","R","BOSS","M","?","$","?","?","R","M","R","T","R","?","M","$","?","R","BOSS"],"build_version":"2018-02-08-PROD1","purchased_purges":4,"victory":true,"master_deck":["Defend_G+1","Defend_G+1","Defend_G+1","Defend_G+1","Defend_G+1","Strike_G+1","Strike_G+1","Strike_G+1","Strike_G+1","Survivor","Neutralize+1","Noxious Fumes+1","Dagger Spray+1","Expertise+1","Deflect","Escape Plan","Leg Sweep","Well Laid Plans+1","Adrenaline+1","Crippling Poison+1","Cloak And Dagger+1","Dash+1","Tools of the Trade","Sucker Punch","Escape Plan","Footwork+1","Deadly Poison+1","Parasite","Good Instincts","Quick Slash","Catalyst+1","Prepared+1"],"max_hp_per_floor":[70,70,75,69,69,69,69,69,69,69,69,69,69,69,69,69,69,69,69,69,69,69,69,69,69,69,69,69,69,69,69,69,69,69,69,69,69,69,69,69,69,69,69,69,69,69,69,69,69,69],"relics":["Ring of the Snake","Juzu Bracelet","Bloody Idol","Ninja Scroll","Happy Flower","Vajra","Philosopher\u0027s Stone","Ancient Tea Set","Nilry\u0027s Codex","Frozen Eye","Bag of Marbles","Cursed Key","Snake Skull","Red Mask","Singing Bowl","Calipers"],"card_choices":[{"not_picked":["PiercingWail","Acrobatics"],"picked":"Noxious Fumes"},{"not_picked":["Dodge and Roll","Catalyst"],"picked":"Expertise"},{"not_picked":["Setup","Heel Hook"],"picked":"Deflect"},{"not_picked":["Heel Hook","Distraction"],"picked":"Escape Plan"},{"not_picked":["Die Die Die","Wraith Form"],"picked":"Adrenaline"},{"not_picked":["Choke","Outmaneuver"],"picked":"Crippling Poison"},{"not_picked":["Poisoned Stab","Deflect"],"picked":"Cloak And Dagger"},{"not_picked":["Backstab","Concentrate"],"picked":"Dash"},{"not_picked":["Unload","Doppelganger"],"picked":"Tools of the Trade"},{"not_picked":["PiercingWail","Eviscerate"],"picked":"Sucker Punch"},{"not_picked":["Outmaneuver","Bullet Time"],"picked":"Deadly Poison"},{"not_picked":["Slice","Eviscerate"],"picked":"Quick Slash"},{"not_picked":["All Out Attack","Sucker Punch"],"picked":"Prepared"}],"player_experience":234155,"potions_floor_usage":[16,31,50,50],"damage_taken":[{"damage":2,"enemies":"Cultist","floor":1,"turns":4},{"damage":30,"enemies":"Gremlin Nob","floor":7,"turns":6},{"damage":0,"enemies":"Small Slimes","floor":10,"turns":3},{"damage":2,"enemies":"Jaw Worm","floor":11,"turns":3},{"damage":0,"enemies":"The Guardian","floor":16,"turns":12},{"damage":14,"enemies":"Spheric Guardian","floor":18,"turns":6},{"damage":0,"enemies":"Chosen","floor":24,"turns":3},{"damage":0,"enemies":"Gremlin Leader","floor":31,"turns":5},{"damage":23,"enemies":"Collector","floor":33,"turns":8},{"damage":0,"enemies":"3 Shapes","floor":35,"turns":4},{"damage":0,"enemies":"Orb Walker","floor":41,"turns":2},{"damage":0,"enemies":"3 Darklings","floor":46,"turns":3},{"damage":0,"enemies":"Mysterious Sphere","floor":48,"turns":3},{"damage":8,"enemies":"Donu and Deca","floor":50,"turns":8}],"event_choices":[{"event_name":"Liars Game","player_choice":"agreed","floor":2,"damage_taken":0},{"event_name":"Big Fish","player_choice":"Donut","floor":3,"damage_taken":0},{"event_name":"Golden Idol","player_choice":"Lose Max HP","floor":4,"damage_taken":0},{"event_name":"Shining Light","player_choice":"Entered Light","floor":12,"damage_taken":0},{"event_name":"Scrap Ooze","player_choice":"success","floor":14,"damage_taken":3},{"event_name":"Back to Basics","player_choice":"Simplicity","floor":20,"damage_taken":0},{"event_name":"Cursed Tome","player_choice":"Obtained Book","floor":21,"damage_taken":0},{"event_name":"Beggar","player_choice":"Ignored","floor":22,"damage_taken":0},{"event_name":"The Lab","player_choice":"Got Potions","floor":27,"damage_taken":0},{"event_name":"The Library","player_choice":"Heal","floor":29,"damage_taken":0},{"event_name":"Forgotten Altar","player_choice":"Gave Idol","floor":30,"damage_taken":0},{"event_name":"Duplicator","player_choice":"One dupe","floor":36,"damage_taken":0},{"event_name":"Tomb of Lord Red Mask","player_choice":"Paid","floor":39,"damage_taken":0},{"event_name":"Match and Keep!","player_choice":"1 cards matched","floor":45,"damage_taken":0},{"event_name":"Mysterious Sphere","player_choice":"Fight","floor":48,"damage_taken":0}],"boss_relics":[{"not_picked":["Velvet Choker","The Specimen"],"picked":"Philosopher\u0027s Stone"},{"not_picked":["Runic Dome","Question Card"],"picked":"Cursed Key"}],"potions_floor_spawned":[1,10,24,35],"seed_played":"885820532489273972","ascension_level":8,"is_trial":false}