{"path_per_floor":["M","M","M","?","M","R","$","R","T","?","R","M","E","M","R","B",null,"M","T","$","?","T","R","?","R","T","$","R","M","E","M","R","B",null,"M","M","M","?","?","R","M","R","T","R","M","?","M","E","R","B"],"character_chosen":"THE_SILENT","items_purchased":["Noxious Fumes"],"gold_per_floor":[213,226,240,240,256,256,104,104,184,184,184,199,262,273,273,376,376,301,301,201,201,201,201,201,201,201,76,76,76,76,76,76,76,76,76,76,76,76,0,0,0,0,0,0,0,0,0,0,0,0],"floor_reached":51,"campfire_rested":1,"playtime":3715,"current_hp_per_floor":[70,70,70,67,63,63,63,63,63,68,68,68,68,64,64,48,75,67,67,67,53,53,53,53,53,53,53,53,50,38,38,62,22,80,80,74,67,80,80,80,80,80,80,80,80,80,80,80,80,71],"items_purged":["Strike_G","Defend_G","Strike_G"],"gold":0,"score":721,"play_id":"dce5aaf3-5fd2-44dd-8ae3-19553b624619","local_time":"20180315142315","is_prod":false,"is_daily":false,"is_ascension_mode":false,"campfire_upgraded":11,"timestamp":1521145395,"path_taken":["M","M","M","?","M","R","$","R","T","?","R","M","E","M","R","BOSS","M","?","$","?","?","R","?","R","T","$","R","?","E","M","R","BOSS","M","M","M","?","?","R","M","R","T","R","M","?","M","E","R","BOSS"],"build_version":"2018-03-09","purchased_purges":3,"victory":true,"master_deck":["Defend_G","Defend_G","Defend_G","Defend_G+1","Strike_G","Strike_G","Strike_G","Survivor+1","Neutralize+1","Predator+1","Cloak And Dagger+1","Cloak And Dagger+1","Dagger Throw+1","Noxious Fumes+1","Cloak And Dagger+1","Prepared+1","Noxious Fumes+1","Terror+1","Backflip+1","Escape Plan+1","Venomology+1","Quick Slash+1","Blur+1","Writhe","Acrobatics+1","Tools of the Trade+1","Cloak And Dagger+1","Footwork+1"],"max_hp_per_floor":[70,70,70,70,70,70,70,70,70,75,75,75,75,75,75,75,75,75,75,75,80,80,80,80,80,80,80,80,80,80,80,80,80,80,80,80,80,80,80,80,80,80,80,80,80,80,80,80,80,80],"relics":["Ring of the Snake","Happy Flower","Toxic Egg 2","Tiny Chest","Ectoplasm","Ancient Tea Set","Bottled Flame","Lantern","Oddly Smooth Stone","Sozu","Red Mask","Bottled Lightning","Old Coin","Gremlin Horn"],"card_choices":[{"not_picked":["Slice","Dodge and Roll"],"picked":"Predator"},{"not_picked":["Bane","Quick Slash"],"picked":"Cloak And Dagger"},{"not_picked":["Outmaneuver","Underhanded Strike"],"picked":"Cloak And Dagger"},{"not_picked":["Accuracy","Eviscerate"],"picked":"Dagger Throw"},{"not_picked":["Flying Knee","Dagger Throw"],"picked":"Cloak And Dagger"},{"not_picked":["Quick Slash","Deflect"],"picked":"Prepared"},{"not_picked":["Venomology","Outmaneuver"],"picked":"Noxious Fumes"},{"not_picked":["All Out Attack","Setup"],"picked":"Terror"},{"not_picked":["All Out Attack","Deflect"],"picked":"Backflip"},{"not_picked":["Setup","Cloak And Dagger"],"picked":"Escape Plan"},{"not_picked":["Corpse Explosion","Wraith Form"],"picked":"Venomology"},{"not_picked":["Deflect","Masterful Stab"],"picked":"Quick Slash"},{"not_picked":["PiercingWail","Dodge and Roll"],"picked":"Blur"},{"not_picked":["Blade Dance","Outmaneuver"],"picked":"Acrobatics"},{"not_picked":["Poisoned Stab","Sucker Punch"],"picked":"Tools of the Trade"},{"not_picked":["Sucker Punch","Accuracy"],"picked":"Cloak And Dagger"},{"not_picked":["Heel Hook","Bane"],"picked":"Footwork"}],"player_experience":634004,"potions_floor_usage":[13,33,50,50],"damage_taken":[{"damage":0.0,"enemies":"2 Louse","floor":1.0,"turns":3.0},{"damage":0.0,"enemies":"Jaw Worm","floor":2.0,"turns":4.0},{"damage":0.0,"enemies":"Small Slimes","floor":3.0,"turns":2.0},{"damage":4.0,"enemies":"Exordium Thugs","floor":5.0,"turns":6.0},{"damage":0,"enemies":"Large Slime","floor":12,"turns":4},{"damage":0,"enemies":"3 Sentries","floor":13,"turns":5},{"damage":4,"enemies":"Blue Slaver","floor":14,"turns":3},{"damage":16,"enemies":"Hexaghost","floor":16,"turns":8},{"damage":8,"enemies":"2 Thieves","floor":18,"turns":4},{"damage":3,"enemies":"3 Byrds","floor":29,"turns":4},{"damage":12,"enemies":"Book of Stabbing","floor":30,"turns":5},{"damage":0,"enemies":"Centurion and Healer","floor":31,"turns":4},{"damage":40,"enemies":"Collector","floor":33,"turns":8},{"damage":0,"enemies":"3 Shapes","floor":35,"turns":5},{"damage":6,"enemies":"3 Darklings","floor":36,"turns":6},{"damage":7,"enemies":"Maw","floor":37,"turns":7},{"damage":0,"enemies":"Sphere and 2 Shapes","floor":41,"turns":5},{"damage":0,"enemies":"4 Shapes","floor":45,"turns":4},{"damage":0,"enemies":"Mysterious Sphere","floor":46,"turns":6},{"damage":0,"enemies":"3 Darklings","floor":47,"turns":4},{"damage":0,"enemies":"Giant Head","floor":48,"turns":7},{"damage":9,"enemies":"Donu and Deca","floor":50,"turns":10}],"event_choices":[{"event_name":"Scrap Ooze","player_choice":"success","floor":4.0,"damage_taken":3.0},{"event_name":"Big Fish","player_choice":"Donut","floor":10,"damage_taken":0},{"event_name":"Forgotten Altar","player_choice":"Shed Blood","floor":21,"damage_taken":0},{"event_name":"Drug Dealer","player_choice":"Ignored","floor":24,"damage_taken":0},{"event_name":"Winding Halls","player_choice":"Writhe","floor":38,"damage_taken":0},{"event_name":"Tomb of Lord Red Mask","player_choice":"Paid","floor":39,"damage_taken":0},{"event_name":"Mysterious Sphere","player_choice":"Fight","floor":46,"damage_taken":0}],"boss_relics":[{"not_picked":["Philosopher\u0027s Stone","Orrery"],"picked":"Ectoplasm"},{"not_picked":["Lizard Tail","The Specimen"],"picked":"Sozu"}],"potions_floor_spawned":[2,3,12,14,16,31,33,35,41,46,48],"seed_played":"8184980555136307765","ascension_level":0,"is_trial":false}