{"gold_per_floor":[114,114,64,64,64,108,108,30,55,79,79],"floor_reached":11,"playtime":464,"items_purged":[],"score":76,"play_id":"4c4b6a50-9efa-401f-ae8a-2142d5660713","local_time":"20190510155731","is_ascension_mode":true,"campfire_choices":[],"neow_cost":"TEN_PERCENT_HP_LOSS","seed_source_timestamp":26594074685697,"circlet_count":0,"master_deck":["Strike_B","Strike_B","Defend_B","Defend_B","Defend_B","Defend_B","Zap","Dualcast","Ball Lightning","Skim","Defragment","Ball Lightning"],"relics":["Cracked Core","Bird Faced Urn","Bag of Marbles","Golden Idol","Sundial","Art of War"],"potions_floor_usage":[6],"damage_taken":[{"damage":0,"enemies":"Small Slimes","floor":1,"turns":3},{"damage":25,"enemies":"3 Sentries","floor":6,"turns":6},{"damage":6,"enemies":"2 Louse","floor":10,"turns":3},{"damage":10,"enemies":"Gremlin Nob","floor":11,"turns":2}],"seed_played":"-5247599099585623267","potions_obtained":[{"floor":1,"key":"Explosive Potion"}],"is_trial":false,"path_per_floor":["M","?","?","?","?","E","T","$","T","M","E"],"character_chosen":"DEFECT","items_purchased":["Defragment"],"campfire_rested":0,"item_purchase_floors":[8],"current_hp_per_floor":[68,61,61,44,37,12,12,12,12,8,0],"gold":79,"neow_bonus":"ONE_RARE_RELIC","is_prod":false,"is_daily":false,"chose_seed":false,"campfire_upgraded":0,"win_rate":0,"timestamp":1557521851,"path_taken":["M","?","?","?","?","E","?","$","T","M","E"],"build_version":"2019-01-23","purchased_purges":0,"victory":false,"max_hp_per_floor":[68,68,68,68,68,68,68,68,68,68,68],"card_choices":[{"not_picked":["Leap","Reinforced Body"],"picked":"Ball Lightning","floor":1},{"not_picked":["Aggregate","Stack"],"picked":"Skim","floor":6},{"not_picked":["Sweeping Beam","Barrage"],"picked":"Ball Lightning","floor":10}],"player_experience":173961,"relics_obtained":[{"floor":6,"key":"Sundial"},{"floor":9,"key":"Art of War"}],"event_choices":[{"damage_healed":0,"gold_gain":0,"player_choice":"Success","damage_taken":7,"relics_obtained":["Bag of Marbles"],"max_hp_gain":0,"max_hp_loss":0,"event_name":"Scrap Ooze","floor":2,"gold_loss":0},{"cards_removed":["Strike_B"],"damage_healed":0,"gold_gain":0,"player_choice":"Card Removal","damage_taken":0,"max_hp_gain":0,"max_hp_loss":0,"event_name":"The Cleric","floor":3,"gold_loss":50},{"damage_healed":0,"gold_gain":0,"player_choice":"Take Damage","damage_taken":17,"relics_obtained":["Golden Idol"],"max_hp_gain":0,"max_hp_loss":0,"event_name":"Golden Idol","floor":4,"gold_loss":0},{"cards_removed":["Strike_B"],"damage_healed":0,"gold_gain":0,"player_choice":"Card Removal","damage_taken":7,"max_hp_gain":0,"max_hp_loss":0,"event_name":"Golden Wing","floor":5,"gold_loss":0}],"is_beta":false,"boss_relics":[],"items_purged_floors":[],"is_endless":false,"potions_floor_spawned":[1],"killed_by":"Gremlin Nob","ascension_level":2}