{"path_per_floor":["M","?","?","$","M","R","M","M","T","R","E","R","E","M","R","B",null,"M","?","?","M","$","R","M","R","T","M","M","?","$","M","R","B",null,"M","$"],"character_chosen":"THE_SILENT","items_purchased":["Noxious Fumes","Shuriken","Dash"],"gold_per_floor":[119,119,89,20,30,30,45,57,57,57,90,90,116,127,127,222,222,232,232,232,245,3,3,14,14,38,54,66,66,66,79,79,175,175,195,45],"floor_reached":37,"campfire_rested":1,"playtime":2910,"current_hp_per_floor":[63,63,63,63,63,63,63,62,62,62,42,42,45,36,36,21,61,47,47,31,25,25,33,30,38,38,31,29,29,29,16,46,8,58,24,24],"items_purged":["Strike_G"],"gold":45,"score":510,"play_id":"c1a4e17d-fd35-486b-9499-fa74c0ca17ea","is_prod":false,"is_daily":false,"is_ascension_mode":true,"campfire_upgraded":6,"path_taken":["M","?","?","$","M","R","M","M","T","R","E","R","E","?","R","BOSS","M","?","?","M","$","R","?","R","T","M","M","?","?","M","R","BOSS","M","$","?"],"build_version":"2018-02-08-PROD1","purchased_purges":1,"victory":false,"master_deck":["Defend_G","Defend_G","Defend_G","Defend_G","Defend_G","Strike_G+1","Strike_G","Strike_G","Strike_G+1","Survivor","Neutralize+1","Backflip","Noxious Fumes+1","Dagger Spray+1","Flying Knee","Dagger Spray+1","Backstab+1","Bane","Glass Knife+1","Malaise+1","Distraction+1","PiercingWail+1","Escape Plan","Venomology","Dodge and Roll+1","Dash"],"max_hp_per_floor":[70,67,67,67,67,67,67,67,67,67,67,67,74,74,74,74,74,74,74,74,74,74,74,74,74,74,74,74,74,74,74,74,74,74,74,74],"relics":["Ring of the Snake","Ancient Tea Set","Vajra","Strawberry","Eternal Feather","Enchiridion","Shuriken","Whetstone","Philosopher\u0027s Stone"],"card_choices":[{"not_picked":["Blur","Well Laid Plans"],"picked":"Backflip"},{"not_picked":["Blur","Masterful Stab"],"picked":"Dagger Spray"},{"not_picked":["Outmaneuver","Backstab"],"picked":"Flying Knee"},{"not_picked":["Poisoned Stab","Malaise"],"picked":"Dagger Spray"},{"not_picked":["Outmaneuver","Dodge and Roll"],"picked":"Backstab"},{"not_picked":["Eviscerate","Slice"],"picked":"Bane"},{"not_picked":["Bullet Time","Doppelganger"],"picked":"Glass Knife"},{"not_picked":["Bane","Dagger Spray"],"picked":"Malaise"},{"not_picked":["Blur","Sucker Punch"],"picked":"Distraction"},{"not_picked":["Quick Slash","Concentrate"],"picked":"PiercingWail"},{"not_picked":["Distraction","Dagger Spray"],"picked":"Escape Plan"},{"not_picked":["Storm of Steel","Phantasmal Killer"],"picked":"Venomology"},{"not_picked":["Deflect","Bane"],"picked":"Dodge and Roll"}],"player_experience":252204,"potions_floor_usage":[33,33],"damage_taken":[{"damage":0.0,"enemies":"2 Louse","floor":1.0,"turns":5.0},{"damage":0.0,"enemies":"Small Slimes","floor":5.0,"turns":5.0},{"damage":0.0,"enemies":"Jaw Worm","floor":7.0,"turns":5.0},{"damage":1.0,"enemies":"2 Fungi Beasts","floor":8.0,"turns":4.0},{"damage":20.0,"enemies":"Lagavulin","floor":11.0,"turns":6.0},{"damage":4.0,"enemies":"3 Sentries","floor":13.0,"turns":4.0},{"damage":9.0,"enemies":"Red Slaver","floor":14.0,"turns":4.0},{"damage":15.0,"enemies":"Slime Boss","floor":16.0,"turns":8.0},{"damage":14.0,"enemies":"Spheric Guardian","floor":18.0,"turns":4.0},{"damage":6.0,"enemies":"2 Thieves","floor":21.0,"turns":4.0},{"damage":3.0,"enemies":"Snake Plant","floor":24.0,"turns":4.0},{"damage":7.0,"enemies":"Cultist and Chosen","floor":27.0,"turns":4.0},{"damage":2.0,"enemies":"Snecko","floor":28.0,"turns":4.0},{"damage":13.0,"enemies":"Slaver and Parasite","floor":31.0,"turns":5.0},{"damage":38,"enemies":"Automaton","floor":33,"turns":11},{"damage":34,"enemies":"3 Shapes","floor":35,"turns":4},{"damage":25,"enemies":"Mysterious Sphere","floor":37,"turns":3}],"event_choices":[{"event_name":"Living Wall","player_choice":"Forget","floor":2.0,"damage_taken":0.0},{"event_name":"The Woman in Blue","player_choice":"Bought 2 Potions","floor":3.0,"damage_taken":0.0},{"event_name":"Accursed Blacksmith","player_choice":"Forge","floor":19.0,"damage_taken":0.0},{"event_name":"Cursed Tome","player_choice":"Obtained Book","floor":20.0,"damage_taken":0.0},{"event_name":"Addict","player_choice":"Ignored","floor":29.0,"damage_taken":0.0},{"event_name":"Mysterious Sphere","player_choice":"Fight","floor":37,"damage_taken":0}],"boss_relics":[{"not_picked":["Orrery","Question Card"],"picked":"Philosopher\u0027s Stone"}],"potions_floor_spawned":[1,7,11,14,21,24,31,33],"seed_played":"-817279345141708426","killed_by":"Mysterious Sphere","ascension_level":11,"is_trial":false}