{"gold_per_floor":[218,143,159,159,177,177,205,205,205,240,240,240,254,274,274,377,377,377,377,377,377,377,377,377,377,377,377,377,377,377],"floor_reached":30,"playtime":2231,"items_purged":["Strike_R"],"score":290,"play_id":"b276be30-1741-433c-877c-e5c2e7527d8b","local_time":"20181214002332","is_ascension_mode":true,"campfire_choices":[{"data":"Clothesline","floor":6,"key":"SMITH"},{"floor":8,"key":"REST"},{"data":"Searing Blow","floor":11,"key":"SMITH"},{"data":"Searing Blow+1","floor":15,"key":"SMITH"},{"floor":23,"key":"REST"},{"floor":28,"key":"RECALL"}],"neow_cost":"NONE","seed_source_timestamp":26802280311240,"circlet_count":0,"master_deck":["Strike_R+1","Strike_R+1","Strike_R+1","Strike_R+1","Defend_R+1","Defend_R+1","Defend_R+1","Defend_R+1","Bash","Ghostly Armor","Shrug It Off","Clothesline+1","Searing Blow+2","Metallicize","Demon Form","Thunderclap+1","Evolve","Twin Strike","Heavy Blade+1","Armaments+1","Uppercut+1"],"relics":["Burning Blood","Ancient Tea Set","Vajra","Boot","Ectoplasm","Gremlin Horn"],"potions_floor_usage":[16,16,21,24],"damage_taken":[{"damage":6,"enemies":"Cultist","floor":1,"turns":3},{"damage":2,"enemies":"Jaw Worm","floor":3,"turns":3},{"damage":0,"enemies":"Small Slimes","floor":5,"turns":4},{"damage":28,"enemies":"Lagavulin","floor":7,"turns":8},{"damage":16,"enemies":"Gremlin Nob","floor":10,"turns":4},{"damage":8,"enemies":"Blue Slaver","floor":13,"turns":2},{"damage":8,"enemies":"Large Slime","floor":14,"turns":6},{"damage":61,"enemies":"Slime Boss","floor":16,"turns":14},{"damage":24,"enemies":"Shell Parasite","floor":18,"turns":5},{"damage":12,"enemies":"Chosen","floor":19,"turns":4},{"damage":35,"enemies":"Sentry and Sphere","floor":20,"turns":6},{"damage":17,"enemies":"Shelled Parasite and Fungi","floor":21,"turns":3},{"damage":38,"enemies":"Slavers","floor":24,"turns":5},{"damage":2,"enemies":"3 Cultists","floor":25,"turns":5},{"damage":9,"enemies":"Centurion and Healer","floor":27,"turns":5},{"damage":7,"enemies":"Snecko","floor":29,"turns":4},{"damage":8,"enemies":"Snake Plant","floor":30,"turns":1}],"seed_played":"-3486195807312969430","potions_obtained":[{"floor":1,"key":"Block Potion"},{"floor":4,"key":"SmokeBomb"},{"floor":4,"key":"PowerPotion"},{"floor":16,"key":"Ancient Potion"},{"floor":18,"key":"EssenceOfSteel"},{"floor":25,"key":"Swift Potion"},{"floor":27,"key":"Energy Potion"}],"is_trial":false,"path_per_floor":["M","$","M","?","M","R","E","R","T","E","R","$","M","M","R","B",null,"M","M","M","M","?","R","E","M","T","M","R","M","M"],"character_chosen":"IRONCLAD","items_purchased":[],"campfire_rested":2,"item_purchase_floors":[],"current_hp_per_floor":[80,80,80,80,80,80,58,80,80,70,70,70,68,66,66,11,80,62,56,27,16,16,40,8,12,12,9,9,8,0],"gold":377,"neow_bonus":"HUNDRED_GOLD","is_prod":false,"is_daily":false,"chose_seed":false,"campfire_upgraded":3,"win_rate":0,"timestamp":1544768612,"path_taken":["M","$","?","?","M","R","E","R","T","E","R","$","M","M","R","BOSS","M","?","?","M","?","R","E","M","T","M","R","M","M"],"build_version":"2018-12-13","purchased_purges":1,"victory":false,"max_hp_per_floor":[80,80,80,80,80,80,80,80,80,80,80,80,80,80,80,80,80,80,80,80,80,80,80,80,80,80,80,80,80,80],"card_choices":[{"not_picked":["Body Slam","Anger"],"picked":"Ghostly Armor","floor":1},{"not_picked":["Warcry","Second Wind"],"picked":"Shrug It Off","floor":3},{"not_picked":["Dropkick","Battle Trance"],"picked":"Clothesline","floor":5},{"not_picked":["Double Tap","Warcry","Headbutt"],"picked":"SKIP","floor":7},{"not_picked":["Second Wind","Clash"],"picked":"Searing Blow","floor":10},{"not_picked":["Wild Strike","Infernal Blade"],"picked":"Metallicize","floor":14},{"not_picked":["Fiend Fire","Barricade"],"picked":"Demon Form","floor":16},{"not_picked":["Wild Strike","Infernal Blade"],"picked":"Thunderclap+1","floor":18},{"not_picked":["Combust","Body Slam"],"picked":"Evolve","floor":19},{"not_picked":["Thunderclap","Double Tap"],"picked":"Twin Strike","floor":20},{"not_picked":["Evolve","Clothesline","Warcry"],"picked":"SKIP","floor":24},{"not_picked":["Disarm","Rage+1"],"picked":"Heavy Blade+1","floor":25},{"not_picked":["Cleave+1","Iron Wave+1"],"picked":"Armaments+1","floor":27},{"not_picked":["Whirlwind","Rupture+1"],"picked":"Uppercut+1","floor":29}],"player_experience":91147,"relics_obtained":[{"floor":7,"key":"Ancient Tea Set"},{"floor":9,"key":"Vajra"},{"floor":10,"key":"Boot"},{"floor":24,"key":"Gremlin Horn"}],"event_choices":[{"damage_healed":0,"gold_gain":0,"player_choice":"Got Potions","damage_taken":0,"max_hp_gain":0,"max_hp_loss":0,"event_name":"Lab","floor":4,"gold_loss":0},{"damage_healed":0,"gold_gain":0,"player_choice":"Simplicity","damage_taken":0,"max_hp_gain":0,"max_hp_loss":0,"event_name":"Back to Basics","floor":22,"gold_loss":0,"cards_upgraded":["Strike_R","Strike_R","Strike_R","Strike_R","Defend_R","Defend_R","Defend_R","Defend_R"]}],"is_beta":false,"boss_relics":[{"not_picked":["White Beast Statue","Runic Pyramid"],"picked":"Ectoplasm"}],"items_purged_floors":[2],"is_endless":false,"potions_floor_spawned":[1,5,16,18,21,25,27],"killed_by":"Snake Plant","ascension_level":2}