{"path_per_floor":["M","M","$","?","?","E","R","E","T","R","$","E","M","M","R","B",null,"M","?","$","?","?","E","R","E","T","?","R","M","?","?","R","B",null,"M","?","M","?","M","R","M","R","T","E","?","?","R","M","R","B"],"character_chosen":"THE_SILENT","items_purchased":["Vajra","Sucker Punch","Juzu Bracelet"],"gold_per_floor":[118,135,60,135,135,170,170,205,205,205,6,41,61,74,74,176,176,176,176,25,25,25,25,25,25,25,25,25,0,0,0,0,0,0,0,0,0,0,0,0,0,0,0,0,0,0,0,0,0,0],"floor_reached":51,"campfire_rested":4,"playtime":3782,"current_hp_per_floor":[63,63,63,52,52,16,37,20,34,62,62,50,50,46,46,38,80,79,65,65,65,49,31,50,53,53,53,53,43,43,43,43,14,52,41,41,45,45,41,41,52,52,52,48,48,40,40,48,65,24],"items_purged":["Defend_G"],"gold":0,"score":790,"play_id":"08d39b00-1b8d-4b20-8d25-b5b3564e3ddd","is_prod":false,"is_daily":false,"is_ascension_mode":true,"campfire_upgraded":6,"path_taken":["M","M","$","?","?","E","R","E","T","R","$","E","M","M","R","BOSS","M","?","$","?","?","E","R","E","T","?","R","M","?","?","R","BOSS","M","?","M","?","M","R","M","R","T","E","?","?","R","M","R","BOSS"],"build_version":"2018-02-08-PROD1","purchased_purges":1,"victory":true,"master_deck":["Defend_G","Defend_G","Survivor","Neutralize+1","Cloak And Dagger","Dagger Spray","Backflip","Quick Slash","Quick Slash","Sucker Punch+1","Terror+1","PiercingWail","Adrenaline+1","Dodge and Roll+1","Bite","Bite","Bite","Bite","Bite","Necronomicurse","Calculated Gamble+1","Quick Slash+1","Noxious Fumes+1","Riddle With Holes+1","Choke","Setup+1","Noxious Fumes+1","Catalyst+1","Backflip+1","Backflip+1","Madness","Madness+1","Deadly Poison","Dagger Throw+1"],"max_hp_per_floor":[70,70,70,70,70,70,70,80,94,94,94,94,94,94,94,94,94,94,65,65,65,65,65,65,65,65,65,65,65,65,65,65,65,65,65,65,65,65,65,65,65,65,65,65,65,65,65,65,65,65],"relics":["Ring of the Snake","Prayer Wheel","Pear","Mango","Vajra","Dream Catcher","Ectoplasm","Juzu Bracelet","Necronomicon","Meat on the Bone","Orichalcum","Bag of Preparation","Cursed Key","Paper Crane"],"card_choices":[{"not_picked":["Outmaneuver","Infinite Blades"],"picked":"Cloak And Dagger"},{"not_picked":["Expertise","Escape Plan"],"picked":"Dagger Spray"},{"not_picked":["Poisoned Stab","Underhanded Strike"],"picked":"Backflip"},{"not_picked":["Backstab","Deadly Poison"],"picked":"Quick Slash"},{"not_picked":["Underhanded Strike","Caltrops"],"picked":"Quick Slash"},{"not_picked":["Deadly Poison","Dagger Spray"],"picked":"Terror"},{"not_picked":["Outmaneuver","Deadly Poison"],"picked":"PiercingWail"},{"not_picked":["Phantasmal Killer","Corpse Explosion"],"picked":"Adrenaline"},{"not_picked":["Bane","Crippling Poison"],"picked":"Dodge and Roll"},{"not_picked":["Quick Slash","Riddle With Holes"],"picked":"Calculated Gamble"},{"not_picked":["Setup","Escape Plan"],"picked":"Quick Slash"},{"not_picked":["Deadly Poison","Prepared"],"picked":"Noxious Fumes"},{"not_picked":["Acrobatics","Sucker Punch"],"picked":"Riddle With Holes"},{"not_picked":["Sucker Punch","Deflect"],"picked":"Setup"},{"not_picked":["Finisher","Calculated Gamble"],"picked":"Noxious Fumes"},{"not_picked":["PiercingWail","Dodge and Roll"],"picked":"Catalyst"},{"not_picked":["Bane","PiercingWail"],"picked":"Backflip"},{"not_picked":["Phantasmal Killer","Bouncing Flask"],"picked":"Backflip"},{"not_picked":["Terror","Reflex"],"picked":"Deadly Poison"},{"not_picked":["Deflect","Slice"],"picked":"Dagger Throw"}],"player_experience":237762,"potions_floor_usage":[41,44,50],"damage_taken":[{"damage":0.0,"enemies":"Small Slimes","floor":1.0,"turns":3.0},{"damage":0.0,"enemies":"2 Louse","floor":2.0,"turns":3.0},{"damage":36.0,"enemies":"Lagavulin","floor":6.0,"turns":9.0},{"damage":27.0,"enemies":"3 Sentries","floor":8.0,"turns":11.0},{"damage":12.0,"enemies":"Gremlin Nob","floor":12.0,"turns":3.0},{"damage":0.0,"enemies":"Jaw Worm","floor":13.0,"turns":3.0},{"damage":4.0,"enemies":"Red Slaver","floor":14.0,"turns":3.0},{"damage":8.0,"enemies":"The Guardian","floor":16.0,"turns":11.0},{"damage":1.0,"enemies":"Shell Parasite","floor":18.0,"turns":3.0},{"damage":28.0,"enemies":"Slavers","floor":23.0,"turns":7.0},{"damage":17.0,"enemies":"Gremlin Leader","floor":25.0,"turns":8.0},{"damage":10.0,"enemies":"2 Thieves","floor":29.0,"turns":3.0},{"damage":51,"enemies":"Automaton","floor":33,"turns":9},{"damage":15,"enemies":"3 Shapes","floor":35,"turns":3},{"damage":0,"enemies":"3 Darklings","floor":37,"turns":4},{"damage":26,"enemies":"Sphere and 2 Shapes","floor":39,"turns":5},{"damage":7,"enemies":"4 Shapes","floor":41,"turns":4},{"damage":12,"enemies":"2 Orb Walkers","floor":44,"turns":4},{"damage":0,"enemies":"3 Darklings","floor":48,"turns":4},{"damage":57,"enemies":"Time Eater","floor":50,"turns":9}],"event_choices":[{"event_name":"World of Goop","player_choice":"Gather Gold","floor":4.0,"damage_taken":0.0},{"event_name":"Accursed Blacksmith","player_choice":"Forge","floor":5.0,"damage_taken":0.0},{"event_name":"Vampires","player_choice":"Became a vampire","floor":19.0,"damage_taken":0.0},{"event_name":"Addict","player_choice":"Ignored","floor":21.0,"damage_taken":0.0},{"event_name":"Cursed Tome","player_choice":"Obtained Book","floor":22.0,"damage_taken":0.0},{"event_name":"Beggar","player_choice":"Ignored","floor":27.0,"damage_taken":0.0},{"event_name":"The Library","player_choice":"Read","floor":30.0,"damage_taken":0.0},{"event_name":"Bonfire Elementals","player_choice":"BASIC","floor":31.0,"damage_taken":0.0},{"event_name":"Upgrade Shrine","player_choice":"Upgraded","floor":38,"damage_taken":0},{"event_name":"Mysterious Sphere","player_choice":"Ignore","floor":45,"damage_taken":0},{"event_name":"Winding Halls","player_choice":"Embrace Madness","floor":46,"damage_taken":0}],"boss_relics":[{"not_picked":["Black Star","Runic Pyramid"],"picked":"Cursed Key"}],"potions_floor_spawned":[6,8,12,14,16,18,23,25,39,41,44],"seed_played":"632676651823650529","ascension_level":9,"is_trial":false}