{"gold_per_floor":[111,111,123,0,0,31,31,51,131,145,45,45,73,73,73,171,171,185,185,200,200,217,217,242,256,280,312,339,351,380,424,436,543,555,584,596,608,639,699,723,752,764,776,799,811,840,25,102,102,102],"floor_reached":51,"playtime":3681,"items_purged":["Strike_G","Strike_G","Strike_G+1"],"score":724,"play_id":"e62f9c18-01fe-46e1-9233-a08f31ac2872","local_time":"20190508071859","is_ascension_mode":false,"campfire_choices":[{"data":"Neutralize","floor":7.0,"key":"SMITH"},{"data":"Sucker Punch","floor":12.0,"key":"SMITH"},{"data":"Glass Knife","floor":15.0,"key":"SMITH"},{"data":"Footwork","floor":23.0,"key":"SMITH"},{"floor":29.0,"key":"REST"},{"data":"Noxious Fumes","floor":32.0,"key":"SMITH"},{"data":"Backflip","floor":45,"key":"SMITH"},{"data":"Catalyst","floor":49,"key":"SMITH"}],"neow_cost":"NONE","seed_source_timestamp":1329113668111900,"circlet_count":0,"master_deck":["Defend_G+1","Defend_G+1","Defend_G+1","Defend_G+1","Defend_G+1","Strike_G+1","Survivor+1","Neutralize+1","Sucker Punch+1","Cloak And Dagger+1","Infinite Blades+1","Footwork+1","Glass Knife+1","Wraith Form v2+1","Backflip+1","Noxious Fumes+1","Bouncing Flask+1","Leg Sweep+1","Backstab+1","Flechettes+1","Catalyst+1","Night Terror+1","Poisoned Stab+1","Footwork+1","Deadly Poison+1","Backflip+1","Well Laid Plans+1","Catalyst+1"],"special_seed":0,"relics":["Ring of the Snake","NeowsBlessing","Regal Pillow","Bottled Flame","The Courier","Bottled Tornado","Black Star","Tingsha","Enchiridion","Art of War","Omamori","MawBank","Molten Egg 2","Torii","Coffee Dripper","Mark of the Bloom","Ginger","Gremlin Horn","Nunchaku","Frozen Egg 2","OrangePellets","Pantograph"],"potions_floor_usage":[33,39,50,50],"damage_taken":[{"damage":0.0,"enemies":"Jaw Worm","floor":1.0,"turns":1.0},{"damage":0.0,"enemies":"2 Louse","floor":3.0,"turns":1.0},{"damage":0.0,"enemies":"Lagavulin","floor":6.0,"turns":1.0},{"damage":0.0,"enemies":"Cultist","floor":8.0,"turns":4.0},{"damage":0.0,"enemies":"Red Slaver","floor":10.0,"turns":4.0},{"damage":4.0,"enemies":"Gremlin Nob","floor":13.0,"turns":5.0},{"damage":9.0,"enemies":"Hexaghost","floor":16.0,"turns":10.0},{"damage":6.0,"enemies":"Spheric Guardian","floor":18.0,"turns":5.0},{"damage":1.0,"enemies":"3 Byrds","floor":20.0,"turns":8.0},{"damage":4.0,"enemies":"Shelled Parasite and Fungi","floor":22.0,"turns":8.0},{"damage":8.0,"enemies":"Book of Stabbing","floor":24.0,"turns":6.0},{"damage":4.0,"enemies":"Centurion and Healer","floor":25.0,"turns":9.0},{"damage":2.0,"enemies":"3 Cultists","floor":27.0,"turns":7.0},{"damage":0.0,"enemies":"Snecko","floor":28.0,"turns":5.0},{"damage":7.0,"enemies":"Snake Plant","floor":30.0,"turns":8.0},{"damage":16.0,"enemies":"Gremlin Leader","floor":31.0,"turns":8.0},{"damage":38,"enemies":"Automaton","floor":33,"turns":11},{"damage":0,"enemies":"Orb Walker","floor":35,"turns":4},{"damage":0,"enemies":"3 Shapes","floor":38,"turns":5},{"damage":1,"enemies":"2 Orb Walkers","floor":39,"turns":6},{"damage":6,"enemies":"3 Darklings","floor":40,"turns":5},{"damage":10,"enemies":"Maw","floor":41,"turns":6},{"damage":11,"enemies":"Spire Growth","floor":44,"turns":5},{"damage":0,"enemies":"Jaw Worm Horde","floor":46,"turns":5},{"damage":32,"enemies":"Awakened One","floor":50,"turns":16}],"seed_played":"-5143048639243823350","potions_obtained":[{"floor":3.0,"key":"Swift Potion"},{"floor":6.0,"key":"Strength Potion"},{"floor":10.0,"key":"LiquidBronze"},{"floor":16.0,"key":"SpeedPotion"},{"floor":20.0,"key":"EssenceOfSteel"},{"floor":28.0,"key":"SpeedPotion"},{"floor":33,"key":"Block Potion"},{"floor":39,"key":"Explosive Potion"},{"floor":40,"key":"AttackPotion"}],"is_trial":false,"path_per_floor":["M","?","M","$","?","E","R","M","T","M","$","R","E","T","R","B",null,"M","T","M","?","M","R","E","M","T","M","M","R","M","E","R","B",null,"M","?","?","M","?","M","M","R","T","M","R","M","$","T","R","B",null],"character_chosen":"THE_SILENT","items_purchased":["Cloak And Dagger","Nunchaku","Frozen Egg 2","Well Laid Plans+1","OrangePellets","Catalyst"],"campfire_rested":1,"item_purchase_floors":[4,47,47,47,47,47],"current_hp_per_floor":[70,75,75,75,68,68,68,68,68,68,68,68,64,64,64,55,75,69,69,68,52,48,48,40,36,36,34,34,71,64,48,48,10,75,75,75,75,75,74,68,58,58,58,47,47,47,47,47,47,15],"gold":102,"neow_bonus":"THREE_ENEMY_KILL","is_prod":false,"is_daily":false,"chose_seed":false,"campfire_upgraded":7,"win_rate":0,"timestamp":1557321539,"path_taken":["M","?","M","$","?","E","R","M","T","M","?","R","E","?","R","BOSS","M","?","?","?","M","R","E","M","T","M","M","R","M","E","R","BOSS","M","?","?","M","?","M","?","R","T","M","R","?","$","?","R","BOSS"],"build_version":"2019-01-23","purchased_purges":3,"victory":true,"max_hp_per_floor":[70,75,75,75,75,75,75,75,75,75,75,75,75,75,75,75,75,75,75,75,75,75,75,75,75,75,75,75,75,75,75,75,75,75,75,75,75,75,75,75,75,75,75,75,75,75,75,75,75,75],"card_choices":[{"not_picked":["Underhanded Strike","Eviscerate","Dagger Throw"],"picked":"SKIP","floor":1.0},{"not_picked":["Bane","Setup"],"picked":"Sucker Punch","floor":3.0},{"not_picked":["Blade Dance","Prepared"],"picked":"Infinite Blades","floor":6.0},{"not_picked":["Flying Knee","Quick Slash"],"picked":"Footwork","floor":8.0},{"not_picked":["Acrobatics","Sucker Punch","Finisher"],"picked":"SKIP","floor":10.0},{"not_picked":["Deflect","Eviscerate"],"picked":"Glass Knife","floor":13.0},{"not_picked":["Doppelganger","Night Terror"],"picked":"Wraith Form v2","floor":16.0},{"not_picked":["Poisoned Stab","Flechettes"],"picked":"Backflip","floor":18.0},{"not_picked":["Poisoned Stab","Dagger Throw","Acrobatics+1"],"picked":"SKIP","floor":20.0},{"not_picked":["Underhanded Strike","Riddle With Holes"],"picked":"Noxious Fumes","floor":22.0},{"not_picked":["Blade Dance","Poisoned Stab"],"picked":"Bouncing Flask","floor":24.0},{"not_picked":["Endless Agony","Reflex","Eviscerate"],"picked":"SKIP","floor":25.0},{"not_picked":["Dash","Dodge and Roll+1"],"picked":"Leg Sweep","floor":27.0},{"not_picked":["Blade Dance+1","Flying Knee"],"picked":"Backstab+1","floor":28.0},{"not_picked":["Quick Slash","Poisoned Stab"],"picked":"Flechettes+1","floor":30.0},{"not_picked":["After Image","Tactician"],"picked":"Catalyst+1","floor":31.0},{"not_picked":["Doppelganger","Die Die Die+1"],"picked":"Night Terror","floor":33},{"not_picked":["Blade Dance","Endless Agony+1"],"picked":"Poisoned Stab+1","floor":35},{"not_picked":["Slice+1","Dagger Spray+1"],"picked":"Footwork+1","floor":38},{"not_picked":["Blade Dance","Eviscerate+1"],"picked":"Deadly Poison+1","floor":40},{"not_picked":["Heel Hook+1","Deflect","Riddle With Holes+1"],"picked":"SKIP","floor":41},{"not_picked":["Riddle With Holes+1","After Image"],"picked":"Backflip","floor":44},{"not_picked":["Masterful Stab+1","Setup","Poisoned Stab+1"],"picked":"SKIP","floor":46}],"player_experience":1714337,"relics_obtained":[{"floor":6.0,"key":"Regal Pillow"},{"floor":9.0,"key":"Bottled Flame"},{"floor":13.0,"key":"The Courier"},{"floor":14.0,"key":"Bottled Tornado"},{"floor":19.0,"key":"Tingsha"},{"floor":21.0,"key":"Enchiridion"},{"floor":24.0,"key":"Art of War"},{"floor":24.0,"key":"Omamori"},{"floor":26.0,"key":"MawBank"},{"floor":31.0,"key":"Molten Egg 2"},{"floor":31.0,"key":"Torii"},{"floor":39,"key":"Ginger"},{"floor":43,"key":"Gremlin Horn"},{"floor":48,"key":"Pantograph"}],"event_choices":[{"damage_healed":0.0,"max_hp_gain":5.0,"max_hp_loss":0.0,"gold_gain":0.0,"event_name":"Big Fish","player_choice":"Donut","floor":2.0,"gold_loss":0.0,"damage_taken":0.0},{"cards_removed":["Strike_G"],"damage_healed":0.0,"max_hp_gain":0.0,"max_hp_loss":0.0,"gold_gain":0.0,"event_name":"Golden Wing","player_choice":"Card Removal","floor":5.0,"gold_loss":0.0,"damage_taken":7.0},{"damage_healed":0.0,"max_hp_gain":0.0,"max_hp_loss":0.0,"gold_gain":0.0,"event_name":"Cursed Tome","player_choice":"Obtained Book","floor":21.0,"gold_loss":0.0,"damage_taken":16.0},{"damage_healed":0,"gold_gain":0,"player_choice":"Upgrade","damage_taken":0,"relics_obtained":["Mark of the Bloom"],"max_hp_gain":0,"max_hp_loss":0,"event_name":"MindBloom","floor":36,"gold_loss":0,"cards_upgraded":["Defend_G","Defend_G","Defend_G","Defend_G","Defend_G","Strike_G","Strike_G","Survivor","Cloak And Dagger","Infinite Blades","Wraith Form v2","Backflip","Bouncing Flask","Leg Sweep","Night Terror"]},{"damage_healed":0,"gold_gain":0,"player_choice":"Ignored","damage_taken":0,"max_hp_gain":0,"max_hp_loss":0,"event_name":"Tomb of Lord Red Mask","floor":37,"gold_loss":0},{"damage_healed":0,"gold_gain":0,"player_choice":"Fight","damage_taken":0,"max_hp_gain":0,"max_hp_loss":0,"event_name":"Mysterious Sphere","floor":39,"gold_loss":0}],"is_beta":false,"boss_relics":[{"not_picked":["WristBlade","Eternal Feather"],"picked":"Black Star"},{"not_picked":["Empty Cage","Ring of the Serpent"],"picked":"Coffee Dripper"}],"items_purged_floors":[4,11,47],"is_endless":false,"potions_floor_spawned":[3,6,10,16,20,22,28,30,33,38,39,40],"ascension_level":0}