{"gold_per_floor":[110,123,141,141,157,157,174,200,225,206,206,226,246,280,280,383,433,451,451,126,136,156,156,166,166,166,116,116,116,126,140,140,140],"floor_reached":33,"playtime":3626,"items_purged":[],"score":265,"play_id":"020fdf18-6511-4e68-bdf7-8e36ad4cdd1c","local_time":"20181125032410","is_ascension_mode":false,"campfire_choices":[{"data":"Perfected Strike","floor":6,"key":"SMITH"},{"floor":11,"key":"REST"},{"data":"Thunderclap","floor":15,"key":"SMITH"},{"floor":28,"key":"REST"},{"floor":32,"key":"REST"}],"neow_cost":"NONE","seed_source_timestamp":280805714615691,"circlet_count":0,"master_deck":["Strike_R","Strike_R","Strike_R","Strike_R+1","Strike_R","Defend_R","Defend_R","Defend_R","Defend_R","Perfected Strike+1","Thunderclap+1","Shrug It Off","Armaments+1","Rampage","Dropkick","Clothesline+1","Twin Strike","Juggernaut+1","Seeing Red","Cleave","Barricade+1","Clash","Warcry+1","Metallicize+1","Carnage+1","Fire Breathing+1","RitualDagger","Shrug It Off+1","Burning Pact+1","Shrug It Off"],"relics":["Burning Blood","Frozen Egg 2","PreservedInsect","Ancient Tea Set","Tiny House","Bottled Lightning","Matryoshka"],"potions_floor_usage":[8,16,22,24,30,30,31,33],"damage_taken":[{"damage":0,"enemies":"Small Slimes","floor":1,"turns":3},{"damage":1,"enemies":"Cultist","floor":2,"turns":4},{"damage":7,"enemies":"Jaw Worm","floor":3,"turns":3},{"damage":11,"enemies":"Blue Slaver","floor":5,"turns":5},{"damage":1,"enemies":"Exordium Wildlife","floor":7,"turns":3},{"damage":26,"enemies":"Lagavulin","floor":8,"turns":7},{"damage":5,"enemies":"Exordium Thugs","floor":10,"turns":4},{"damage":11,"enemies":"3 Louse","floor":12,"turns":3},{"damage":12,"enemies":"Looter","floor":13,"turns":3},{"damage":1,"enemies":"Gremlin Nob","floor":14,"turns":3},{"damage":35,"enemies":"Slime Boss","floor":16,"turns":5},{"damage":26,"enemies":"Shell Parasite","floor":18,"turns":6},{"damage":12,"enemies":"Chosen","floor":21,"turns":4},{"damage":24,"enemies":"Snecko","floor":22,"turns":6},{"damage":47,"enemies":"Shelled Parasite and Fungi","floor":24,"turns":10},{"damage":21,"enemies":"Snake Plant","floor":29,"turns":6},{"damage":7,"enemies":"Chosen and Byrds","floor":30,"turns":5},{"damage":7,"enemies":"Centurion and Healer","floor":31,"turns":4},{"damage":48,"enemies":"Champ","floor":33,"turns":7}],"seed_played":"-8324003315045523614","potions_obtained":[{"floor":2,"key":"Regen Potion"},{"floor":7,"key":"Weak Potion"},{"floor":8,"key":"Explosive Potion"},{"floor":12,"key":"GamblersBrew"},{"floor":13,"key":"Energy Potion"},{"floor":17,"key":"EssenceOfSteel"},{"floor":24,"key":"SneckoOil"},{"floor":30,"key":"Fire Potion"},{"floor":31,"key":"SkillPotion"}],"is_trial":false,"path_per_floor":["M","M","M","?","M","R","M","E","T","M","R","M","M","E","R","B",null,"M","?","$","M","M","?","M","?","T","$","R","M","M","M","R","B"],"character_chosen":"IRONCLAD","items_purchased":["Metallicize+1","Bottled Lightning","Weak Potion"],"campfire_rested":3,"item_purchase_floors":[20,20,27],"current_hp_per_floor":[80,80,79,79,74,74,79,59,59,60,80,75,69,74,74,45,85,65,65,65,59,41,35,9,9,9,9,34,19,18,17,42,0],"gold":140,"neow_bonus":"TRANSFORM_CARD","is_prod":false,"is_daily":false,"chose_seed":false,"campfire_upgraded":2,"win_rate":0.0,"timestamp":1543137850,"path_taken":["M","M","M","?","M","R","M","E","T","M","R","?","M","E","R","BOSS","M","?","$","M","?","?","M","?","T","$","R","M","M","M","R","BOSS"],"build_version":"2018-11-15","purchased_purges":0,"victory":false,"max_hp_per_floor":[80,80,80,80,80,80,80,80,80,80,80,80,80,80,80,80,85,85,85,85,85,85,85,85,85,85,85,85,85,85,85,85,85],"card_choices":[{"not_picked":["Flex","Twin Strike"],"picked":"Thunderclap","floor":1},{"not_picked":["Body Slam","Corruption"],"picked":"Shrug It Off","floor":2},{"not_picked":["Headbutt","Iron Wave"],"picked":"Armaments","floor":3},{"not_picked":["Seeing Red","Anger"],"picked":"Rampage","floor":5},{"not_picked":["Twin Strike","Entrench"],"picked":"Dropkick","floor":7},{"not_picked":["Combust","Reckless Charge"],"picked":"Clothesline","floor":8},{"not_picked":["Body Slam","Entrench"],"picked":"Twin Strike","floor":10},{"not_picked":["Body Slam","Intimidate"],"picked":"Juggernaut+1","floor":12},{"not_picked":["Shrug It Off","Reckless Charge"],"picked":"Seeing Red","floor":13},{"not_picked":["Combust+1","Anger"],"picked":"Cleave","floor":14},{"not_picked":["Double Tap","Juggernaut+1"],"picked":"Barricade+1","floor":16},{"not_picked":["Perfected Strike","Combust+1"],"picked":"Clash","floor":17},{"not_picked":["Thunderclap+1","Clash"],"picked":"Warcry+1","floor":18},{"not_picked":["Pummel","Cleave"],"picked":"Carnage+1","floor":21},{"not_picked":["Armaments","Metallicize+1"],"picked":"Fire Breathing+1","floor":22},{"not_picked":["Headbutt+1","Searing Blow"],"picked":"Shrug It Off+1","floor":24},{"not_picked":["Juggernaut+1","Clothesline","Burning Pact+1"],"picked":"SKIP","floor":29},{"not_picked":["Flame Barrier","Perfected Strike"],"picked":"Burning Pact+1","floor":30},{"not_picked":["Reckless Charge","Sword Boomerang"],"picked":"Shrug It Off","floor":31}],"player_experience":5448,"relics_obtained":[{"floor":8,"key":"Frozen Egg 2"},{"floor":9,"key":"PreservedInsect"},{"floor":14,"key":"Ancient Tea Set"},{"floor":26,"key":"Matryoshka"}],"event_choices":[{"damage_healed":0,"gold_gain":0,"player_choice":"Forge","damage_taken":0,"max_hp_gain":0,"max_hp_loss":0,"event_name":"Accursed Blacksmith","floor":4,"gold_loss":0,"cards_upgraded":["Armaments"]},{"damage_healed":0,"gold_gain":0,"player_choice":"Upgraded","damage_taken":0,"max_hp_gain":0,"max_hp_loss":0,"event_name":"Upgrade Shrine","floor":19,"gold_loss":0,"cards_upgraded":["Clothesline"]},{"damage_healed":0,"gold_gain":0,"player_choice":"Joined the Cult","damage_taken":6,"max_hp_gain":0,"max_hp_loss":0,"event_name":"Nest","floor":23,"gold_loss":0,"cards_obtained":["RitualDagger"]},{"damage_healed":0,"gold_gain":0,"player_choice":"Ignored","damage_taken":0,"max_hp_gain":0,"max_hp_loss":0,"event_name":"Vampires","floor":25,"gold_loss":0}],"is_beta":false,"boss_relics":[{"not_picked":["Busted Crown","Calling Bell"],"picked":"Tiny House"}],"items_purged_floors":[],"is_endless":false,"potions_floor_spawned":[2,7,8,12,13,18,24,30,31],"killed_by":"Champ","ascension_level":0}