{"gold_per_floor":[114,61,61,8,8,8,37,49,49,64,83,95,95,150,150,251,251,264,264,279,289,55,55,71,91,391,391,391,150,162,173,173,272,272,287,287,162,176,176,211,211,231,231,39,52,52,78,94,94,94],"floor_reached":51,"playtime":2935,"items_purged":["Strike_R","Strike_R","Strike_R"],"score":855,"play_id":"18def04f-ebe4-4b96-bf5e-aa06a837730f","local_time":"20181214160114","is_ascension_mode":true,"campfire_choices":[{"data":"Sword Boomerang","floor":6,"key":"SMITH"},{"floor":13,"key":"REST"},{"floor":15,"key":"REST"},{"data":"Heavy Blade","floor":23,"key":"SMITH"},{"data":"Offering","floor":27,"key":"SMITH"},{"floor":32,"key":"REST"},{"data":"Sword Boomerang","floor":41,"key":"SMITH"},{"data":"Limit Break","floor":49,"key":"SMITH"}],"neow_cost":"PERCENT_DAMAGE","seed_source_timestamp":82356697870383,"circlet_count":0,"master_deck":["Strike_R","Defend_R","Defend_R","Defend_R","Defend_R","Bash","Demon Form","Pommel Strike","Flex","Sword Boomerang+1","Heavy Blade+1","Sword Boomerang+1","Heavy Blade","Searing Blow","Flex","Offering+1","Pummel+1","Inflame+1","Reaper+1","Sword Boomerang+1","Limit Break+1","Limit Break","Pain","Reaper+1","Clothesline+1"],"relics":["Burning Blood","Pear","Singing Bowl","Shuriken","Molten Egg 2","Sozu","Old Coin","Strawberry","Busted Crown","WarpedTongs","Bottled Flame","Centennial Puzzle","Lee\u0027s Waffle","Pantograph"],"potions_floor_usage":[11,16,21],"damage_taken":[{"damage":1,"enemies":"Cultist","floor":1,"turns":3},{"damage":16,"enemies":"Gremlin Nob","floor":7,"turns":3},{"damage":0,"enemies":"Small Slimes","floor":8,"turns":2},{"damage":8,"enemies":"2 Louse","floor":10,"turns":2},{"damage":10,"enemies":"Gremlin Gang","floor":11,"turns":3},{"damage":40,"enemies":"Exordium Thugs","floor":12,"turns":4},{"damage":36,"enemies":"3 Sentries","floor":14,"turns":4},{"damage":30,"enemies":"Slime Boss","floor":16,"turns":4},{"damage":11,"enemies":"Spheric Guardian","floor":18,"turns":3},{"damage":18,"enemies":"3 Byrds","floor":20,"turns":4},{"damage":15,"enemies":"Snake Plant","floor":21,"turns":4},{"damage":6,"enemies":"Sentry and Sphere","floor":24,"turns":2},{"damage":6,"enemies":"Shelled Parasite and Fungi","floor":25,"turns":2},{"damage":43,"enemies":"Centurion and Healer","floor":30,"turns":4},{"damage":38,"enemies":"Snecko","floor":31,"turns":4},{"damage":22,"enemies":"Collector","floor":33,"turns":4},{"damage":52,"enemies":"3 Shapes","floor":35,"turns":3},{"damage":6,"enemies":"Orb Walker","floor":38,"turns":1},{"damage":67,"enemies":"Nemesis","floor":40,"turns":5},{"damage":66,"enemies":"Writhing Mass","floor":42,"turns":4},{"damage":43,"enemies":"3 Darklings","floor":45,"turns":3},{"damage":12,"enemies":"Reptomancer","floor":47,"turns":1},{"damage":32,"enemies":"Transient","floor":48,"turns":5},{"damage":108,"enemies":"Awakened One","floor":50,"turns":7}],"seed_played":"1560787547957422865","potions_obtained":[{"floor":8,"key":"GamblersBrew"},{"floor":10,"key":"Fire Potion"},{"floor":14,"key":"Poison Potion"},{"floor":16,"key":"Block Potion"}],"is_trial":false,"path_per_floor":["M","$","?","$","T","R","E","M","T","M","M","M","R","?","R","B",null,"M","?","M","M","$","R","M","M","T","R","?","$","M","M","R","B",null,"M","?","$","M","?","E","R","M","T","$","M","?","E","M","R","B",null],"character_chosen":"IRONCLAD","items_purchased":["Flex","Sword Boomerang","Reaper+1","Limit Break","Lee\u0027s Waffle"],"campfire_rested":3,"item_purchase_floors":[2,4,22,29,44],"current_hp_per_floor":[61,61,61,61,71,71,61,67,67,65,61,29,56,26,53,29,92,87,87,75,66,66,66,73,75,75,75,82,82,57,27,58,42,105,76,76,76,99,99,80,80,22,22,120,101,101,95,110,110,105],"gold":94,"neow_bonus":"THREE_RARE_CARDS","is_prod":false,"is_daily":false,"chose_seed":false,"campfire_upgraded":5,"win_rate":0,"timestamp":1544824874,"path_taken":["M","$","?","$","?","R","E","M","T","M","M","M","R","?","R","BOSS","M","?","?","M","$","R","M","?","T","R","?","$","M","?","R","BOSS","M","?","$","?","?","E","R","M","T","$","M","?","E","?","R","BOSS"],"build_version":"2018-12-13","purchased_purges":3,"victory":true,"max_hp_per_floor":[80,80,80,80,90,90,90,90,90,90,90,92,92,92,92,92,92,92,92,92,92,92,92,92,94,94,94,101,101,103,105,105,105,105,107,107,107,109,109,111,111,113,113,120,122,122,122,124,124,124],"card_choices":[{"not_picked":["Double Tap","Exhume"],"picked":"Demon Form","floor":0},{"not_picked":["Wild Strike","Warcry"],"picked":"Pommel Strike","floor":1},{"not_picked":["Reckless Charge","Sentinel"],"picked":"Heavy Blade","floor":7},{"not_picked":["Intimidate","Clothesline"],"picked":"Sword Boomerang","floor":8},{"not_picked":["Berserk","Body Slam"],"picked":"Heavy Blade","floor":10},{"not_picked":["Warcry","Armaments"],"picked":"Searing Blow","floor":11},{"not_picked":["Uppercut","Clash","Shrug It Off"],"picked":"Singing Bowl","floor":12},{"not_picked":["Blood for Blood+1","Wild Strike+1"],"picked":"Flex","floor":14},{"not_picked":["Impervious","Double Tap"],"picked":"Offering","floor":16},{"not_picked":["Headbutt+1","Twin Strike+1"],"picked":"Cleave+1","floor":18},{"not_picked":["Flex","True Grit"],"picked":"Pummel+1","floor":20},{"not_picked":["Carnage+1","Body Slam+1"],"picked":"Inflame+1","floor":21},{"not_picked":["Feel No Pain+1","Infernal Blade"],"picked":"Sword Boomerang+1","floor":24},{"not_picked":["Sword Boomerang+1","Feel No Pain+1","Perfected Strike+1"],"picked":"Singing Bowl","floor":25},{"not_picked":["Cleave+1","Shrug It Off","Clash+1"],"picked":"Singing Bowl","floor":30},{"not_picked":["Infernal Blade","Blood for Blood+1","Headbutt+1"],"picked":"Singing Bowl","floor":31},{"not_picked":["Fiend Fire+1","Exhume"],"picked":"Limit Break","floor":33},{"not_picked":["Sword Boomerang+1"],"picked":"Singing Bowl","floor":35},{"not_picked":["Uppercut+1"],"picked":"Singing Bowl","floor":38},{"not_picked":["Flex"],"picked":"Singing Bowl","floor":40},{"not_picked":["Flex"],"picked":"Singing Bowl","floor":42},{"not_picked":["Second Wind"],"picked":"Singing Bowl","floor":45},{"not_picked":[],"picked":"Clothesline+1","floor":47},{"not_picked":["Clothesline+1"],"picked":"Singing Bowl","floor":48}],"player_experience":93378,"relics_obtained":[{"floor":5,"key":"Pear"},{"floor":7,"key":"Singing Bowl"},{"floor":9,"key":"Shuriken"},{"floor":26,"key":"Old Coin"},{"floor":40,"key":"Bottled Flame"},{"floor":43,"key":"Centennial Puzzle"},{"floor":47,"key":"Pantograph"}],"event_choices":[{"cards_removed":["Strike_R"],"damage_healed":0,"gold_gain":0,"player_choice":"Offered Basic","damage_taken":0,"max_hp_gain":0,"max_hp_loss":0,"event_name":"Bonfire Elementals","floor":3,"gold_loss":0},{"damage_healed":0,"gold_gain":0,"player_choice":"Searched \u00272\u0027 times","damage_taken":0,"relics_obtained":["Molten Egg 2"],"max_hp_gain":0,"max_hp_loss":0,"event_name":"Dead Adventurer","floor":14,"gold_loss":0},{"damage_healed":0,"gold_gain":0,"player_choice":"Bought 0 Potions","damage_taken":0,"max_hp_gain":0,"max_hp_loss":0,"event_name":"The Woman in Blue","floor":19,"gold_loss":0},{"damage_healed":0,"gold_gain":0,"player_choice":"Gave Potion","damage_taken":0,"relics_obtained":["Strawberry"],"max_hp_gain":0,"max_hp_loss":0,"event_name":"WeMeetAgain","floor":28,"gold_loss":0},{"damage_healed":0,"gold_gain":0,"player_choice":"Rummage","damage_taken":0,"relics_obtained":["WarpedTongs"],"max_hp_gain":0,"max_hp_loss":0,"event_name":"Accursed Blacksmith","floor":36,"gold_loss":0,"cards_obtained":["Pain"]},{"cards_removed":["Cleave"],"damage_healed":0,"gold_gain":0,"player_choice":"Removed Attack","damage_taken":0,"max_hp_gain":0,"max_hp_loss":0,"event_name":"Falling","floor":39,"gold_loss":0},{"damage_healed":0,"gold_gain":0,"player_choice":"Copied","damage_taken":0,"max_hp_gain":0,"max_hp_loss":0,"event_name":"Duplicator","floor":46,"gold_loss":0,"cards_obtained":["Reaper"]}],"is_beta":false,"boss_relics":[{"not_picked":["Orrery","Black Blood"],"picked":"Sozu"},{"not_picked":["White Beast Statue","Runic Cube"],"picked":"Busted Crown"}],"items_purged_floors":[22,29,37],"is_endless":false,"potions_floor_spawned":[8,10,14,16,20,24,31,35,45,47],"ascension_level":2}