{"path_per_floor":["M","?","$","M","?","R","M","M","T","R","M","?","M","M","R","B",null,"M","?","M","$","M","R","E","$","T","R","?","M"],"character_chosen":"THE_SILENT","items_purchased":["Dagger Spray","Bouncing Flask","Backflip"],"gold_per_floor":[111,61,13,33,33,33,45,63,63,63,83,83,96,113,113,217,217,231,431,371,229,246,246,279,125,125,125,125,143],"floor_reached":30,"campfire_rested":2,"playtime":1501,"current_hp_per_floor":[70,70,70,70,70,70,70,70,70,70,63,63,63,63,63,2,70,59,59,48,48,9,30,6,6,6,27,27,36],"items_purged":["Strike_G","Strike_G"],"gold":143,"score":240,"play_id":"720577ed-f551-4136-a4f0-71a416720c3b","is_prod":false,"is_daily":false,"is_ascension_mode":false,"campfire_upgraded":3,"path_taken":["M","?","$","M","?","R","M","M","T","R","M","?","M","M","R","BOSS","M","?","M","$","M","R","E","$","T","R","?","?","?"],"build_version":"2018-02-22-PROD1","purchased_purges":2,"victory":false,"master_deck":["Defend_G","Defend_G","Defend_G","Defend_G","Defend_G","Strike_G","Survivor","Neutralize+1","Backflip","Dagger Spray","Blur","Noxious Fumes+1","Cloak And Dagger","Caltrops+1","Malaise","Bouncing Flask","Backflip","Backflip"],"max_hp_per_floor":[70,70,70,70,70,70,70,70,70,70,70,70,70,70,70,70,70,70,70,70,70,70,70,70,70,70,70,70,70],"relics":["Philosopher\u0027s Stone","Art of War"],"card_choices":[{"not_picked":["PiercingWail","Predator"],"picked":"Backflip"},{"not_picked":["Distraction","Quick Slash"],"picked":"Blur"},{"not_picked":["Deadly Poison","Blade Dance"],"picked":"Noxious Fumes"},{"not_picked":["Riddle With Holes","Predator"],"picked":"Cloak And Dagger"},{"not_picked":["Flechettes","Prepared"],"picked":"Caltrops"},{"not_picked":["Quick Slash","Dodge and Roll"],"picked":"Malaise"},{"not_picked":["Slice","Accuracy"],"picked":"Backflip"}],"player_experience":412064,"potions_floor_usage":[29,29],"damage_taken":[{"damage":0.0,"enemies":"Jaw Worm","floor":1.0,"turns":4.0},{"damage":0.0,"enemies":"Small Slimes","floor":4.0,"turns":2.0},{"damage":0.0,"enemies":"2 Louse","floor":7.0,"turns":3.0},{"damage":0.0,"enemies":"Large Slime","floor":8.0,"turns":6.0},{"damage":7.0,"enemies":"Lots of Slimes","floor":11.0,"turns":4.0},{"damage":0.0,"enemies":"Looter","floor":13.0,"turns":4.0},{"damage":0.0,"enemies":"2 Fungi Beasts","floor":14.0,"turns":3.0},{"damage":61.0,"enemies":"Hexaghost","floor":16.0,"turns":11.0},{"damage":11.0,"enemies":"Shell Parasite","floor":18.0,"turns":6.0},{"damage":11.0,"enemies":"2 Thieves","floor":20.0,"turns":4.0},{"damage":39,"enemies":"3 Cultists","floor":22,"turns":5},{"damage":24,"enemies":"Gremlin Leader","floor":24,"turns":8},{"damage":6,"enemies":"Centurion and Healer","floor":29,"turns":8},{"damage":0,"enemies":"Snecko","floor":30,"turns":5}],"event_choices":[{"event_name":"The Cleric","player_choice":"Card Removal","floor":2.0,"damage_taken":0.0},{"event_name":"Living Wall","player_choice":"Forget","floor":5.0,"damage_taken":0.0},{"event_name":"Dead Adventurer","player_choice":"Searched \u00270\u0027 times","floor":12.0,"damage_taken":0.0},{"event_name":"The Joust","player_choice":"Bet on Owner","floor":19.0,"damage_taken":0.0},{"event_name":"Addict","player_choice":"Ignored","floor":28,"damage_taken":0}],"boss_relics":[],"potions_floor_spawned":[4,11,22],"seed_played":"-3533156756762101088","killed_by":"Snecko","ascension_level":0,"is_trial":false}