{"gold_per_floor":[119,138,138,156,83,109,109,89,157,177,197,197,209,222,222,321,371,381,321,337,389,210,210,225,225],"floor_reached":25,"playtime":3045,"items_purged":[],"score":205,"play_id":"0a696036-d3ca-47a9-af68-e451ec4ea7f3","local_time":"20181125022140","is_ascension_mode":false,"campfire_choices":[{"data":"Dagger Spray","floor":7,"key":"SMITH"},{"floor":15,"key":"REST"},{"floor":23,"key":"REST"}],"neow_cost":"NONE","seed_source_timestamp":277640443712910,"circlet_count":0,"master_deck":["Defend_G","Defend_G","Defend_G","Defend_G+1","Strike_G","Strike_G","Strike_G+1","Strike_G","Strike_G","Survivor+1","Neutralize","Terror","Prepared+1","Slice","Predator","Dagger Spray+1","Calculated Gamble","Outmaneuver","Iron Wave","Backflip","Footwork","Phantasmal Killer","Skewer","Backflip","Deadly Poison","Sucker Punch+1","The Bomb","Slice"],"relics":["Ring of the Snake","Snake Skull","Bottled Flame","Tiny House","War Paint"],"potions_floor_usage":[16,24],"damage_taken":[{"damage":3,"enemies":"Jaw Worm","floor":1,"turns":6},{"damage":4,"enemies":"2 Louse","floor":2,"turns":4},{"damage":0,"enemies":"Cultist","floor":4,"turns":3},{"damage":24,"enemies":"Lagavulin","floor":6,"turns":6},{"damage":1,"enemies":"2 Fungi Beasts","floor":10,"turns":3},{"damage":11,"enemies":"Lots of Slimes","floor":11,"turns":3},{"damage":12,"enemies":"Red Slaver","floor":13,"turns":4},{"damage":20,"enemies":"Gremlin Gang","floor":14,"turns":6},{"damage":15,"enemies":"Hexaghost","floor":16,"turns":11},{"damage":5,"enemies":"3 Byrds","floor":18,"turns":5},{"damage":25,"enemies":"2 Thieves","floor":19,"turns":4},{"damage":33,"enemies":"Snake Plant","floor":20,"turns":8},{"damage":37,"enemies":"Shelled Parasite and Fungi","floor":24,"turns":8},{"damage":6,"enemies":"Cultist and Chosen","floor":25,"turns":4}],"seed_played":"-4328422691684770660","potions_obtained":[{"floor":1,"key":"SkillPotion"},{"floor":4,"key":"PowerPotion"},{"floor":8,"key":"GamblersBrew"},{"floor":16,"key":"Weak Potion"},{"floor":17,"key":"SpeedPotion"},{"floor":20,"key":"Dexterity Potion"},{"floor":24,"key":"PowerPotion"}],"is_trial":false,"path_per_floor":["M","M","?","M","$","E","R","?","T","M","M","?","M","M","R","B",null,"M","M","M","T","$","R","M","M"],"character_chosen":"THE_SILENT","items_purchased":["Predator","The Bomb"],"campfire_rested":2,"item_purchase_floors":[5,22],"current_hp_per_floor":[74,70,70,70,70,46,46,46,46,45,34,34,22,2,25,10,82,77,52,19,19,19,43,6,0],"gold":225,"neow_bonus":"TEN_PERCENT_HP_BONUS","is_prod":false,"is_daily":false,"chose_seed":false,"campfire_upgraded":1,"win_rate":0.0,"timestamp":1543134100,"path_taken":["M","M","?","M","$","E","R","?","T","M","?","?","M","M","R","BOSS","M","M","?","?","$","R","?","M"],"build_version":"2018-11-15","purchased_purges":0,"victory":false,"max_hp_per_floor":[77,77,77,77,77,77,77,77,77,77,77,77,77,77,77,77,82,82,82,82,82,82,82,82,82],"card_choices":[{"not_picked":["Escape Plan","Slice"],"picked":"Terror","floor":1},{"not_picked":["Deadly Poison","Underhanded Strike"],"picked":"Prepared","floor":2},{"not_picked":["PiercingWail","Deadly Poison"],"picked":"Slice","floor":4},{"not_picked":["Outmaneuver","Deadly Poison"],"picked":"Dagger Spray","floor":6},{"not_picked":["Dagger Throw","Dagger Spray"],"picked":"Calculated Gamble","floor":10},{"not_picked":["Dodge and Roll","Dash"],"picked":"Outmaneuver","floor":11},{"not_picked":["Night Terror","PiercingWail"],"picked":"Backflip","floor":13},{"not_picked":["Choke","Flying Knee"],"picked":"Footwork","floor":14},{"not_picked":["Burst","Bullet Time"],"picked":"Phantasmal Killer","floor":16},{"not_picked":["Masterful Stab","Endless Agony"],"picked":"Skewer","floor":17},{"not_picked":["Dagger Throw","Prepared"],"picked":"Backflip","floor":18},{"not_picked":["Dagger Throw","PiercingWail"],"picked":"Deadly Poison","floor":19},{"not_picked":["Escape Plan","Deadly Poison+1"],"picked":"Sucker Punch+1","floor":20},{"not_picked":["Deadly Poison+1","Riddle With Holes"],"picked":"Slice","floor":24}],"player_experience":2349,"relics_obtained":[{"floor":6,"key":"Snake Skull"},{"floor":9,"key":"Bottled Flame"},{"floor":21,"key":"War Paint"}],"event_choices":[{"damage_healed":0,"gold_gain":0,"player_choice":"Grow","damage_taken":0,"max_hp_gain":0,"max_hp_loss":0,"event_name":"Living Wall","floor":3,"gold_loss":0,"cards_upgraded":["Prepared"]},{"damage_healed":0,"gold_gain":0,"player_choice":"Bought 1 Potion","damage_taken":0,"max_hp_gain":0,"max_hp_loss":0,"event_name":"The Woman in Blue","floor":8,"gold_loss":0},{"cards_removed":["Defend_G"],"damage_healed":0,"gold_gain":0,"player_choice":"Took Card","damage_taken":0,"max_hp_gain":0,"max_hp_loss":0,"event_name":"NoteForYourself","floor":12,"gold_loss":0,"cards_obtained":["Iron Wave"]}],"is_beta":false,"boss_relics":[{"not_picked":["Fusion Hammer","Eternal Feather"],"picked":"Tiny House"}],"items_purged_floors":[],"is_endless":false,"potions_floor_spawned":[1,4,16,20,24],"killed_by":"Cultist and Chosen","ascension_level":0}