{"gold_per_floor":[111,111,111,132,57,95,95,22,22,22,37,72,72,116,116,239,239,264,264,175,194,210,210,231,231,257,78,78,97,120,120,120,244,244,267,142,163,163,188,188],"floor_reached":40,"playtime":2851,"items_purged":["Strike_B","Strike_B","Strike_B"],"score":429,"play_id":"bdfae8e3-eefc-4ad9-87dd-61e85fe1cc0a","local_time":"20181213130127","is_ascension_mode":false,"campfire_choices":[{"floor":7,"key":"REST"},{"data":"Redo","floor":13,"key":"SMITH"},{"floor":15,"key":"REST"},{"data":"Creative AI","floor":23,"key":"SMITH"},{"floor":25,"key":"REST"},{"data":"Storm","floor":28,"key":"SMITH"},{"floor":32,"key":"REST"}],"neow_cost":"NONE","seed_source_timestamp":144425178538217,"circlet_count":0,"master_deck":["Strike_B","Defend_B","Defend_B+1","Defend_B","Defend_B","Zap","Dualcast+1","Redo+1","Storm","All For One","FTL","Beam Cell","Redo","Skim","Creative AI+1","Steam","Finesse","Beam Cell","Storm+1","Gash+1","Streamline","Fission","Storm","Force Field+1"],"relics":["Cracked Core","NeowsBlessing","Golden Idol","Incense Burner","Lantern","Bottled Tornado","Lizard Tail","Nloth\u0027s Gift","Bronze Scales","Black Star"],"potions_floor_usage":[16,24,33,40],"damage_taken":[{"damage":0,"enemies":"Small Slimes","floor":1,"turns":1},{"damage":0,"enemies":"Jaw Worm","floor":4,"turns":1},{"damage":0,"enemies":"Lagavulin","floor":6,"turns":1},{"damage":0,"enemies":"Cultist","floor":11,"turns":2},{"damage":17,"enemies":"3 Sentries","floor":12,"turns":6},{"damage":26,"enemies":"Lagavulin","floor":14,"turns":4},{"damage":38,"enemies":"Hexaghost","floor":16,"turns":8},{"damage":14,"enemies":"Spheric Guardian","floor":18,"turns":4},{"damage":52,"enemies":"2 Thieves","floor":21,"turns":5},{"damage":28,"enemies":"Cultist and Chosen","floor":22,"turns":7},{"damage":6,"enemies":"Snecko","floor":24,"turns":4},{"damage":15,"enemies":"Snake Plant","floor":29,"turns":2},{"damage":6,"enemies":"Cultist and Chosen","floor":30,"turns":3},{"damage":58,"enemies":"Collector","floor":33,"turns":8},{"damage":27,"enemies":"3 Darklings","floor":35,"turns":6},{"damage":6,"enemies":"3 Shapes","floor":37,"turns":3},{"damage":33,"enemies":"Jaw Worm Horde","floor":39,"turns":4},{"damage":23,"enemies":"Writhing Mass","floor":40,"turns":4}],"seed_played":"-7519350680382040433","potions_obtained":[{"floor":4,"key":"Block Potion"},{"floor":11,"key":"FairyPotion"},{"floor":14,"key":"Strength Potion"},{"floor":22,"key":"Weak Potion"},{"floor":24,"key":"Ancient Potion"},{"floor":37,"key":"Energy Potion"}],"is_trial":false,"path_per_floor":["M","?","?","M","$","E","R","$","T","?","M","E","R","E","R","B",null,"M","?","$","M","M","R","M","R","T","$","R","M","M","?","R","B",null,"M","$","M","?","M","M"],"character_chosen":"DEFECT","items_purchased":["FTL","Finesse","Storm"],"campfire_rested":4,"item_purchase_floors":[8,20,27],"current_hp_per_floor":[75,57,42,42,42,42,64,64,64,69,69,52,52,26,50,12,80,66,66,66,14,40,40,34,58,58,58,58,43,37,37,61,3,80,53,53,47,47,14,0],"gold":188,"neow_bonus":"THREE_ENEMY_KILL","is_prod":false,"is_daily":false,"chose_seed":false,"campfire_upgraded":3,"win_rate":0,"timestamp":1544727687,"path_taken":["M","?","?","?","$","E","R","?","T","?","M","E","R","E","R","BOSS","M","?","$","M","M","R","M","R","T","$","R","?","M","?","R","BOSS","M","$","M","?","M","M"],"build_version":"2018-12-06","purchased_purges":3,"victory":false,"max_hp_per_floor":[75,75,75,75,75,75,75,75,75,80,80,80,80,80,80,80,80,80,80,80,80,80,80,80,80,80,80,80,80,80,80,80,80,80,80,80,80,80,80,80],"card_choices":[{"not_picked":["Sweeping Beam","Gash"],"picked":"Redo","floor":1},{"not_picked":["Scrape","Doom and Gloom"],"picked":"Storm","floor":4},{"not_picked":["Cold Snap","Reprogram"],"picked":"All For One","floor":6},{"not_picked":["Hologram","Barrage"],"picked":"Beam Cell","floor":11},{"not_picked":["Leap","Aggregate"],"picked":"Redo","floor":12},{"not_picked":["Streamline","Barrage"],"picked":"Skim","floor":14},{"not_picked":["Multi-Cast","Thunder Strike"],"picked":"Creative AI","floor":16},{"not_picked":["Ball Lightning","Sweeping Beam"],"picked":"Steam","floor":18},{"not_picked":["Auto Shields","Glacier+1"],"picked":"Gash","floor":21},{"not_picked":["Loop","Stack+1","Glacier"],"picked":"SKIP","floor":22},{"not_picked":["Scrape","All For One"],"picked":"Beam Cell","floor":24},{"not_picked":["Coolheaded+1","Compile Driver+1"],"picked":"Gash+1","floor":29},{"not_picked":["Echo Form","Barrage"],"picked":"Streamline","floor":30},{"not_picked":["Creative AI","Rainbow"],"picked":"Fission","floor":33},{"not_picked":["Skim+1","Tempest+1","Aggregate"],"picked":"SKIP","floor":35},{"not_picked":["Chill+1","Defragment+1"],"picked":"Storm","floor":37},{"not_picked":["Redo","Compile Driver"],"picked":"Force Field+1","floor":39}],"player_experience":79130,"relics_obtained":[{"floor":6,"key":"Incense Burner"},{"floor":9,"key":"Lantern"},{"floor":12,"key":"Bottled Tornado"},{"floor":14,"key":"Juzu Bracelet"},{"floor":26,"key":"Bronze Scales"}],"event_choices":[{"damage_healed":0,"gold_gain":0,"player_choice":"Take Damage","damage_taken":18,"relics_obtained":["Golden Idol"],"max_hp_gain":0,"max_hp_loss":0,"event_name":"Golden Idol","floor":2,"gold_loss":0},{"damage_healed":0,"gold_gain":0,"player_choice":"Entered Light","damage_taken":15,"max_hp_gain":0,"max_hp_loss":0,"event_name":"Shining Light","floor":3,"gold_loss":0,"cards_upgraded":["Defend_B","Dualcast"]},{"damage_healed":0,"gold_gain":0,"player_choice":"Donut","damage_taken":0,"max_hp_gain":5,"max_hp_loss":0,"event_name":"Big Fish","floor":10,"gold_loss":0},{"damage_healed":0,"gold_gain":0,"player_choice":"Traded Relic","damage_taken":0,"relics_obtained":["Nloth\u0027s Gift"],"max_hp_gain":0,"max_hp_loss":0,"event_name":"N\u0027loth","floor":19,"relics_lost":["Juzu Bracelet"],"gold_loss":0},{"damage_healed":0,"gold_gain":0,"player_choice":"Ignored","damage_taken":0,"max_hp_gain":0,"max_hp_loss":0,"event_name":"Vampires","floor":31,"gold_loss":0},{"cards_removed":["Gash"],"damage_healed":0,"gold_gain":0,"player_choice":"Removed Attack","damage_taken":0,"max_hp_gain":0,"max_hp_loss":0,"event_name":"Falling","floor":38,"gold_loss":0}],"is_beta":false,"boss_relics":[{"not_picked":["Velvet Choker","Coffee Dripper"],"picked":"Lizard Tail"},{"not_picked":["Fusion Hammer","Runic Pyramid"],"picked":"Black Star"}],"items_purged_floors":[5,27,36],"is_endless":false,"potions_floor_spawned":[4,11,14,22,24,37],"killed_by":"Writhing Mass","ascension_level":0}