{"gold_per_floor":[111,111,111,36,48,81,100,120,120,135,35,54,85,85,85,180,180,191,205,215,228,83,83],"floor_reached":23,"playtime":2526,"items_purged":["Strike_R","Strike_R"],"score":276,"play_id":"c46823bf-78c5-4cc1-b633-b46148e02317","local_time":"20190508013228","is_ascension_mode":true,"campfire_choices":[{"data":"True Grit","floor":15,"key":"SMITH"}],"neow_cost":"NONE","seed_source_timestamp":336534803557812,"circlet_count":0,"master_deck":["Strike_R","Strike_R","Defend_R+1","Defend_R","Defend_R","Defend_R","Bash+1","Shrug It Off","True Grit+1","Feel No Pain","Shrug It Off","Metallicize","Pommel Strike","Spot Weakness","Rage","Demon Form","Ghostly Armor","Evolve","Feel No Pain+1","Burning Pact"],"relics":["Burning Blood","NeowsBlessing","Ancient Tea Set","Kunai","Calipers","Philosopher\u0027s Stone","Bronze Scales"],"potions_floor_usage":[10,12,23,23,23],"damage_taken":[{"damage":0,"enemies":"2 Louse","floor":1,"turns":1},{"damage":0,"enemies":"Jaw Worm","floor":5,"turns":1},{"damage":0,"enemies":"3 Sentries","floor":6,"turns":2},{"damage":3,"enemies":"Cultist","floor":7,"turns":4},{"damage":10,"enemies":"Blue Slaver","floor":8,"turns":4},{"damage":29,"enemies":"Gremlin Gang","floor":10,"turns":7},{"damage":24,"enemies":"Exordium Wildlife","floor":12,"turns":11},{"damage":17,"enemies":"Lagavulin","floor":13,"turns":12},{"damage":13,"enemies":"The Guardian","floor":16,"turns":11},{"damage":10,"enemies":"Shell Parasite","floor":18,"turns":6},{"damage":14,"enemies":"Spheric Guardian","floor":19,"turns":7},{"damage":35,"enemies":"Shelled Parasite and Fungi","floor":20,"turns":5},{"damage":9,"enemies":"Centurion and Healer","floor":21,"turns":10},{"damage":45,"enemies":"Gremlin Leader","floor":23,"turns":4}],"seed_played":"1458512733014459153","potions_obtained":[{"floor":5,"key":"LiquidBronze"},{"floor":8,"key":"Ancient Potion"},{"floor":10,"key":"Regen Potion"},{"floor":13,"key":"Explosive Potion"},{"floor":19,"key":"Strength Potion"},{"floor":20,"key":"Fire Potion"}],"is_trial":false,"path_per_floor":["M","?","?","$","M","E","M","M","T","M","$","M","E","?","R","B",null,"M","M","M","M","$","E"],"character_chosen":"IRONCLAD","items_purchased":["Bronze Scales"],"campfire_rested":0,"item_purchase_floors":[22],"current_hp_per_floor":[80,80,64,64,70,76,79,75,75,52,52,49,38,38,38,31,80,76,68,39,36,36,0],"gold":83,"neow_bonus":"THREE_ENEMY_KILL","is_prod":false,"is_daily":false,"chose_seed":false,"campfire_upgraded":1,"win_rate":0,"timestamp":1557297148,"path_taken":["M","?","?","?","?","E","M","M","T","M","$","M","E","?","R","BOSS","M","?","M","M","$","E"],"build_version":"2019-01-23","purchased_purges":2,"victory":false,"max_hp_per_floor":[80,80,80,80,80,80,80,80,80,80,80,80,80,80,80,80,80,80,80,80,80,80,80],"card_choices":[{"not_picked":["Clash","Intimidate"],"picked":"Shrug It Off","floor":1},{"not_picked":["Metallicize","Perfected Strike"],"picked":"True Grit","floor":5},{"not_picked":["Body Slam","Wild Strike"],"picked":"Warcry","floor":6},{"not_picked":["Inflame","Clash"],"picked":"Feel No Pain","floor":7},{"not_picked":["Combust","Warcry"],"picked":"Shrug It Off","floor":8},{"not_picked":["Anger","Rupture"],"picked":"Metallicize","floor":10},{"not_picked":["Shrug It Off","Wild Strike"],"picked":"Pommel Strike","floor":12},{"not_picked":["Heavy Blade","Combust"],"picked":"Spot Weakness","floor":13},{"not_picked":["Limit Break","Fiend Fire"],"picked":"Demon Form","floor":16},{"not_picked":["Warcry","Wild Strike+1"],"picked":"Ghostly Armor","floor":18},{"not_picked":["Havoc","Perfected Strike+1"],"picked":"Evolve","floor":19},{"not_picked":["Reckless Charge","Rampage"],"picked":"Feel No Pain+1","floor":20},{"not_picked":["Pommel Strike","Second Wind+1"],"picked":"Burning Pact","floor":21}],"player_experience":154868,"relics_obtained":[{"floor":6,"key":"Ancient Tea Set"},{"floor":9,"key":"Kunai"},{"floor":13,"key":"Calipers"}],"event_choices":[{"cards_removed":["Strike_R"],"damage_healed":0,"gold_gain":0,"player_choice":"Forget","damage_taken":0,"max_hp_gain":0,"max_hp_loss":0,"event_name":"Living Wall","floor":2,"gold_loss":0},{"damage_healed":0,"gold_gain":0,"player_choice":"Entered Light","damage_taken":16,"max_hp_gain":0,"max_hp_loss":0,"event_name":"Shining Light","floor":3,"gold_loss":0,"cards_upgraded":["Defend_R","Bash"]},{"damage_healed":0,"gold_gain":0,"cards_transformed":["Warcry"],"player_choice":"Transformed","damage_taken":0,"max_hp_gain":0,"max_hp_loss":0,"event_name":"Transmorgrifier","floor":14,"gold_loss":0,"cards_obtained":["Rage"]}],"is_beta":false,"boss_relics":[{"not_picked":["Eternal Feather","Pandora\u0027s Box"],"picked":"Philosopher\u0027s Stone"}],"items_purged_floors":[4,11],"is_endless":false,"potions_floor_spawned":[5,8,10,13,19,20,21],"killed_by":"Gremlin Leader","ascension_level":4}