{"gold_per_floor":[112,112,112,37,50,50,50,50,50,50,50,74,92,92,92,191,191,205,230,230,249,270,270,309,234,234,134,134,173,173,189,189,280,343,359,359,382,715,732,732,764,349,395,414,414,414,426,437,437,437],"floor_reached":51,"playtime":2171,"items_purged":["Strike_R","Strike_R","Strike_R"],"score":1189,"play_id":"269c349f-188f-4ba5-8bc8-eeca86d74de0","local_time":"20181219234105","is_ascension_mode":true,"campfire_choices":[{"data":"Searing Blow","floor":6,"key":"SMITH"},{"data":"Searing Blow+1","floor":8,"key":"SMITH"},{"data":"Searing Blow+2","floor":10,"key":"SMITH"},{"data":"Searing Blow+3","floor":15,"key":"SMITH"},{"data":"Searing Blow+4","floor":23,"key":"SMITH"},{"data":"Searing Blow+5","floor":28,"key":"SMITH"},{"data":"Searing Blow+6","floor":30,"key":"SMITH"},{"data":"Searing Blow+7","floor":32,"key":"SMITH"},{"data":"Searing Blow+8","floor":40,"key":"SMITH"},{"data":"Searing Blow+9","floor":46,"key":"SMITH"},{"data":"Searing Blow+10","floor":49,"key":"SMITH"}],"neow_cost":"NONE","seed_source_timestamp":622308968703533,"circlet_count":0,"master_deck":["AscendersBane","Strike_R","Defend_R","Defend_R","Defend_R+1","Defend_R","Bash","Searing Blow+11","Battle Trance","Feed","Ghostly","Ghostly","Ghostly","Ghostly","Ghostly","Dropkick","Shrug It Off+1","Corruption+1","Flash of Steel","Madness","Madness"],"relics":["Burning Blood","NeowsBlessing","Pear","Dream Catcher","Velvet Choker","Darkstone Periapt","Singing Bowl","Red Mask","Tiny House","Omamori","Anchor","Bronze Scales","Orichalcum"],"potions_floor_usage":[13,16,33,47,50],"damage_taken":[{"damage":0,"enemies":"Jaw Worm","floor":1,"turns":1},{"damage":0,"enemies":"Cultist","floor":5,"turns":1},{"damage":0,"enemies":"2 Louse","floor":12,"turns":1},{"damage":24,"enemies":"Lots of Slimes","floor":13,"turns":5},{"damage":74,"enemies":"Hexaghost","floor":16,"turns":9},{"damage":21,"enemies":"3 Byrds","floor":18,"turns":6},{"damage":1,"enemies":"Spheric Guardian","floor":19,"turns":3},{"damage":3,"enemies":"Centurion and Healer","floor":21,"turns":5},{"damage":25,"enemies":"Sentry and Sphere","floor":22,"turns":8},{"damage":2,"enemies":"Book of Stabbing","floor":24,"turns":5},{"damage":2,"enemies":"Masked Bandits","floor":29,"turns":6},{"damage":3,"enemies":"Snake Plant","floor":31,"turns":5},{"damage":3,"enemies":"Collector","floor":33,"turns":5},{"damage":1,"enemies":"3 Darklings","floor":35,"turns":5},{"damage":1,"enemies":"3 Shapes","floor":37,"turns":6},{"damage":4,"enemies":"Jaw Worm Horde","floor":39,"turns":5},{"damage":3,"enemies":"Giant Head","floor":41,"turns":6},{"damage":0,"enemies":"Sphere and 2 Shapes","floor":44,"turns":6},{"damage":0,"enemies":"Maw","floor":47,"turns":5},{"damage":0,"enemies":"Transient","floor":48,"turns":5},{"damage":37,"enemies":"Donu and Deca","floor":50,"turns":7}],"seed_played":"402120357212925057","potions_obtained":[{"floor":1,"key":"SneckoOil"},{"floor":12,"key":"Regen Potion"},{"floor":13,"key":"Explosive Potion"},{"floor":18,"key":"Ancient Potion"},{"floor":33,"key":"Poison Potion"},{"floor":39,"key":"Weak Potion"},{"floor":47,"key":"Energy Potion"}],"is_trial":false,"path_per_floor":["M","?","?","$","M","R","$","R","T","R","$","M","M","?","R","B",null,"M","M","?","M","M","R","E","?","T","$","R","?","R","M","R","B",null,"M","?","M","?","M","R","E","$","T","M","?","R","M","M","R","B",null],"character_chosen":"IRONCLAD","items_purchased":["Bronze Scales","Flash of Steel","Fire Potion"],"campfire_rested":0,"item_purchase_floors":[42,42,42],"current_hp_per_floor":[78,78,74,74,74,74,74,74,84,84,84,84,78,78,78,10,66,51,59,43,43,24,24,28,28,28,28,28,34,34,42,42,47,56,59,59,64,64,69,69,74,74,74,79,69,69,80,86,86,55],"gold":437,"neow_bonus":"THREE_ENEMY_KILL","is_prod":false,"is_daily":false,"chose_seed":false,"campfire_upgraded":11,"win_rate":0,"timestamp":1545234065,"path_taken":["M","?","?","?","?","R","$","R","T","R","$","M","M","?","R","BOSS","M","?","?","M","M","R","E","?","T","$","R","?","R","M","R","BOSS","M","?","?","?","M","R","E","$","T","M","?","R","M","M","R","BOSS"],"build_version":"2018-12-13","purchased_purges":3,"victory":true,"max_hp_per_floor":[80,80,74,74,74,74,74,74,84,84,84,84,84,84,84,84,84,84,87,43,43,43,43,43,43,43,43,43,45,45,50,50,52,57,59,59,64,64,69,69,74,74,74,79,79,79,84,86,86,86],"card_choices":[{"not_picked":["Wild Strike","Armaments"],"picked":"Searing Blow","floor":1},{"not_picked":["Flex","Headbutt","Iron Wave"],"picked":"SKIP","floor":5},{"not_picked":["Power Through","Warcry"],"picked":"Battle Trance","floor":12},{"not_picked":["Barricade","Flex","True Grit"],"picked":"SKIP","floor":13},{"not_picked":["Barricade","Dark Embrace"],"picked":"Feed","floor":16},{"not_picked":["Warcry","Rupture","Wild Strike"],"picked":"SKIP","floor":18},{"not_picked":["Carnage","Body Slam","Headbutt"],"picked":"SKIP","floor":19},{"not_picked":["Warcry","Metallicize"],"picked":"Dropkick","floor":21},{"not_picked":["Ghostly Armor+1","True Grit"],"picked":"Shrug It Off+1","floor":22},{"not_picked":["Fire Breathing","Perfected Strike","Wild Strike"],"picked":"SKIP","floor":24},{"not_picked":["Burning Pact","Havoc","Anger"],"picked":"Singing Bowl","floor":29},{"not_picked":["Pommel Strike","Body Slam","Spot Weakness"],"picked":"Singing Bowl","floor":31},{"not_picked":["Juggernaut","Barricade","Demon Form"],"picked":"Singing Bowl","floor":33},{"not_picked":["Thunderclap","Feel No Pain"],"picked":"Corruption+1","floor":34},{"not_picked":["Sword Boomerang","Flame Barrier","Pommel Strike"],"picked":"Singing Bowl","floor":35},{"not_picked":["Bloodletting","Pommel Strike","Heavy Blade+1"],"picked":"Singing Bowl","floor":37},{"not_picked":["Thunderclap","Pummel","Armaments"],"picked":"Singing Bowl","floor":39},{"not_picked":["Bloodletting","Entrench","Headbutt"],"picked":"Singing Bowl","floor":41},{"not_picked":["Body Slam+1","Sentinel+1","Sever Soul"],"picked":"Singing Bowl","floor":44},{"not_picked":["Flex+1","True Grit","Havoc"],"picked":"Singing Bowl","floor":47},{"not_picked":["Sword Boomerang","Impervious","Heavy Blade"],"picked":"Singing Bowl","floor":48}],"player_experience":592260,"relics_obtained":[{"floor":9,"key":"Pear"},{"floor":14,"key":"Dream Catcher"},{"floor":24,"key":"Darkstone Periapt"},{"floor":26,"key":"Singing Bowl"},{"floor":29,"key":"Red Mask"},{"floor":41,"key":"Anchor"},{"floor":43,"key":"Orichalcum"}],"event_choices":[{"damage_healed":0,"gold_gain":0,"player_choice":"Ignored","damage_taken":0,"max_hp_gain":0,"max_hp_loss":0,"event_name":"Liars Game","floor":2,"gold_loss":0},{"damage_healed":0,"gold_gain":0,"player_choice":"Lose Max HP","damage_taken":0,"relics_obtained":["Golden Idol"],"max_hp_gain":0,"max_hp_loss":6,"event_name":"Golden Idol","floor":3,"gold_loss":0},{"damage_healed":0,"gold_gain":0,"player_choice":"Relic","damage_taken":0,"max_hp_gain":0,"max_hp_loss":0,"event_name":"Wheel of Change","floor":14,"gold_loss":0},{"damage_healed":0,"gold_gain":0,"player_choice":"Became a Ghost","damage_taken":0,"max_hp_gain":0,"max_hp_loss":44,"event_name":"Ghosts","floor":20,"gold_loss":0,"cards_obtained":["Ghostly","Ghostly","Ghostly","Ghostly","Ghostly"]},{"cards_removed":["Strike_R"],"damage_healed":0,"gold_gain":0,"player_choice":"Gave Gold","damage_taken":0,"max_hp_gain":0,"max_hp_loss":0,"event_name":"Beggar","floor":25,"gold_loss":75},{"damage_healed":0,"gold_gain":0,"player_choice":"Fought Bandits","damage_taken":0,"max_hp_gain":0,"max_hp_loss":0,"event_name":"Masked Bandits","floor":29,"gold_loss":0},{"damage_healed":0,"gold_gain":0,"player_choice":"Gave Potion","damage_taken":0,"relics_obtained":["Omamori"],"max_hp_gain":0,"max_hp_loss":0,"event_name":"WeMeetAgain","floor":36,"gold_loss":0},{"damage_healed":0,"gold_gain":333,"player_choice":"Gave Idol","damage_taken":0,"max_hp_gain":0,"max_hp_loss":0,"event_name":"The Moai Head","floor":38,"relics_lost":["Golden Idol"],"gold_loss":0},{"damage_healed":0,"gold_gain":0,"player_choice":"Embrace Madness","damage_taken":10,"max_hp_gain":0,"max_hp_loss":0,"event_name":"Winding Halls","floor":45,"gold_loss":0,"cards_obtained":["Madness","Madness"]}],"is_beta":false,"boss_relics":[{"not_picked":["Mark of Pain","Runic Pyramid"],"picked":"Velvet Choker"},{"not_picked":["Philosopher\u0027s Stone","White Beast Statue"],"picked":"Tiny House"}],"items_purged_floors":[4,27,42],"is_endless":false,"potions_floor_spawned":[1,12,13,18,24,33,35,39,47,48],"ascension_level":13}