{"gold_per_floor":[118,43,43,43,43,68,84,84,84,97,97,125,125,145,145,145],"floor_reached":16,"playtime":636,"items_purged":["Strike_R"],"score":239,"play_id":"c6c200b6-977b-4788-b1d4-1fb6da683ad5","local_time":"20190109211001","is_ascension_mode":true,"campfire_choices":[{"data":"Cleave","floor":11,"key":"SMITH"},{"floor":13,"key":"REST"},{"data":"True Grit","floor":15,"key":"SMITH"}],"neow_cost":"NONE","seed_source_timestamp":192077760679920,"circlet_count":0,"master_deck":["AscendersBane","Strike_R","Strike_R+1","Strike_R","Defend_R","Defend_R+1","Defend_R","Defend_R","Bash","Twin Strike","Battle Trance","Cleave","Cleave+1","Sword Boomerang","True Grit+1"],"relics":["Burning Blood","NeowsBlessing","Ginger","Letter Opener","Bird Faced Urn"],"potions_floor_usage":[14],"damage_taken":[{"damage":0,"enemies":"2 Louse","floor":1,"turns":1},{"damage":0,"enemies":"3 Sentries","floor":6,"turns":2},{"damage":0,"enemies":"Cultist","floor":7,"turns":1},{"damage":9,"enemies":"Jaw Worm","floor":10,"turns":4},{"damage":47,"enemies":"Lagavulin","floor":12,"turns":7},{"damage":8,"enemies":"Large Slime","floor":14,"turns":3},{"damage":46,"enemies":"Hexaghost","floor":16,"turns":9}],"seed_played":"-556775324975857802","potions_obtained":[{"floor":1,"key":"Fire Potion"},{"floor":6,"key":"BloodPotion"},{"floor":10,"key":"Fire Potion"}],"is_trial":false,"path_per_floor":["M","$","?","?","$","E","M","?","T","M","R","E","R","M","R","B"],"character_chosen":"IRONCLAD","items_purchased":[],"campfire_rested":1,"item_purchase_floors":[],"current_hp_per_floor":[74,74,79,55,55,61,67,67,67,64,64,23,47,45,45,0],"gold":145,"neow_bonus":"THREE_ENEMY_KILL","is_prod":false,"is_daily":false,"chose_seed":false,"campfire_upgraded":2,"win_rate":0,"timestamp":1547039401,"path_taken":["M","$","?","?","$","E","M","?","T","M","R","E","R","M","R","BOSS"],"build_version":"2019-01-03v4","purchased_purges":1,"victory":false,"max_hp_per_floor":[75,75,80,80,80,80,80,80,80,80,80,80,80,80,80,80],"card_choices":[{"not_picked":["Corruption","Havoc"],"picked":"Twin Strike","floor":1},{"not_picked":["Heavy Blade","Twin Strike"],"picked":"Battle Trance","floor":6},{"not_picked":["Perfected Strike","Shockwave"],"picked":"Cleave","floor":7},{"not_picked":["Bloodletting","Warcry"],"picked":"Cleave","floor":10},{"not_picked":["Corruption","Pommel Strike"],"picked":"Sword Boomerang","floor":12},{"not_picked":["Twin Strike","Sword Boomerang"],"picked":"True Grit","floor":14}],"player_experience":651882,"relics_obtained":[{"floor":6,"key":"Ginger"},{"floor":9,"key":"Letter Opener"},{"floor":12,"key":"Bird Faced Urn"}],"event_choices":[{"damage_healed":0,"gold_gain":0,"player_choice":"Donut","damage_taken":0,"max_hp_gain":5,"max_hp_loss":0,"event_name":"Big Fish","floor":3,"gold_loss":0},{"damage_healed":0,"gold_gain":0,"player_choice":"Entered Light","damage_taken":24,"max_hp_gain":0,"max_hp_loss":0,"event_name":"Shining Light","floor":4,"gold_loss":0,"cards_upgraded":["Defend_R","Strike_R"]},{"cards_removed":["Strike_R"],"damage_healed":0,"gold_gain":0,"player_choice":"Offered Basic","damage_taken":0,"max_hp_gain":0,"max_hp_loss":0,"event_name":"Bonfire Elementals","floor":8,"gold_loss":0}],"is_beta":false,"boss_relics":[],"items_purged_floors":[2],"is_endless":false,"potions_floor_spawned":[1,6,10],"killed_by":"Hexaghost","ascension_level":16}