{"gold_per_floor":[116,116,141,156,57,57,88,88,88,103,131,150,178,353,353,458,458,471,484,399,417,417,452,452,477,477,489,489,262,273,304,304,405,405,424,524,524,544,562,562,590,590,590,619,619,949,960,58,58,58,58,58,55,86,86],"floor_reached":55,"playtime":4671,"items_purged":["Strike_B","Defend_B","Defend_B","Defend_B"],"score":1232,"play_id":"b594d483-9ad3-434a-bef5-a0f5528a9c17","local_time":"20190124112434","is_ascension_mode":true,"campfire_choices":[{"data":"Zap","floor":6,"key":"SMITH"},{"data":"Buffer","floor":8,"key":"SMITH"},{"floor":15,"key":"RECALL"},{"data":"Gash","floor":24,"key":"SMITH"},{"data":"Seek","floor":28,"key":"SMITH"},{"data":"Panache","floor":32,"key":"SMITH"},{"data":"Doubt","floor":40,"key":"PURGE"},{"data":"Transmutation","floor":49,"key":"SMITH"},{"data":"Echo Form","floor":52,"key":"SMITH"}],"neow_cost":"PERCENT_DAMAGE","seed_source_timestamp":226337660305200,"circlet_count":0,"master_deck":["Defend_B+1","Zap+1","Dualcast+1","Gash","Gash+1","Hologram","Buffer+1","Gash","Gash","Beam Cell","Rebound+1","Seek+1","Gash+1","Go for the Eyes","Reprogram","Ghostly","Ghostly","Ghostly","Ghostly","Scrape+1","Go for the Eyes+1","Echo Form+1","Panache+1","Loop","Go for the Eyes","White Noise","Stack","Gash","All For One","Scrape+1","Violence","Apotheosis","Transmutation+1","Turbo+1","Compile Driver","Coolheaded","Go for the Eyes+1","Seek","Finesse","Gash+1","Scrape+1","Violence"],"relics":["Cracked Core","Bag of Marbles","Question Card","Bottled Flame","Dodecahedron","Black Star","Dream Catcher","War Paint","Bird Faced Urn","Pen Nib","Bottled Lightning","Letter Opener","Pantograph","Whetstone","Toolbox","Peace Pipe","DataDisk","Coffee Dripper","Unceasing Top","Bottled Tornado","Blood Vial","PreservedInsect","Molten Egg 2","Potion Belt","Torii","Old Coin","Bronze Scales","Juzu Bracelet","StoneCalendar","Medical Kit","Orichalcum","Anchor","OrangePellets","Gremlin Horn","Vajra"],"potions_floor_usage":[16,54,54,54],"damage_taken":[{"damage":7,"enemies":"Small Slimes","floor":1,"turns":5},{"damage":11,"enemies":"Jaw Worm","floor":4,"turns":5},{"damage":60,"enemies":"Gremlin Nob","floor":7,"turns":5},{"damage":0,"enemies":"2 Louse","floor":10,"turns":2},{"damage":40,"enemies":"3 Sentries","floor":11,"turns":9},{"damage":0,"enemies":"Blue Slaver","floor":12,"turns":2},{"damage":0,"enemies":"Gremlin Nob","floor":13,"turns":3},{"damage":0,"enemies":"Slime Boss","floor":16,"turns":7},{"damage":11,"enemies":"Spheric Guardian","floor":18,"turns":4},{"damage":31,"enemies":"2 Thieves","floor":19,"turns":4},{"damage":21,"enemies":"Snake Plant","floor":21,"turns":3},{"damage":41,"enemies":"Slavers","floor":23,"turns":7},{"damage":88,"enemies":"Gremlin Leader","floor":25,"turns":7},{"damage":22,"enemies":"Sentry and Sphere","floor":27,"turns":5},{"damage":11,"enemies":"Centurion and Healer","floor":30,"turns":5},{"damage":42,"enemies":"Book of Stabbing","floor":31,"turns":5},{"damage":15,"enemies":"Collector","floor":33,"turns":8},{"damage":34,"enemies":"3 Darklings","floor":35,"turns":4},{"damage":25,"enemies":"Mind Bloom Boss Battle","floor":36,"turns":5},{"damage":0,"enemies":"Orb Walker","floor":38,"turns":1},{"damage":0,"enemies":"Writhing Mass","floor":39,"turns":2},{"damage":1,"enemies":"Giant Head","floor":41,"turns":4},{"damage":21,"enemies":"Nemesis","floor":44,"turns":3},{"damage":18,"enemies":"Reptomancer","floor":46,"turns":4},{"damage":0,"enemies":"Spire Growth","floor":47,"turns":3},{"damage":23,"enemies":"Awakened One","floor":50,"turns":6},{"damage":12,"enemies":"Shield and Spear","floor":54,"turns":2},{"damage":64,"enemies":"The Heart","floor":55,"turns":2}],"seed_played":"-4099359222425983407","potions_obtained":[{"floor":4,"key":"Energy Potion"},{"floor":7,"key":"SkillPotion"},{"floor":13,"key":"FocusPotion"},{"floor":16,"key":"FearPotion"},{"floor":18,"key":"Explosive Potion"},{"floor":39,"key":"AttackPotion"},{"floor":47,"key":"Weak Potion"},{"floor":54,"key":"Block Potion"}],"is_trial":false,"path_per_floor":["M","?","T","M","$","R","E","R","T","M","E","M","E","?","R","B",null,"M","M","?","M","?","E","R","E","T","M","R","$","M","E","R","B",null,"M","?","?","M","M","R","E","T","T","E","?","E","M","$","R","B",null,"R","$","E","B"],"character_chosen":"DEFECT","items_purchased":["Hologram","Panache","Loop","Pantograph","Whetstone","Toolbox","Go for the Eyes","White Noise","Stack","Finesse","Juzu Bracelet","StoneCalendar","Medical Kit","Fire Potion","Gash+1","Scrape+1","Orichalcum","Anchor","OrangePellets","Violence"],"campfire_rested":0,"item_purchase_floors":[5,29,29,29,29,29,29,29,29,48,48,48,48,48,53,53,53,53,53,53],"current_hp_per_floor":[47,40,40,75,75,75,75,75,75,75,84,84,84,84,84,84,75,64,33,33,86,37,963,963,14,14,77,77,77,37,37,37,37,37,37,37,37,37,37,37,37,37,37,37,37,37,37,37,37,37,37,37,37,37,37],"gold":86,"neow_bonus":"REMOVE_TWO","is_prod":false,"is_daily":false,"chose_seed":false,"campfire_upgraded":7,"win_rate":0,"timestamp":1548325474,"path_taken":["M","?","?","M","$","R","E","R","T","M","E","M","E","?","R","BOSS","M","M","?","M","?","E","R","E","T","M","R","$","M","E","R","BOSS","M","?","?","M","?","R","E","?","T","E","?","E","M","$","R","BOSS","R","$","E","BOSS"],"build_version":"2019-01-23","purchased_purges":4,"victory":false,"max_hp_per_floor":[75,75,75,75,75,75,75,75,75,75,75,75,75,75,75,75,75,75,75,75,75,37,37,37,37,37,37,37,37,37,37,37,37,37,37,37,37,37,37,37,37,37,37,37,37,37,37,37,37,37,37,37,37,37,37],"card_choices":[{"not_picked":["Ball Lightning","Go for the Eyes"],"picked":"Gash","floor":1},{"not_picked":["Cold Snap","Scrape"],"picked":"Gash","floor":4},{"not_picked":["Streamline","Meteor Strike"],"picked":"Buffer","floor":7},{"not_picked":["Rip and Tear","Conserve Battery","Leap"],"picked":"Gash","floor":10},{"not_picked":["Leap","Doom and Gloom","Redo"],"picked":"Gash","floor":11},{"not_picked":["Rip and Tear","Compile Driver","Redo"],"picked":"Beam Cell","floor":12},{"not_picked":["Streamline","Reinforced Body","Steam"],"picked":"Rebound","floor":13},{"not_picked":["Electrodynamics","Thunder Strike","Core Surge"],"picked":"Seek","floor":16},{"not_picked":["Cold Snap+1","Turbo+1","Leap"],"picked":"Gash+1","floor":18},{"not_picked":["Conserve Battery+1","Beam Cell","Ball Lightning"],"picked":"Go for the Eyes","floor":19},{"not_picked":["Multi-Cast","Fusion+1","Self Repair"],"picked":"Reprogram","floor":21},{"not_picked":["Darkness","Double Energy","Redo+1"],"picked":"Scrape","floor":23},{"not_picked":["Redo","Streamline+1","Conserve Battery"],"picked":"Go for the Eyes+1","floor":25},{"not_picked":["Redo","Stack","Aggregate"],"picked":"Echo Form","floor":27},{"not_picked":["Self Repair","Conserve Battery","Barrage","Beam Cell+1"],"picked":"SKIP","floor":30},{"not_picked":["Ball Lightning","Redo","Streamline"],"picked":"Gash","floor":31},{"not_picked":["Amplify","Seek","Thunder Strike"],"picked":"All For One","floor":33},{"not_picked":["Conserve Battery","Go for the Eyes+1","Stack","Redo"],"picked":"SKIP","floor":35},{"not_picked":["Darkness","Barrage","Sunder"],"picked":"Scrape+1","floor":36},{"not_picked":["Dark Shackles","Swift Strike","Secret Weapon"],"picked":"Violence","floor":37},{"not_picked":["Secret Technique","Dramatic Entrance","Transmutation"],"picked":"Apotheosis","floor":37},{"not_picked":["Trip","Madness","Forethought"],"picked":"Transmutation","floor":37},{"not_picked":["Fusion","Lockon+1","Go for the Eyes"],"picked":"Turbo+1","floor":38},{"not_picked":["Stack+1","Rip and Tear","Cold Snap"],"picked":"Compile Driver","floor":39},{"not_picked":["Core Surge","Force Field+1","Conserve Battery"],"picked":"Coolheaded","floor":41},{"not_picked":["Storm","Buffer","Redo"],"picked":"Go for the Eyes+1","floor":44},{"not_picked":["Barrage+1","Streamline+1","Sweeping Beam+1"],"picked":"Seek","floor":46},{"not_picked":["Undo","Doom and Gloom+1","Leap+1","Conserve Battery"],"picked":"SKIP","floor":47},{"not_picked":["Beam Cell+1","Aggregate","Double Energy","Melter+1"],"picked":"SKIP","floor":54}],"player_experience":103207,"relics_obtained":[{"floor":7,"key":"Bag of Marbles"},{"floor":9,"key":"Question Card"},{"floor":11,"key":"Bottled Flame"},{"floor":13,"key":"Dodecahedron"},{"floor":23,"key":"War Paint"},{"floor":23,"key":"Bird Faced Urn"},{"floor":25,"key":"Pen Nib"},{"floor":25,"key":"Bottled Lightning"},{"floor":26,"key":"Letter Opener"},{"floor":31,"key":"Peace Pipe"},{"floor":31,"key":"DataDisk"},{"floor":36,"key":"Unceasing Top"},{"floor":41,"key":"Bottled Tornado"},{"floor":41,"key":"Blood Vial"},{"floor":42,"key":"PreservedInsect"},{"floor":43,"key":"Molten Egg 2"},{"floor":44,"key":"Potion Belt"},{"floor":44,"key":"Torii"},{"floor":46,"key":"Old Coin"},{"floor":46,"key":"Bronze Scales"},{"floor":54,"key":"Gremlin Horn"},{"floor":54,"key":"Vajra"}],"event_choices":[{"cards_removed":["Strike_B"],"damage_healed":0,"gold_gain":0,"player_choice":"Card Removal","damage_taken":7,"max_hp_gain":0,"max_hp_loss":0,"event_name":"Golden Wing","floor":2,"gold_loss":0},{"damage_healed":0,"gold_gain":175,"player_choice":"AGREE","damage_taken":0,"max_hp_gain":0,"max_hp_loss":0,"event_name":"Liars Game","floor":14,"gold_loss":0,"cards_obtained":["Doubt"]},{"damage_healed":0,"gold_gain":0,"player_choice":"Obtained Relic","damage_taken":0,"relics_obtained":["Dream Catcher"],"max_hp_gain":0,"max_hp_loss":0,"event_name":"Addict","floor":20,"gold_loss":85},{"damage_healed":0,"gold_gain":0,"player_choice":"Became a Ghost","damage_taken":0,"max_hp_gain":0,"max_hp_loss":38,"event_name":"Ghosts","floor":22,"gold_loss":0,"cards_obtained":["Ghostly","Ghostly","Ghostly","Ghostly","Ghostly"]},{"damage_healed":0,"gold_gain":0,"player_choice":"Fight","damage_taken":0,"max_hp_gain":0,"max_hp_loss":0,"event_name":"MindBloom","floor":36,"gold_loss":0},{"damage_healed":0,"gold_gain":0,"player_choice":"Memory 3","damage_taken":10,"max_hp_gain":0,"max_hp_loss":0,"event_name":"SensoryStone","floor":37,"gold_loss":0},{"cards_removed":["Ghostly"],"damage_healed":0,"gold_gain":0,"player_choice":"Removed Skill","damage_taken":0,"max_hp_gain":0,"max_hp_loss":0,"event_name":"Falling","floor":45,"gold_loss":0}],"is_beta":false,"boss_relics":[{"not_picked":["Cursed Key","Calling Bell"],"picked":"Black Star"},{"not_picked":["Empty Cage","Astrolabe"],"picked":"Coffee Dripper"}],"items_purged_floors":[5,29,48,53],"is_endless":false,"potions_floor_spawned":[4,7,13,16,18,19,21,27,35,38,39,47,54],"killed_by":"The Heart","ascension_level":4}