{"gold_per_floor":[116,128,78,91,91,102,102,116,116,116,116,116,147,158,158,256,256,272,372,342,355,374,374,374],"floor_reached":24,"playtime":2131,"items_purged":[],"score":223,"play_id":"2c260048-1062-4f2e-8838-acd69f40b23e","local_time":"20190122213051","is_ascension_mode":false,"campfire_choices":[{"data":"Metallicize","floor":7.0,"key":"SMITH"},{"data":"Searing Blow","floor":10.0,"key":"SMITH"},{"data":"Searing Blow+1","floor":12.0,"key":"SMITH"},{"data":"Searing Blow+2","floor":15.0,"key":"SMITH"},{"data":"Demon Form","floor":23.0,"key":"SMITH"}],"neow_cost":"NONE","seed_source_timestamp":92439631917100,"circlet_count":0,"master_deck":["Strike_R","Strike_R","Strike_R","Strike_R","Strike_R","Defend_R","Defend_R","Defend_R","Bash","Searing Blow+3","Metallicize+1","Bloodletting","Clash","Dual Wield","Feed+1","Battle Trance","Demon Form+1","Iron Wave+1","Metallicize","True Grit","Anger+1"],"special_seed":0,"relics":["Burning Blood","Molten Egg 2","Incense Burner","Eternal Feather","Ginger","Sundial"],"potions_floor_usage":[],"damage_taken":[{"damage":10.0,"enemies":"Small Slimes","floor":1.0,"turns":4.0},{"damage":0.0,"enemies":"2 Louse","floor":2.0,"turns":3.0},{"damage":1.0,"enemies":"Cultist","floor":4.0,"turns":4.0},{"damage":11.0,"enemies":"Blue Slaver","floor":6.0,"turns":4.0},{"damage":24.0,"enemies":"Exordium Wildlife","floor":8.0,"turns":7.0},{"damage":36.0,"enemies":"3 Sentries","floor":13.0,"turns":8.0},{"damage":12.0,"enemies":"3 Louse","floor":14.0,"turns":3.0},{"damage":33.0,"enemies":"Slime Boss","floor":16.0,"turns":13.0},{"damage":12.0,"enemies":"Shell Parasite","floor":18.0,"turns":5.0},{"damage":23.0,"enemies":"Colosseum Slavers","floor":19.0,"turns":4.0},{"damage":44.0,"enemies":"Colosseum Nobs","floor":19.0,"turns":6.0},{"damage":7.0,"enemies":"Chosen","floor":21.0,"turns":6.0},{"damage":31.0,"enemies":"Centurion and Healer","floor":22.0,"turns":7.0},{"damage":29,"enemies":"Slavers","floor":24,"turns":2}],"seed_played":"396298004204910998","potions_obtained":[{"floor":4.0,"key":"Swift Potion"},{"floor":5.0,"key":"EssenceOfSteel"},{"floor":5.0,"key":"Block Potion"},{"floor":8.0,"key":"SteroidPotion"},{"floor":16.0,"key":"Energy Potion"},{"floor":19.0,"key":"Strength Potion"},{"floor":20.0,"key":"FearPotion"},{"floor":20.0,"key":"EssenceOfSteel"},{"floor":21.0,"key":"SteroidPotion"},{"floor":22.0,"key":"Strength Potion"}],"is_trial":false,"path_per_floor":["M","M","?","M","?","M","R","M","T","R","?","R","E","M","R","B",null,"M","?","?","M","M","R","E"],"character_chosen":"IRONCLAD","items_purchased":[],"campfire_rested":0,"item_purchase_floors":[],"current_hp_per_floor":[84,88,88,88,88,83,83,65,65,65,70,70,40,38,38,11,97,95,40,40,39,14,26,0],"gold":374,"neow_bonus":"TEN_PERCENT_HP_BONUS","is_prod":false,"is_daily":false,"chose_seed":false,"campfire_upgraded":5,"win_rate":0.0,"timestamp":1548189051,"path_taken":["M","M","?","M","?","?","R","M","T","R","?","R","E","M","R","BOSS","M","?","?","?","M","R","E"],"build_version":"2019-01-17v2","purchased_purges":0,"victory":false,"max_hp_per_floor":[88,88,88,88,88,88,88,88,88,88,93,93,93,97,97,97,97,101,101,101,101,101,101,101],"card_choices":[{"not_picked":["Headbutt","Sword Boomerang"],"picked":"Searing Blow","floor":1.0},{"not_picked":["True Grit","Flame Barrier"],"picked":"Metallicize","floor":2.0},{"not_picked":["Sword Boomerang","True Grit"],"picked":"Bloodletting","floor":4.0},{"not_picked":["Burning Pact","Bludgeon"],"picked":"Clash","floor":6.0},{"not_picked":["Body Slam","Spot Weakness"],"picked":"Dual Wield","floor":8.0},{"not_picked":["Corruption","Heavy Blade+1"],"picked":"Feed+1","floor":13.0},{"not_picked":["Shockwave","Flame Barrier"],"picked":"Battle Trance","floor":14.0},{"not_picked":["Bludgeon+1","Impervious"],"picked":"Demon Form","floor":16.0},{"not_picked":["Whirlwind+1","Pommel Strike+1"],"picked":"Iron Wave+1","floor":18.0},{"not_picked":["Perfected Strike+1","Cleave+1"],"picked":"Metallicize","floor":19.0},{"not_picked":["Perfected Strike+1","Carnage+1"],"picked":"True Grit","floor":21.0},{"not_picked":["Reckless Charge+1","Perfected Strike+1"],"picked":"Anger+1","floor":22.0}],"player_experience":70353,"relics_obtained":[{"floor":9.0,"key":"Molten Egg 2"},{"floor":13.0,"key":"Incense Burner"},{"floor":19.0,"key":"Ginger"},{"floor":19.0,"key":"Sundial"}],"event_choices":[{"cards_removed":["Defend_R"],"damage_healed":0.0,"max_hp_gain":0.0,"max_hp_loss":0.0,"gold_gain":0.0,"event_name":"The Cleric","player_choice":"Card Removal","floor":3.0,"gold_loss":50.0,"damage_taken":0.0},{"damage_healed":0.0,"max_hp_gain":0.0,"max_hp_loss":0.0,"gold_gain":0.0,"event_name":"Lab","player_choice":"Got Potions","floor":5.0,"gold_loss":0.0,"damage_taken":0.0},{"damage_healed":0.0,"max_hp_gain":5.0,"max_hp_loss":0.0,"gold_gain":0.0,"event_name":"Big Fish","player_choice":"Donut","floor":11.0,"gold_loss":0.0,"damage_taken":0.0},{"damage_healed":0.0,"max_hp_gain":0.0,"max_hp_loss":0.0,"gold_gain":0.0,"event_name":"Colosseum","player_choice":"Fight","floor":19.0,"gold_loss":0.0,"damage_taken":0.0},{"damage_healed":0.0,"max_hp_gain":0.0,"max_hp_loss":0.0,"gold_gain":0.0,"event_name":"Colosseum","player_choice":"Fought Nobs","floor":19.0,"gold_loss":0.0,"damage_taken":0.0},{"damage_healed":0.0,"max_hp_gain":0.0,"max_hp_loss":0.0,"gold_gain":0.0,"event_name":"The Woman in Blue","player_choice":"Bought 2 Potions","floor":20.0,"gold_loss":0.0,"damage_taken":0.0}],"is_beta":false,"boss_relics":[{"not_picked":["Runic Pyramid","Runic Dome"],"picked":"Eternal Feather"}],"items_purged_floors":[],"is_endless":false,"potions_floor_spawned":[4,6,8,16,19,21,22],"killed_by":"Slavers","ascension_level":0}