{"gold_per_floor":[115,115,115,134,59,59,93,110,157,157,188,206,186,213,213,213],"floor_reached":16,"playtime":457,"items_purged":["Strike_B"],"score":200,"play_id":"cd2cca36-b29a-48b3-a546-7f2ee4453201","local_time":"20181213001025","is_ascension_mode":true,"campfire_choices":[{"data":"Zap","floor":6,"key":"SMITH"},{"data":"Dualcast","floor":10,"key":"SMITH"},{"floor":15,"key":"REST"}],"neow_cost":"NONE","seed_source_timestamp":20998839105765,"circlet_count":0,"master_deck":["Strike_B","Strike_B","Defend_B","Defend_B","Defend_B","Defend_B","Zap+1","Dualcast+1","Gash","Leap","Leap","Hologram","Sunder"],"relics":["Cracked Core","NeowsBlessing","Ancient Tea Set","Darkstone Periapt","Bag of Marbles","Anchor","Sundial"],"potions_floor_usage":[14,16,16],"damage_taken":[{"damage":0,"enemies":"Jaw Worm","floor":1,"turns":1},{"damage":0,"enemies":"2 Louse","floor":4,"turns":1},{"damage":0,"enemies":"Lagavulin","floor":7,"turns":1},{"damage":0,"enemies":"Small Slimes","floor":8,"turns":3},{"damage":24,"enemies":"Gremlin Nob","floor":11,"turns":4},{"damage":1,"enemies":"Red Slaver","floor":12,"turns":4},{"damage":27,"enemies":"Lagavulin","floor":14,"turns":5},{"damage":37,"enemies":"Hexaghost","floor":16,"turns":12}],"seed_played":"869876417991510952","potions_obtained":[{"floor":11,"key":"PowerPotion"},{"floor":12,"key":"EssenceOfSteel"},{"floor":13,"key":"SkillPotion"}],"is_trial":false,"path_per_floor":["M","?","?","M","$","R","E","M","T","R","E","M","?","E","R","B"],"character_chosen":"DEFECT","items_purchased":[],"campfire_rested":1,"item_purchase_floors":[],"current_hp_per_floor":[68,65,65,65,65,65,65,65,65,65,41,40,40,13,35,0],"gold":213,"neow_bonus":"THREE_ENEMY_KILL","is_prod":false,"is_daily":false,"chose_seed":false,"campfire_upgraded":2,"win_rate":0,"timestamp":1544631025,"path_taken":["M","?","?","M","$","R","E","M","T","R","E","M","?","E","R","BOSS"],"build_version":"2018-12-06","purchased_purges":1,"victory":false,"max_hp_per_floor":[75,75,75,75,75,75,75,75,75,75,75,75,75,75,75,75],"card_choices":[{"not_picked":["Steam Power","Redo"],"picked":"Gash","floor":1},{"not_picked":["Stack","Hyperbeam"],"picked":"Leap","floor":4},{"not_picked":["Ball Lightning","Go for the Eyes","Reprogram"],"picked":"SKIP","floor":7},{"not_picked":["Streamline","Sweeping Beam"],"picked":"Leap","floor":8},{"not_picked":["Reinforced Body","Tempest"],"picked":"Hologram","floor":11},{"not_picked":["Compile Driver","Redo"],"picked":"Sunder","floor":12},{"not_picked":["Tempest","Steam Power","Doom and Gloom"],"picked":"SKIP","floor":14}],"player_experience":552991,"relics_obtained":[{"floor":7,"key":"Darkstone Periapt"},{"floor":9,"key":"Bag of Marbles"},{"floor":11,"key":"Anchor"},{"floor":14,"key":"Sundial"}],"event_choices":[{"damage_healed":0,"gold_gain":0,"player_choice":"Success","damage_taken":3,"relics_obtained":["Ancient Tea Set"],"max_hp_gain":0,"max_hp_loss":0,"event_name":"Scrap Ooze","floor":2,"gold_loss":0},{"cards_removed":["Strike_B"],"damage_healed":0,"gold_gain":0,"player_choice":"Forget","damage_taken":0,"max_hp_gain":0,"max_hp_loss":0,"event_name":"Living Wall","floor":3,"gold_loss":0},{"damage_healed":0,"gold_gain":0,"player_choice":"Bought 1 Potion","damage_taken":0,"max_hp_gain":0,"max_hp_loss":0,"event_name":"The Woman in Blue","floor":13,"gold_loss":0}],"is_beta":false,"boss_relics":[],"items_purged_floors":[5],"is_endless":false,"potions_floor_spawned":[11,12],"killed_by":"Hexaghost","ascension_level":8}