{"path_per_floor":["M","M","$","?","?","R","?","$","T","M","?","R","M","M","R","B",null,"M","$","T","?","M","R","E","?","T","R","M"],"character_chosen":"DEFECT","items_purchased":["Molten Egg 2"],"gold_per_floor":[209,222,147,147,147,147,127,27,102,118,118,118,136,150,150,246,246,264,25,25,25,37,37,64,64,64,64,76,76],"floor_reached":29,"campfire_rested":3,"playtime":1300,"current_hp_per_floor":[58,57,57,57,57,57,57,57,57,52,52,52,47,39,61,61,72,46,46,46,46,29,51,12,12,12,34,4,0],"items_purged":["Defend_B","Injury"],"gold":76,"score":379,"play_id":"fe9fe1a9-0e9c-4766-b013-6c5b2c56a192","local_time":"20180429034009","is_prod":false,"is_daily":false,"chose_seed":false,"is_ascension_mode":true,"campfire_upgraded":2,"timestamp":1524991209,"path_taken":["M","M","$","?","?","R","?","$","T","M","?","R","M","M","R","BOSS","M","$","?","?","M","R","E","?","T","R","?","M"],"build_version":"2018-04-27v3","seed_source_timestamp":143081143688012,"purchased_purges":2,"victory":false,"master_deck":["Strike_B+1","Defend_B+1","Defend_B","Zap+1","Dualcast","Ball Lightning+1","Heatsinks","Ball Lightning","Creative AI","Force Field+1","Blaster+1","Seek+1","Coolheaded+1","Decay"],"max_hp_per_floor":[75,75,75,75,75,75,75,75,75,75,75,75,75,75,75,75,75,75,75,75,75,75,75,75,75,75,75,75,75],"relics":["Cracked Core","Tiny Chest","Astrolabe","Molten Egg 2","Anchor","Pantograph","Darkstone Periapt"],"card_choices":[{"not_picked":["Chill","Sweeping Beam"],"picked":"Ball Lightning","floor":2},{"not_picked":["Go for the Eyes","Hello World"],"picked":"Ball Lightning","floor":13},{"not_picked":["Rainbow","Machine Learning"],"picked":"Creative AI","floor":16},{"not_picked":["Capacitor","Nova"],"picked":"Coolheaded","floor":24}],"player_experience":107181,"potions_floor_usage":[16,16,18],"damage_taken":[{"damage":10,"enemies":"Small Slimes","floor":1,"turns":3},{"damage":1,"enemies":"Cultist","floor":2,"turns":4},{"damage":5,"enemies":"2 Louse","floor":10,"turns":2},{"damage":5,"enemies":"Gremlin Gang","floor":13,"turns":4},{"damage":8,"enemies":"Blue Slaver","floor":14,"turns":3},{"damage":0,"enemies":"Slime Boss","floor":16,"turns":6},{"damage":26,"enemies":"3 Byrds","floor":18,"turns":4},{"damage":17,"enemies":"Spheric Guardian","floor":22,"turns":4},{"damage":39,"enemies":"Gremlin Leader","floor":24,"turns":7},{"damage":30,"enemies":"Centurion and Healer","floor":28,"turns":9},{"damage":9,"enemies":"Cultist and Chosen","floor":29,"turns":2}],"event_choices":[{"event_name":"Upgrade Shrine","player_choice":"Upgraded","floor":4,"damage_taken":0},{"event_name":"Accursed Blacksmith","player_choice":"Forge","floor":5,"damage_taken":0},{"event_name":"The Woman in Blue","player_choice":"Bought 1 Potion","floor":7,"damage_taken":0},{"event_name":"Transmorgrifier","player_choice":"Transform","floor":11,"damage_taken":0},{"event_name":"Beggar","player_choice":"Ignored","floor":21,"damage_taken":0},{"event_name":"Forgotten Altar","player_choice":"Smashed Altar","floor":25,"damage_taken":0}],"boss_relics":[{"not_picked":["Tiny House","Runic Dome"],"picked":"Astrolabe"}],"potions_floor_spawned":[2,16,22],"seed_played":"-132579586255039520","killed_by":"Cultist and Chosen","ascension_level":7,"is_trial":false}