{"gold_per_floor":[110,110,30,40,40,40,67,77,77,111,111,111,126,153,153,153],"floor_reached":16,"playtime":630,"items_purged":[],"score":157,"play_id":"d64b6784-b447-4d59-9362-32708fa84311","local_time":"20190610222828","is_ascension_mode":true,"campfire_choices":[{"data":"Blur","floor":6,"key":"SMITH"},{"data":"A Thousand Cuts","floor":11,"key":"SMITH"},{"data":"Footwork","floor":15,"key":"SMITH"}],"neow_cost":"NONE","seed_source_timestamp":276430096396994,"circlet_count":0,"master_deck":["Defend_G","Defend_G","Defend_G","Defend_G","Defend_G","Strike_G","Strike_G","Strike_G","Strike_G","Survivor","Neutralize","Blur+1","Footwork+1","Deflect","A Thousand Cuts+1","Prepared"],"relics":["Ring of the Snake","NeowsBlessing","Orichalcum","Art of War","Bottled Tornado","Vajra"],"potions_floor_usage":[16,16,16],"damage_taken":[{"damage":0,"enemies":"Cultist","floor":1,"turns":1},{"damage":0,"enemies":"2 Louse","floor":4,"turns":1},{"damage":0,"enemies":"Jaw Worm","floor":8,"turns":1},{"damage":6,"enemies":"Lagavulin","floor":10,"turns":11},{"damage":9,"enemies":"Red Slaver","floor":13,"turns":5},{"damage":31,"enemies":"Gremlin Nob","floor":14,"turns":7},{"damage":19,"enemies":"Hexaghost","floor":16,"turns":16}],"seed_played":"-3798194549314281912","potions_obtained":[{"floor":4,"key":"Ancient Potion"},{"floor":8,"key":"Dexterity Potion"},{"floor":14,"key":"EssenceOfSteel"}],"is_trial":false,"path_per_floor":["M","?","$","M","?","R","T","M","T","E","R","?","M","E","R","B"],"character_chosen":"THE_SILENT","items_purchased":["Footwork"],"campfire_rested":0,"item_purchase_floors":[3],"current_hp_per_floor":[63,63,63,63,68,68,68,68,68,62,62,55,46,15,15,0],"gold":153,"neow_bonus":"THREE_ENEMY_KILL","is_prod":false,"is_daily":false,"chose_seed":false,"campfire_upgraded":3,"win_rate":0,"timestamp":1560176908,"path_taken":["M","?","$","M","?","R","?","?","T","E","R","?","M","E","R","BOSS"],"build_version":"2019-01-23","purchased_purges":0,"victory":false,"max_hp_per_floor":[70,70,70,70,75,75,75,75,75,75,75,75,75,75,75,75],"card_choices":[{"not_picked":["Dagger Spray","Blade Dance"],"picked":"Blur","floor":1},{"not_picked":["Accuracy","Quick Slash"],"picked":"Deflect","floor":4},{"not_picked":["Backflip","Backstab"],"picked":"A Thousand Cuts","floor":8},{"not_picked":["Flying Knee","Blade Dance","Predator"],"picked":"SKIP","floor":10},{"not_picked":["Endless Agony","Eviscerate","Sucker Punch"],"picked":"SKIP","floor":13},{"not_picked":["Tactician","Deflect"],"picked":"Prepared","floor":14}],"player_experience":765232,"relics_obtained":[{"floor":7,"key":"Orichalcum"},{"floor":9,"key":"Art of War"},{"floor":10,"key":"Bottled Tornado"},{"floor":14,"key":"Vajra"}],"event_choices":[{"damage_healed":0,"gold_gain":0,"player_choice":"Ignored","damage_taken":0,"max_hp_gain":0,"max_hp_loss":0,"event_name":"Liars Game","floor":2,"gold_loss":0},{"damage_healed":0,"gold_gain":0,"player_choice":"Donut","damage_taken":0,"max_hp_gain":5,"max_hp_loss":0,"event_name":"Big Fish","floor":5,"gold_loss":0},{"cards_removed":["Strike_G"],"damage_healed":0,"gold_gain":0,"player_choice":"Card Removal","damage_taken":7,"max_hp_gain":0,"max_hp_loss":0,"event_name":"Golden Wing","floor":12,"gold_loss":0}],"is_beta":false,"boss_relics":[],"items_purged_floors":[],"is_endless":false,"potions_floor_spawned":[4,8,14],"killed_by":"Hexaghost","ascension_level":9}