{"gold_per_floor":[113,113,128,143,218,249,249,249,326,326,359,374,387,408,408,408],"floor_reached":16,"playtime":451,"items_purged":[],"score":102,"play_id":"aee1cdbf-6399-47dd-84c9-eba06ebfe02a","local_time":"20180816132402","is_ascension_mode":false,"campfire_choices":[{"data":"Bash","floor":7,"key":"SMITH"},{"data":"Havoc","floor":15,"key":"SMITH"}],"neow_cost":"NONE","seed_source_timestamp":19943101589065,"circlet_count":0,"master_deck":["Strike_R","Strike_R","Strike_R","Strike_R","Defend_R","Defend_R","Defend_R","Defend_R","Bash+1","Dropkick","Havoc+1","Pommel Strike","Cleave","Cleave"],"relics":["Burning Blood","Blood Vial","Golden Idol","Dream Catcher","Mercury Hourglass","Odd Mushroom"],"potions_floor_usage":[11,16],"damage_taken":[{"damage":8,"enemies":"Jaw Worm","floor":1,"turns":4},{"damage":1,"enemies":"Cultist","floor":3,"turns":3},{"damage":7,"enemies":"2 Louse","floor":4,"turns":3},{"damage":46,"enemies":"Gremlin Nob","floor":6,"turns":5},{"damage":23,"floor":11,"turns":3},{"damage":5,"enemies":"Looter","floor":12,"turns":3},{"damage":2,"enemies":"Blue Slaver","floor":13,"turns":2},{"damage":0,"enemies":"Large Slime","floor":14,"turns":4},{"damage":62,"enemies":"The Guardian","floor":16,"turns":8}],"seed_played":"2258808703604182537","potions_obtained":[{"floor":4,"key":"Ancient Potion"},{"floor":6,"key":"Regen Potion"},{"floor":11,"key":"Regen Potion"}],"is_trial":false,"path_per_floor":["M","?","M","M","?","E","R","?","T","?","?","M","M","M","R"],"character_chosen":"IRONCLAD","items_purchased":[],"campfire_rested":0,"item_purchase_floors":[],"current_hp_per_floor":[78,58,65,66,55,17,17,43,43,36,26,29,35,43,43,0],"gold":408,"neow_bonus":"RANDOM_COMMON_RELIC","is_prod":false,"is_daily":false,"chose_seed":false,"campfire_upgraded":2,"win_rate":0,"timestamp":1534397042,"path_taken":["M","?","M","M","?","E","R","?","T","?","?","?","M","?","R","BOSS"],"build_version":"2018-08-09","purchased_purges":0,"victory":false,"max_hp_per_floor":[80,80,80,80,80,80,80,80,80,80,80,80,80,80,80,80],"card_choices":[{"not_picked":["Wild Strike","Twin Strike"],"picked":"Dropkick","floor":1},{"not_picked":["Clothesline","Carnage"],"picked":"Havoc","floor":3},{"not_picked":["Infernal Blade","Anger"],"picked":"Pommel Strike","floor":4},{"not_picked":["Impervious","Pummel"],"picked":"Cleave","floor":6},{"not_picked":["Flex","Thunderclap","Power Through"],"picked":"SKIP","floor":12},{"not_picked":["Heavy Blade","Headbutt"],"picked":"Cleave","floor":13},{"not_picked":["Evolve","Clothesline","Havoc"],"picked":"SKIP","floor":14}],"player_experience":473715,"relics_obtained":[{"floor":6,"key":"Dream Catcher"},{"floor":9,"key":"Mercury Hourglass"},{"floor":11,"key":"Odd Mushroom"}],"event_choices":[{"event_name":"Golden Idol","player_choice":"Take Damage","floor":2,"damage_taken":0},{"event_name":"World of Goop","player_choice":"Gather Gold","floor":5,"damage_taken":0},{"event_name":"Big Fish","player_choice":"Banana","floor":8,"damage_taken":0},{"event_name":"Golden Wing","player_choice":"Card Removal","floor":10,"damage_taken":0},{"event_name":"Mushrooms","player_choice":"Fought Mushrooms","floor":11,"damage_taken":0}],"is_beta":false,"boss_relics":[],"items_purged_floors":[],"is_endless":false,"potions_floor_spawned":[4,6,11],"killed_by":"The Guardian","ascension_level":0}