{"gold_per_floor":[116,116,128,143,143,172,172,190,190,190,190,207,207,222,222,297,297,312,312,312,312,324,324,335,346,346,346],"floor_reached":27,"playtime":1665,"items_purged":[],"score":387,"play_id":"3aac143e-696a-4c8e-a696-da0a238b06db","local_time":"20190102220250","is_ascension_mode":true,"campfire_choices":[{"data":"True Grit","floor":7,"key":"SMITH"},{"data":"Cleave","floor":10,"key":"SMITH"},{"data":"Bash","floor":13,"key":"SMITH"},{"data":"Sword Boomerang","floor":15,"key":"SMITH"},{"data":"Whirlwind","floor":23,"key":"SMITH"}],"neow_cost":"PERCENT_DAMAGE","seed_source_timestamp":290562195032368,"circlet_count":0,"master_deck":["AscendersBane","Defend_R","Defend_R+1","Defend_R","Defend_R+1","Bash+1","Secret Weapon","Dark Shackles","Cleave+1","Cleave","True Grit+1","Sword Boomerang+1","Feed","Whirlwind+1","Entrench","RitualDagger"],"relics":["Burning Blood","Boot","Self Forming Clay","Pear","Empty Cage","Juzu Bracelet"],"potions_floor_usage":[12,14],"damage_taken":[{"damage":1,"enemies":"Cultist","floor":1,"turns":4},{"damage":1,"enemies":"Small Slimes","floor":3,"turns":4},{"damage":0,"enemies":"Jaw Worm","floor":4,"turns":3},{"damage":29,"enemies":"Gremlin Nob","floor":6,"turns":5},{"damage":7,"enemies":"Lots of Slimes","floor":8,"turns":3},{"damage":0,"enemies":"Red Slaver","floor":12,"turns":5},{"damage":0,"enemies":"Large Slime","floor":14,"turns":5},{"damage":25,"enemies":"The Guardian","floor":16,"turns":14},{"damage":2,"enemies":"3 Byrds","floor":18,"turns":4},{"damage":25,"enemies":"2 Thieves","floor":22,"turns":4},{"damage":24,"enemies":"Shelled Parasite and Fungi","floor":24,"turns":7},{"damage":34,"enemies":"Centurion and Healer","floor":25,"turns":9},{"damage":24,"enemies":"Book of Stabbing","floor":27,"turns":4}],"seed_played":"6832296555115783060","potions_obtained":[{"floor":6,"key":"LiquidBronze"},{"floor":8,"key":"Regen Potion"},{"floor":16,"key":"FearPotion"},{"floor":22,"key":"FairyPotion"}],"is_trial":false,"path_per_floor":["M","?","M","M","?","E","R","M","T","R","T","M","R","M","R","B",null,"M","?","?","?","M","R","M","M","T","E"],"character_chosen":"IRONCLAD","items_purchased":[],"campfire_rested":0,"item_purchase_floors":[],"current_hp_per_floor":[55,32,37,43,43,20,20,19,19,19,29,49,49,55,55,36,73,77,77,71,71,52,52,37,12,12,0],"gold":346,"neow_bonus":"RANDOM_COLORLESS_2","is_prod":false,"is_daily":false,"chose_seed":false,"campfire_upgraded":5,"win_rate":0,"timestamp":1546437770,"path_taken":["M","?","M","M","?","E","R","M","T","R","?","?","R","M","R","BOSS","M","?","?","?","M","R","M","M","T","E"],"build_version":"2018-12-20","purchased_purges":0,"victory":false,"max_hp_per_floor":[75,75,75,75,75,75,75,75,75,75,85,85,85,85,85,85,85,85,85,85,85,85,85,88,91,91,91],"card_choices":[{"not_picked":["Wild Strike","Clothesline"],"picked":"Cleave","floor":1},{"not_picked":["Dual Wield","Wild Strike"],"picked":"Cleave","floor":3},{"not_picked":["Headbutt","Shrug It Off"],"picked":"True Grit","floor":4},{"not_picked":["Reaper","Flex"],"picked":"Sword Boomerang","floor":6},{"not_picked":["Sword Boomerang","Anger","Perfected Strike"],"picked":"SKIP","floor":8},{"not_picked":["Twin Strike","True Grit","Evolve"],"picked":"SKIP","floor":12},{"not_picked":["Clothesline","Dual Wield","Second Wind"],"picked":"SKIP","floor":14},{"not_picked":["Juggernaut","Fiend Fire"],"picked":"Feed","floor":16},{"not_picked":["True Grit","Clothesline"],"picked":"Whirlwind","floor":18},{"not_picked":["Rupture","Sword Boomerang","Entrench"],"picked":"SKIP","floor":22},{"not_picked":["Wild Strike","Burning Pact","Battle Trance"],"picked":"SKIP","floor":24},{"not_picked":["Iron Wave","Shrug It Off","Blood for Blood"],"picked":"SKIP","floor":25}],"player_experience":644880,"relics_obtained":[{"floor":6,"key":"Boot"},{"floor":9,"key":"Self Forming Clay"},{"floor":11,"key":"Pear"},{"floor":26,"key":"Juzu Bracelet"}],"event_choices":[{"damage_healed":0,"gold_gain":0,"player_choice":"Entered Light","damage_taken":23,"max_hp_gain":0,"max_hp_loss":0,"event_name":"Shining Light","floor":2,"gold_loss":0,"cards_upgraded":["Defend_R","Defend_R"]},{"cards_removed":["Strike_R"],"damage_healed":0,"gold_gain":0,"player_choice":"Forget","damage_taken":0,"max_hp_gain":0,"max_hp_loss":0,"event_name":"Living Wall","floor":5,"gold_loss":0},{"damage_healed":0,"gold_gain":0,"cards_transformed":["Strike_R","Strike_R"],"player_choice":"Became Test Subject","damage_taken":0,"max_hp_gain":0,"max_hp_loss":0,"event_name":"Drug Dealer","floor":19,"gold_loss":0,"cards_obtained":["Entrench","Exhume"]},{"damage_healed":0,"gold_gain":0,"player_choice":"Joined the Cult","damage_taken":6,"max_hp_gain":0,"max_hp_loss":0,"event_name":"Nest","floor":20,"gold_loss":0,"cards_obtained":["RitualDagger"]},{"cards_removed":["Exhume"],"damage_healed":0,"gold_gain":0,"player_choice":"Elegance","damage_taken":0,"max_hp_gain":0,"max_hp_loss":0,"event_name":"Back to Basics","floor":21,"gold_loss":0}],"is_beta":false,"boss_relics":[{"not_picked":["Runic Cube","White Beast Statue"],"picked":"Empty Cage"}],"items_purged_floors":[],"is_endless":false,"potions_floor_spawned":[6,8,16,22,25],"killed_by":"Book of Stabbing","ascension_level":16}