{"gold_per_floor":[116,191,204,129,129,168,186,200,200,221,221,221,221,239,239,367,367,382,382,302,323,157,197,197,197],"floor_reached":25,"playtime":916,"items_purged":["Strike_G","Strike_G","Defend_G"],"score":308,"play_id":"8c1cf4bc-a942-46d6-b6cb-e3a439a76860","local_time":"20190609060216","is_ascension_mode":true,"campfire_choices":[{"data":"Dagger Spray","floor":11,"key":"SMITH"},{"data":"Deadly Poison","floor":13,"key":"SMITH"},{"data":"Neutralize","floor":15,"key":"SMITH"},{"floor":24,"key":"REST"}],"neow_cost":"NONE","seed_source_timestamp":130571699140187,"circlet_count":0,"master_deck":["Defend_G","Defend_G","Defend_G","Defend_G","Strike_G","Strike_G","Strike_G","Survivor","Neutralize+1","Deadly Poison+1","Poisoned Stab","Dagger Spray+1","Outmaneuver","Adrenaline","Flying Knee+1","RitualDagger","Catalyst","Noxious Fumes"],"relics":["Ring of the Snake","NeowsBlessing","Golden Idol","The Specimen","The Courier","Fusion Hammer","Pear"],"potions_floor_usage":[16,16,16,18,23,25],"damage_taken":[{"damage":0,"enemies":"Small Slimes","floor":1,"turns":1},{"damage":0,"enemies":"Jaw Worm","floor":3,"turns":1},{"damage":0,"enemies":"Lagavulin","floor":6,"turns":1},{"damage":0,"enemies":"Cultist","floor":7,"turns":3},{"damage":0,"enemies":"Blue Slaver","floor":8,"turns":4},{"damage":1,"enemies":"Looter","floor":10,"turns":3},{"damage":4,"enemies":"Exordium Wildlife","floor":14,"turns":3},{"damage":30,"enemies":"Hexaghost","floor":16,"turns":10},{"damage":9,"enemies":"2 Thieves","floor":18,"turns":4},{"damage":1,"enemies":"Spheric Guardian","floor":21,"turns":3},{"damage":25,"enemies":"Book of Stabbing","floor":23,"turns":5},{"damage":58,"enemies":"Gremlin Leader","floor":25,"turns":4}],"seed_played":"8897783523826157811","potions_obtained":[{"floor":1,"key":"Swift Potion"},{"floor":7,"key":"SpeedPotion"},{"floor":14,"key":"Dexterity Potion"},{"floor":16,"key":"LiquidBronze"},{"floor":18,"key":"GhostInAJar"},{"floor":23,"key":"EssenceOfSteel"}],"is_trial":false,"path_per_floor":["M","?","M","$","?","E","M","M","T","M","R","?","R","M","R","B",null,"M","?","$","M","$","E","R","E"],"character_chosen":"THE_SILENT","items_purchased":["Catalyst"],"campfire_rested":1,"item_purchase_floors":[22],"current_hp_per_floor":[70,59,59,59,59,59,59,59,59,58,58,63,63,59,59,29,60,51,45,45,44,44,29,53,0],"gold":197,"neow_bonus":"THREE_ENEMY_KILL","is_prod":false,"is_daily":false,"chose_seed":false,"campfire_upgraded":3,"win_rate":0,"timestamp":1560031336,"path_taken":["M","?","M","$","?","E","M","M","T","M","R","?","R","M","R","BOSS","M","?","$","M","$","E","R","E"],"build_version":"2019-01-23","purchased_purges":3,"victory":false,"max_hp_per_floor":[70,70,70,70,65,65,65,65,65,65,65,70,70,70,70,70,70,70,70,70,70,70,80,80,80],"card_choices":[{"not_picked":["Concentrate","Sucker Punch"],"picked":"Deadly Poison","floor":1},{"not_picked":["Dagger Throw","Sucker Punch","Acrobatics"],"picked":"SKIP","floor":3},{"not_picked":["Quick Slash","Choke"],"picked":"Poisoned Stab","floor":6},{"not_picked":["Dagger Spray","Distraction","Footwork"],"picked":"SKIP","floor":7},{"not_picked":["Flying Knee","Acrobatics"],"picked":"Dagger Spray","floor":8},{"not_picked":["Night Terror","Dagger Throw","Acrobatics"],"picked":"SKIP","floor":10},{"not_picked":["Riddle With Holes","Prepared"],"picked":"Outmaneuver","floor":14},{"not_picked":["Malaise","Doppelganger"],"picked":"Adrenaline","floor":16},{"not_picked":["Acrobatics","Dagger Spray"],"picked":"Flying Knee+1","floor":18},{"not_picked":["Riddle With Holes","Blade Dance","Outmaneuver"],"picked":"SKIP","floor":21},{"not_picked":["Deflect","Masterful Stab"],"picked":"Noxious Fumes","floor":23}],"player_experience":696952,"relics_obtained":[{"floor":6,"key":"The Specimen"},{"floor":9,"key":"The Courier"},{"floor":23,"key":"Pear"}],"event_choices":[{"damage_healed":0,"gold_gain":75,"player_choice":"Gather Gold","damage_taken":11,"max_hp_gain":0,"max_hp_loss":0,"event_name":"World of Goop","floor":2,"gold_loss":0},{"damage_healed":0,"gold_gain":0,"player_choice":"Lose Max HP","damage_taken":0,"relics_obtained":["Golden Idol"],"max_hp_gain":0,"max_hp_loss":5,"event_name":"Golden Idol","floor":5,"gold_loss":0},{"damage_healed":0,"gold_gain":0,"player_choice":"Donut","damage_taken":0,"max_hp_gain":5,"max_hp_loss":0,"event_name":"Big Fish","floor":12,"gold_loss":0},{"damage_healed":0,"gold_gain":0,"player_choice":"Joined the Cult","damage_taken":6,"max_hp_gain":0,"max_hp_loss":0,"event_name":"Nest","floor":19,"gold_loss":0,"cards_obtained":["RitualDagger"]}],"is_beta":false,"boss_relics":[{"not_picked":["Coffee Dripper","Sozu"],"picked":"Fusion Hammer"}],"items_purged_floors":[4,20,22],"is_endless":false,"potions_floor_spawned":[1,7,14,16,18,23],"killed_by":"Gremlin Leader","ascension_level":5}