{"gold_per_floor":[117,117,192,205,205,232,250,268,268,287,312,312,339,439,439,541,541,521,531,531,531,542,542],"floor_reached":23,"playtime":1265,"items_purged":[],"score":342,"play_id":"41d288a2-ac67-431d-a4fa-7bacd3214fbc","local_time":"20190611081650","is_ascension_mode":true,"campfire_choices":[{"data":"Crippling Poison","floor":12,"key":"SMITH"},{"data":"Noxious Fumes","floor":15,"key":"SMITH"}],"neow_cost":"NONE","seed_source_timestamp":27796643868070,"circlet_count":0,"master_deck":["Defend_G","Defend_G","Defend_G","Defend_G","Defend_G","Strike_G","Strike_G","Strike_G","Strike_G","Strike_G","Survivor","Neutralize","Heel Hook","Crippling Poison+1","Noxious Fumes+1","Bane","Flying Knee","Catalyst","Tools of the Trade+1","Concentrate","After Image+1","Riddle With Holes+1","Noxious Fumes+1","Backflip"],"relics":["Ring of the Snake","NeowsBlessing","Ancient Tea Set","Ice Cream","Frozen Egg 2","Snake Skull","Tingsha","Velvet Choker","MutagenicStrength"],"potions_floor_usage":[7,13,13,21,23,23,23,23],"damage_taken":[{"damage":0,"enemies":"2 Louse","floor":1,"turns":1},{"damage":0,"enemies":"Small Slimes","floor":4,"turns":1},{"damage":0,"enemies":"3 Sentries","floor":6,"turns":1},{"damage":7,"enemies":"Cultist","floor":7,"turns":5},{"damage":4,"enemies":"Looter","floor":8,"turns":4},{"damage":2,"enemies":"2 Fungi Beasts","floor":10,"turns":4},{"damage":10,"enemies":"Lagavulin","floor":11,"turns":7},{"damage":2,"enemies":"3 Sentries","floor":13,"turns":5},{"damage":36,"enemies":"Slime Boss","floor":16,"turns":9},{"damage":9,"enemies":"2 Thieves","floor":18,"turns":4},{"damage":0,"enemies":"Chosen","floor":19,"turns":4},{"damage":37,"enemies":"Colosseum Slavers","floor":21,"turns":4},{"damage":19,"enemies":"Sentry and Sphere","floor":22,"turns":6},{"damage":17,"enemies":"Slavers","floor":23,"turns":1}],"seed_played":"6898614924004283750","potions_obtained":[{"floor":6,"key":"Regen Potion"},{"floor":7,"key":"GhostInAJar"},{"floor":13,"key":"Fruit Juice"},{"floor":18,"key":"Regen Potion"},{"floor":22,"key":"EntropicBrew"}],"is_trial":false,"path_per_floor":["M","?","?","M","?","E","M","M","T","M","E","R","E","?","R","B",null,"M","M","?","?","M","E"],"character_chosen":"THE_SILENT","items_purchased":[],"campfire_rested":0,"item_purchase_floors":[],"current_hp_per_floor":[63,56,45,45,45,45,53,49,49,47,37,37,40,40,40,4,57,48,48,48,23,4,0],"gold":542,"neow_bonus":"THREE_ENEMY_KILL","is_prod":false,"is_daily":false,"chose_seed":false,"campfire_upgraded":2,"win_rate":0,"timestamp":1560212210,"path_taken":["M","?","?","M","?","E","M","M","T","M","E","R","E","?","R","BOSS","M","?","?","?","M","E"],"build_version":"2019-01-23","purchased_purges":0,"victory":false,"max_hp_per_floor":[70,70,70,70,70,70,70,70,70,70,70,70,75,75,75,75,75,75,75,75,75,75,75],"card_choices":[{"not_picked":["Blade Dance","Setup"],"picked":"Heel Hook","floor":1},{"not_picked":["Deflect","Finisher"],"picked":"Crippling Poison","floor":4},{"not_picked":["Well Laid Plans","Sucker Punch"],"picked":"Noxious Fumes","floor":6},{"not_picked":["Eviscerate","Flying Knee"],"picked":"Bane","floor":7},{"not_picked":["Wraith Form v2","Quick Slash"],"picked":"Flying Knee","floor":8},{"not_picked":["Bane","Poisoned Stab"],"picked":"Catalyst","floor":10},{"not_picked":["Blade Dance","Slice"],"picked":"Tools of the Trade+1","floor":11},{"not_picked":["Outmaneuver","Dagger Spray"],"picked":"Concentrate","floor":13},{"not_picked":["Envenom+1","Storm of Steel"],"picked":"After Image+1","floor":16},{"not_picked":["Deflect","Infinite Blades+1"],"picked":"Riddle With Holes+1","floor":18},{"not_picked":["Choke","Flying Knee"],"picked":"Noxious Fumes+1","floor":19},{"not_picked":["Dagger Spray","Outmaneuver"],"picked":"Backflip","floor":22}],"player_experience":770635,"relics_obtained":[{"floor":6,"key":"Ice Cream"},{"floor":9,"key":"Frozen Egg 2"},{"floor":11,"key":"Snake Skull"},{"floor":13,"key":"Tingsha"}],"event_choices":[{"damage_healed":0,"gold_gain":0,"player_choice":"Success","damage_taken":7,"relics_obtained":["Ancient Tea Set"],"max_hp_gain":0,"max_hp_loss":0,"event_name":"Scrap Ooze","floor":2,"gold_loss":0},{"damage_healed":0,"gold_gain":75,"player_choice":"Gather Gold","damage_taken":11,"max_hp_gain":0,"max_hp_loss":0,"event_name":"World of Goop","floor":3,"gold_loss":0},{"damage_healed":0,"gold_gain":0,"player_choice":"Ignored","damage_taken":0,"max_hp_gain":0,"max_hp_loss":0,"event_name":"Liars Game","floor":5,"gold_loss":0},{"damage_healed":0,"gold_gain":100,"player_choice":"Gold","damage_taken":0,"max_hp_gain":0,"max_hp_loss":0,"event_name":"Wheel of Change","floor":14,"gold_loss":0},{"damage_healed":0,"gold_gain":0,"player_choice":"Inject Mutagens","damage_taken":0,"relics_obtained":["MutagenicStrength"],"max_hp_gain":0,"max_hp_loss":0,"event_name":"Drug Dealer","floor":20,"gold_loss":0},{"damage_healed":0,"gold_gain":0,"player_choice":"Fight","damage_taken":0,"max_hp_gain":0,"max_hp_loss":0,"event_name":"Colosseum","floor":21,"gold_loss":0},{"damage_healed":0,"gold_gain":0,"player_choice":"Fled From Nobs","damage_taken":0,"max_hp_gain":0,"max_hp_loss":0,"event_name":"Colosseum","floor":21,"gold_loss":0}],"is_beta":false,"boss_relics":[{"not_picked":["Philosopher\u0027s Stone","Ectoplasm"],"picked":"Velvet Choker"}],"items_purged_floors":[],"is_endless":false,"potions_floor_spawned":[6,7,13,18,21,22],"killed_by":"Slavers","ascension_level":9}