{"gold_per_floor":[112,112,124,124,49,49,85,85,85,106,129,150,50,74,74,202,202,222,222,222,240,240,240,240],"floor_reached":24,"playtime":1162,"items_purged":["Defend_R","Strike_R"],"score":245,"play_id":"a89c1d81-e857-4d49-b3ac-0d6eb50e0b91","local_time":"20180814072640","is_ascension_mode":true,"campfire_choices":[{"data":"Bash","floor":6,"key":"SMITH"},{"data":"Feed","floor":8,"key":"SMITH"},{"floor":15,"key":"REST"},{"floor":23,"key":"REST"}],"neow_cost":"TEN_PERCENT_HP_LOSS","seed_source_timestamp":825085910634,"circlet_count":0,"master_deck":["Defend_R","Defend_R","Bash+1","Thunderclap","Demon Form+1","Sword Boomerang","Sword Boomerang","Feed+1","Rampage","Offering","Combust+1","RitualDagger"],"relics":["Burning Blood","Golden Idol","Girya","Bottled Lightning","Empty Cage","Bottled Tornado"],"potions_floor_usage":[],"damage_taken":[{"damage":1,"enemies":"Cultist","floor":1,"turns":4},{"damage":4,"enemies":"2 Louse","floor":3,"turns":3},{"damage":15,"enemies":"Lagavulin","floor":7,"turns":5},{"damage":7,"enemies":"Jaw Worm","floor":10,"turns":2},{"damage":12,"enemies":"2 Fungi Beasts","floor":11,"turns":2},{"damage":25,"enemies":"3 Louse","floor":12,"turns":3},{"damage":13,"enemies":"Blue Slaver","floor":14,"turns":3},{"damage":30,"enemies":"Hexaghost","floor":16,"turns":7},{"damage":39,"enemies":"2 Thieves","floor":18,"turns":3},{"damage":11,"enemies":"Chosen","floor":21,"turns":4},{"damage":45,"enemies":"Slavers","floor":24,"turns":2}],"seed_played":"-314967928785846055","potions_obtained":[{"floor":1,"key":"Fire Potion"},{"floor":7,"key":"SkillPotion"},{"floor":21,"key":"Poison Potion"}],"is_trial":false,"path_per_floor":["M","?","M","?","$","R","E","R","T","M","M","M","$","M","R","B",null,"M","?","?","M","T","R"],"character_chosen":"IRONCLAD","items_purchased":[],"campfire_rested":2,"item_purchase_floors":[],"current_hp_per_floor":[72,72,72,54,54,54,45,45,45,44,38,23,23,20,44,20,65,32,26,26,21,21,45,0],"gold":240,"neow_bonus":"TRANSFORM_TWO_CARDS","is_prod":false,"is_daily":false,"chose_seed":false,"campfire_upgraded":2,"win_rate":0,"timestamp":1534202800,"path_taken":["M","?","M","?","$","R","E","R","T","M","M","M","?","M","R","BOSS","M","?","?","M","?","R","E"],"build_version":"2018-08-09","purchased_purges":2,"victory":false,"max_hp_per_floor":[72,72,72,72,72,72,72,72,72,72,72,76,76,80,80,80,80,80,80,80,80,80,80,80],"card_choices":[{"not_picked":["Combust","Armaments"],"picked":"Sword Boomerang","floor":1},{"not_picked":["Armaments","Shockwave"],"picked":"Sword Boomerang","floor":3},{"not_picked":["Rage","Body Slam"],"picked":"Feed","floor":7},{"not_picked":["Warcry","Clothesline","Headbutt"],"picked":"SKIP","floor":10},{"not_picked":["Wild Strike","Corruption"],"picked":"Rampage","floor":11},{"not_picked":["True Grit","Berserk","Body Slam"],"picked":"SKIP","floor":12},{"not_picked":["Anger","Twin Strike","Wild Strike"],"picked":"SKIP","floor":14},{"not_picked":["Reaper","Demon Form"],"picked":"Offering","floor":16},{"not_picked":["Perfected Strike","Armaments+1"],"picked":"Combust+1","floor":18},{"not_picked":["Pommel Strike","Uppercut","Pummel"],"picked":"SKIP","floor":21}],"player_experience":409783,"relics_obtained":[{"floor":7,"key":"Girya"},{"floor":9,"key":"Bottled Lightning"},{"floor":22,"key":"Bottled Tornado"}],"event_choices":[{"event_name":"Upgrade Shrine","player_choice":"Upgraded","floor":2,"damage_taken":0},{"event_name":"Golden Idol","player_choice":"Take Damage","floor":4,"damage_taken":0},{"event_name":"Nest","player_choice":"Joined the Cult","floor":19,"damage_taken":0},{"event_name":"Back to Basics","player_choice":"Elegance","floor":20,"damage_taken":0}],"is_beta":false,"boss_relics":[{"not_picked":["Pandora\u0027s Box","Runic Dome"],"picked":"Empty Cage"}],"items_purged_floors":[5,13],"is_endless":false,"potions_floor_spawned":[1,7,21],"killed_by":"Slavers","ascension_level":5}