{"gold_per_floor":[113,188,113,130,130,161,161,173,173,173,193,226,240,273,273,377,377,389,28,48,48,60,60,92,104,130,130,149,168,198,113,113,113],"floor_reached":33,"playtime":2480,"items_purged":["Defend_G","Strike_G"],"score":445,"play_id":"cc8f6cae-c578-4d98-a471-0a5ff5b3d8f2","local_time":"20190610165831","is_ascension_mode":true,"campfire_choices":[{"data":"Deadly Poison","floor":7,"key":"SMITH"},{"floor":15,"key":"REST"},{"data":"After Image","floor":23,"key":"SMITH"},{"data":"Footwork","floor":27,"key":"SMITH"},{"floor":32,"key":"REST"}],"neow_cost":"NONE","seed_source_timestamp":254782726119245,"circlet_count":0,"master_deck":["Defend_G","Defend_G","Defend_G","Defend_G","Strike_G","Strike_G","Strike_G","Survivor","Neutralize","Deflect","Backflip","Deadly Poison+1","Dodge and Roll","Prepared","Well Laid Plans","Deadly Poison","After Image+1","Dodge and Roll+1","Accuracy","Venomology","Finisher+1","Footwork+1","Bane+1","Deflect+1"],"relics":["Ring of the Snake","Bag of Marbles","Mercury Hourglass","Happy Flower","Boot","Bronze Scales","Sozu","Ninja Scroll","Bottled Lightning","Ancient Tea Set","The Courier","Art of War"],"potions_floor_usage":[11,14,14,16,22],"damage_taken":[{"damage":0,"enemies":"2 Louse","floor":1,"turns":3},{"damage":0,"enemies":"Jaw Worm","floor":4,"turns":5},{"damage":22,"enemies":"Lagavulin","floor":6,"turns":9},{"damage":0,"enemies":"Cultist","floor":8,"turns":4},{"damage":2,"enemies":"Exordium Wildlife","floor":11,"turns":6},{"damage":6,"enemies":"3 Sentries","floor":12,"turns":8},{"damage":6,"enemies":"Lots of Slimes","floor":13,"turns":3},{"damage":11,"enemies":"Lagavulin","floor":14,"turns":6},{"damage":7,"enemies":"Hexaghost","floor":16,"turns":9},{"damage":0,"enemies":"3 Byrds","floor":18,"turns":3},{"damage":0,"enemies":"Shell Parasite","floor":20,"turns":3},{"damage":0,"enemies":"Snake Plant","floor":22,"turns":3},{"damage":33,"enemies":"Gremlin Leader","floor":24,"turns":8},{"damage":10,"enemies":"Centurion and Healer","floor":25,"turns":6},{"damage":0,"enemies":"Snecko","floor":28,"turns":5},{"damage":7,"enemies":"Sentry and Sphere","floor":29,"turns":5},{"damage":4,"enemies":"Slavers","floor":30,"turns":6},{"damage":36,"enemies":"Champ","floor":33,"turns":14}],"seed_played":"-9135864593275668038","potions_obtained":[{"floor":4,"key":"GamblersBrew"},{"floor":6,"key":"EssenceOfSteel"},{"floor":8,"key":"Weak Potion"},{"floor":13,"key":"Regen Potion"},{"floor":14,"key":"Weak Potion"},{"floor":16,"key":"SkillPotion"}],"is_trial":false,"path_per_floor":["M","?","$","M","?","E","R","M","T","?","M","E","M","E","R","B",null,"M","$","M","?","M","R","E","M","T","R","M","M","E","?","R","B"],"character_chosen":"THE_SILENT","items_purchased":["Ninja Scroll"],"campfire_rested":2,"item_purchase_floors":[19],"current_hp_per_floor":[63,52,52,52,52,30,30,30,30,30,28,22,16,20,41,34,61,61,61,61,61,61,61,28,18,18,18,18,11,7,7,28,0],"gold":113,"neow_bonus":"THREE_CARDS","is_prod":false,"is_daily":false,"chose_seed":false,"campfire_upgraded":3,"win_rate":0,"timestamp":1560157111,"path_taken":["M","?","$","M","?","E","R","M","T","?","M","E","?","E","R","BOSS","M","$","M","?","?","R","E","M","T","R","M","M","E","?","R","BOSS"],"build_version":"2019-01-23","purchased_purges":2,"victory":false,"max_hp_per_floor":[70,70,70,70,70,70,70,70,70,70,70,70,70,70,70,70,70,70,70,70,70,70,70,70,70,70,70,70,70,70,70,70,70],"card_choices":[{"not_picked":["Eviscerate","Bane"],"picked":"Deflect","floor":0},{"not_picked":["Prepared","Sucker Punch"],"picked":"Backflip","floor":1},{"not_picked":["PiercingWail","Poisoned Stab"],"picked":"Deadly Poison","floor":4},{"not_picked":["Quick Slash","Concentrate","Sucker Punch"],"picked":"SKIP","floor":6},{"not_picked":["Burst","Tactician"],"picked":"Dodge and Roll","floor":8},{"not_picked":["Acrobatics","Dagger Spray"],"picked":"Prepared","floor":11},{"not_picked":["Crippling Poison","Bouncing Flask"],"picked":"Well Laid Plans","floor":12},{"not_picked":["Dagger Throw","Blade Dance"],"picked":"Deadly Poison","floor":13},{"not_picked":["Poisoned Stab","Acrobatics","Heel Hook"],"picked":"SKIP","floor":14},{"not_picked":["Unload","Grand Finale"],"picked":"After Image","floor":16},{"not_picked":["Acrobatics","Quick Slash"],"picked":"Dodge and Roll+1","floor":18},{"not_picked":["Prepared","Poisoned Stab"],"picked":"Accuracy","floor":20},{"not_picked":["Poisoned Stab","Reflex"],"picked":"Finisher+1","floor":22},{"not_picked":["Footwork","Bane","Doppelganger"],"picked":"SKIP","floor":24},{"not_picked":["Bane","Doppelganger"],"picked":"Footwork","floor":24},{"not_picked":["Dagger Throw","Underhanded Strike","Terror"],"picked":"SKIP","floor":25},{"not_picked":["Dagger Throw","Leg Sweep+1","Dagger Spray"],"picked":"SKIP","floor":28},{"not_picked":["Venomology","Predator+1"],"picked":"Bane+1","floor":29},{"not_picked":["Flying Knee+1","Phantasmal Killer"],"picked":"Deflect+1","floor":30}],"player_experience":753791,"relics_obtained":[{"floor":6,"key":"Bag of Marbles"},{"floor":9,"key":"Mercury Hourglass"},{"floor":12,"key":"Boot"},{"floor":14,"key":"Bronze Scales"},{"floor":24,"key":"Bottled Lightning"},{"floor":26,"key":"Ancient Tea Set"},{"floor":30,"key":"The Courier"}],"event_choices":[{"damage_healed":0,"gold_gain":75,"player_choice":"Gather Gold","damage_taken":11,"max_hp_gain":0,"max_hp_loss":0,"event_name":"World of Goop","floor":2,"gold_loss":0},{"cards_removed":["Strike_G"],"damage_healed":0,"gold_gain":0,"player_choice":"Forget","damage_taken":0,"max_hp_gain":0,"max_hp_loss":0,"event_name":"Living Wall","floor":5,"gold_loss":0},{"damage_healed":0,"gold_gain":0,"player_choice":"Gave Potion","damage_taken":0,"relics_obtained":["Happy Flower"],"max_hp_gain":0,"max_hp_loss":0,"event_name":"WeMeetAgain","floor":10,"gold_loss":0},{"damage_healed":0,"gold_gain":0,"player_choice":"1 cards matched","damage_taken":0,"max_hp_gain":0,"max_hp_loss":0,"event_name":"Match and Keep!","floor":21,"gold_loss":0,"cards_obtained":["Venomology"]},{"damage_healed":0,"gold_gain":0,"player_choice":"Obtained Relic","damage_taken":0,"relics_obtained":["Art of War"],"max_hp_gain":0,"max_hp_loss":0,"event_name":"Addict","floor":31,"gold_loss":85}],"is_beta":false,"boss_relics":[{"not_picked":["Eternal Feather","Runic Dome"],"picked":"Sozu"}],"items_purged_floors":[3,19],"is_endless":false,"potions_floor_spawned":[4,6,8,13,14,16,20,22,25,30],"killed_by":"Champ","ascension_level":9}