{"gold_per_floor":[112,132,132,144,144,144,175,175,202,233,183,202,202,234,234,334,334,354,354,372,297,297,297,197,208,233,233,156,120,120,130,130,233,233,251,251,98,98,109,109,142,142,142,174,174],"floor_reached":45,"playtime":1946,"items_purged":["Strike_R","Disarm"],"score":612,"play_id":"6b0275fd-2239-43ed-ab16-a1e6de8fe725","local_time":"20180804114006","is_ascension_mode":true,"campfire_choices":[{"data":"Bash","floor":6,"key":"SMITH"},{"data":"Thunderclap","floor":8,"key":"SMITH"},{"data":"Metallicize","floor":13,"key":"SMITH"},{"data":"Flame Barrier","floor":15,"key":"SMITH"},{"data":"Bludgeon","floor":23,"key":"SMITH"},{"data":"Infernal Blade","floor":27,"key":"SMITH"},{"floor":32,"key":"REST"},{"data":"Clothesline","floor":40,"key":"SMITH"},{"data":"Double Tap","floor":42,"key":"SMITH"}],"neow_cost":"NONE","seed_source_timestamp":158812086658242,"circlet_count":0,"master_deck":["Defend_R","Defend_R","Defend_R","Defend_R","Bash+1","Thunderclap+1","Ghostly Armor","Headbutt","Metallicize+1","Metallicize","Flame Barrier+1","Bludgeon+1","Cleave+1","Infernal Blade+1","Body Slam+1","Bite","Bite","Bite","Bite","Bite","Hemokinesis+1","J.A.X.","Flame Barrier","Necronomicurse","Uppercut+1","Double Tap+1","Clothesline+1","Madness","Madness","Heavy Blade","Battle Trance+1"],"relics":["Burning Blood","Ancient Tea Set","Strawberry","Matryoshka","Red Skull","Runic Pyramid","Pen Nib","Potion Belt","Necronomicon","Busted Crown","Happy Flower","Vajra","Bag of Marbles","Question Card","Orichalcum"],"potions_floor_usage":[12,14,16,31,45],"damage_taken":[{"damage":13,"enemies":"Jaw Worm","floor":1,"turns":4},{"damage":6,"enemies":"Cultist","floor":2,"turns":3},{"damage":3,"enemies":"Small Slimes","floor":4,"turns":4},{"damage":26,"enemies":"3 Sentries","floor":7,"turns":8},{"damage":32,"enemies":"Gremlin Nob","floor":10,"turns":4},{"damage":6,"enemies":"Blue Slaver","floor":12,"turns":4},{"damage":4,"enemies":"3 Sentries","floor":14,"turns":8},{"damage":6,"enemies":"Hexaghost","floor":16,"turns":12},{"damage":7,"enemies":"Chosen","floor":18,"turns":5},{"damage":22,"enemies":"Spheric Guardian","floor":20,"turns":6},{"damage":35,"enemies":"Cultist and Chosen","floor":25,"turns":7},{"damage":11,"enemies":"Slaver and Parasite","floor":31,"turns":3},{"damage":43,"enemies":"Automaton","floor":33,"turns":6},{"damage":20,"enemies":"3 Shapes","floor":35,"turns":4},{"damage":7,"enemies":"Orb Walker","floor":39,"turns":2},{"damage":9,"enemies":"2 Orb Walkers","floor":41,"turns":3},{"damage":36,"enemies":"Giant Head","floor":44,"turns":7},{"damage":14,"enemies":"Spire Growth","floor":45,"turns":2}],"seed_played":"4505251087286729583","potions_obtained":[{"floor":2,"key":"PowerPotion"},{"floor":4,"key":"Swift Potion"},{"floor":10,"key":"Energy Potion"},{"floor":12,"key":"SpeedPotion"},{"floor":18,"key":"AttackPotion"},{"floor":33,"key":"Dexterity Potion"},{"floor":35,"key":"Fire Potion"},{"floor":44,"key":"SkillPotion"}],"is_trial":false,"path_per_floor":["M","M","?","M","?","R","E","R","T","E","?","M","R","E","R","B",null,"M","?","M","$","?","R","$","M","T","R","?","$","?","M","R","B",null,"M","?","$","?","M","R","E","R","T","E"],"character_chosen":"IRONCLAD","items_purchased":["Flame Barrier","Happy Flower"],"campfire_rested":1,"item_purchase_floors":[29,37],"current_hp_per_floor":[73,73,73,76,76,76,56,56,63,37,37,37,37,39,39,39,87,86,86,70,70,60,60,60,41,41,41,41,41,25,26,44,9,60,46,40,40,32,33,33,30,30,30,8,0],"gold":174,"neow_bonus":"REMOVE_CARD","is_prod":false,"is_daily":false,"chose_seed":false,"campfire_upgraded":8,"win_rate":0,"timestamp":1533354006,"path_taken":["M","M","?","M","?","R","E","R","T","E","?","M","R","E","R","BOSS","M","?","M","?","?","R","$","M","T","R","?","$","?","M","R","BOSS","M","?","$","?","M","R","E","R","T","E","M"],"build_version":"2018-08-02","purchased_purges":2,"victory":false,"max_hp_per_floor":[80,80,80,80,80,80,80,80,87,87,87,87,87,87,87,87,87,87,87,87,87,60,60,60,60,60,60,60,60,60,60,60,60,60,60,60,60,60,60,60,60,60,60,60,60],"card_choices":[{"not_picked":["Sword Boomerang","Reckless Charge"],"picked":"Thunderclap","floor":1},{"not_picked":["Inflame","Reckless Charge"],"picked":"Ghostly Armor","floor":2},{"not_picked":["Thunderclap","Heavy Blade"],"picked":"Headbutt","floor":4},{"not_picked":["Whirlwind","Second Wind"],"picked":"Disarm","floor":7},{"not_picked":["Headbutt","Flex"],"picked":"Metallicize","floor":10},{"not_picked":["Berserk","Anger"],"picked":"Metallicize","floor":12},{"not_picked":["Warcry","Bloodletting"],"picked":"Flame Barrier","floor":14},{"not_picked":["Impervious","Limit Break"],"picked":"Bludgeon","floor":16},{"not_picked":["Iron Wave","Feel No Pain"],"picked":"Cleave+1","floor":18},{"not_picked":["Whirlwind","Iron Wave"],"picked":"Body Slam+1","floor":20},{"not_picked":["Shrug It Off","Corruption"],"picked":"Hemokinesis+1","floor":25},{"not_picked":["Thunderclap","Twin Strike+1"],"picked":"Uppercut+1","floor":31},{"not_picked":["Reaper","Limit Break"],"picked":"Double Tap","floor":33},{"not_picked":[],"picked":"Clothesline","floor":35},{"not_picked":[],"picked":"Heavy Blade","floor":39},{"not_picked":[],"picked":"Battle Trance+1","floor":41},{"not_picked":["Headbutt","Power Through+1"],"picked":"SKIP","floor":44}],"player_experience":314660,"relics_obtained":[{"floor":7,"key":"Ancient Tea Set"},{"floor":9,"key":"Strawberry"},{"floor":10,"key":"Matryoshka"},{"floor":14,"key":"Red Skull"},{"floor":26,"key":"Pen Nib"},{"floor":26,"key":"Potion Belt"},{"floor":30,"key":"Necronomicon"},{"floor":41,"key":"Vajra"},{"floor":43,"key":"Bag of Marbles"},{"floor":43,"key":"Question Card"},{"floor":44,"key":"Orichalcum"}],"event_choices":[{"event_name":"Purifier","player_choice":"One Purge","floor":3,"damage_taken":0},{"event_name":"Liars Game","player_choice":"disagreed","floor":5,"damage_taken":0},{"event_name":"The Cleric","player_choice":"Card Removal","floor":11,"damage_taken":0},{"event_name":"The Library","player_choice":"Read","floor":19,"damage_taken":0},{"event_name":"Vampires","player_choice":"Became a vampire","floor":22,"damage_taken":0},{"event_name":"Drug Dealer","player_choice":"Got JAXXED","floor":28,"damage_taken":0},{"event_name":"Cursed Tome","player_choice":"Obtained Book","floor":30,"damage_taken":0},{"event_name":"Wheel of Change","player_choice":"Damage","floor":36,"damage_taken":0},{"event_name":"Winding Halls","player_choice":"Embrace Madness","floor":38,"damage_taken":0}],"is_beta":false,"boss_relics":[{"not_picked":["Tiny House","Fusion Hammer"],"picked":"Runic Pyramid"},{"not_picked":["Empty Cage","Eternal Feather"],"picked":"Busted Crown"}],"items_purged_floors":[21,24],"is_endless":false,"potions_floor_spawned":[2,4,10,12,18,33,35,44],"killed_by":"Spire Growth","ascension_level":3}