{"gold_per_floor":[110,124,299,249,101,134,134,168,194,4,4,18,38,49,49,150,150,166,186,198,37,48,48,76,88,111,143,153,153,153],"floor_reached":30,"playtime":1584,"items_purged":[],"score":321,"play_id":"66a80931-e4ce-46a3-bd2b-f30d87c60438","local_time":"20190611192455","is_ascension_mode":true,"campfire_choices":[{"floor":11,"key":"REST"},{"data":"Dualcast","floor":15,"key":"SMITH"},{"data":"Loop","floor":23,"key":"SMITH"}],"neow_cost":"NONE","seed_source_timestamp":438051789337761,"circlet_count":0,"master_deck":["Strike_B","Strike_B","Strike_B","Strike_B","Defend_B","Defend_B","Defend_B","Defend_B","Zap","Dualcast+1","Coolheaded+1","Hello World","Capacitor","Chaos","Amplify","Loop+1","Panache","Heatsinks","Barrage","Heatsinks","Multi-Cast","Coolheaded","Darkness+1","Bandage Up","Heatsinks","Coolheaded","Heatsinks","Reboot","Capacitor","Writhe"],"relics":["Runic Pyramid","Regal Pillow","Symbiotic Virus","Blood Vial","Orichalcum","Coffee Dripper","Pear","Art of War","War Paint","Pantograph"],"potions_floor_usage":[8,13,18,30],"damage_taken":[{"damage":2,"enemies":"2 Louse","floor":1,"turns":2},{"damage":2,"enemies":"Jaw Worm","floor":2,"turns":4},{"damage":22,"enemies":"3 Sentries","floor":6,"turns":8},{"damage":20,"enemies":"Lagavulin","floor":8,"turns":6},{"damage":0,"enemies":"Small Slimes","floor":12,"turns":3},{"damage":1,"enemies":"Exordium Thugs","floor":13,"turns":5},{"damage":9,"enemies":"Blue Slaver","floor":14,"turns":3},{"damage":44,"enemies":"The Guardian","floor":16,"turns":8},{"damage":13,"enemies":"Shell Parasite","floor":18,"turns":3},{"damage":13,"enemies":"3 Byrds","floor":19,"turns":3},{"damage":18,"enemies":"Snake Plant","floor":20,"turns":3},{"damage":0,"enemies":"Cultist and Chosen","floor":22,"turns":4},{"damage":6,"enemies":"Book of Stabbing","floor":24,"turns":3},{"damage":19,"enemies":"Centurion and Healer","floor":25,"turns":4},{"damage":26,"enemies":"Slavers","floor":27,"turns":5},{"damage":11,"enemies":"Snake Plant","floor":28,"turns":2},{"damage":20,"enemies":"Shelled Parasite and Fungi","floor":30,"turns":2}],"seed_played":"8460580134955464401","potions_obtained":[{"floor":1,"key":"SkillPotion"},{"floor":6,"key":"Weak Potion"},{"floor":14,"key":"SkillPotion"},{"floor":16,"key":"Ancient Potion"},{"floor":19,"key":"SteroidPotion"},{"floor":20,"key":"FairyPotion"}],"is_trial":false,"path_per_floor":["M","M","?","?","$","E","?","E","T","$","R","M","M","M","R","B",null,"M","M","M","$","M","R","E","M","T","E","M","?","M"],"character_chosen":"DEFECT","items_purchased":["Capacitor","Chaos","Panache","Bandage Up","Heatsinks"],"campfire_rested":1,"item_purchase_floors":[5,5,10,21,21],"current_hp_per_floor":[73,71,71,71,71,49,49,29,29,29,66,68,69,62,62,20,75,62,51,35,35,37,37,47,34,34,14,9,9,0],"gold":153,"neow_bonus":"BOSS_RELIC","is_prod":false,"is_daily":false,"chose_seed":false,"campfire_upgraded":2,"win_rate":0,"timestamp":1560295495,"path_taken":["M","M","?","?","$","E","?","E","T","$","R","M","?","M","R","BOSS","M","M","M","$","M","R","E","M","T","E","M","?","M"],"build_version":"2019-01-23","purchased_purges":0,"victory":false,"max_hp_per_floor":[75,75,75,75,75,75,75,75,75,75,75,75,75,75,75,75,75,75,75,75,75,75,75,85,85,85,85,85,85,85],"card_choices":[{"not_picked":["Streamline","Genetic Algorithm"],"picked":"Coolheaded","floor":1},{"not_picked":["Compile Driver","Genetic Algorithm"],"picked":"Hello World","floor":2},{"not_picked":["Stack","Sweeping Beam"],"picked":"Amplify","floor":6},{"not_picked":["Cold Snap","Electrodynamics"],"picked":"Loop","floor":8},{"not_picked":["BootSequence","Beam Cell"],"picked":"Heatsinks","floor":12},{"not_picked":["Rebound","Streamline"],"picked":"Barrage","floor":13},{"not_picked":["Streamline","Reinforced Body"],"picked":"Heatsinks","floor":14},{"not_picked":["All For One","Rainbow"],"picked":"Multi-Cast","floor":16},{"not_picked":["Stack","BootSequence"],"picked":"Coolheaded","floor":18},{"not_picked":["Hologram+1","FTL"],"picked":"Darkness","floor":19},{"not_picked":["Redo","Stack","Hologram"],"picked":"SKIP","floor":20},{"not_picked":["Redo","Stack"],"picked":"Coolheaded","floor":22},{"not_picked":["Storm","Hello World"],"picked":"Heatsinks","floor":24},{"not_picked":["Beam Cell+1","Rebound","Hologram"],"picked":"SKIP","floor":25},{"not_picked":["Reprogram","Hologram+1"],"picked":"Reboot","floor":27},{"not_picked":["Conserve Battery","Barrage+1"],"picked":"Capacitor","floor":28}],"player_experience":381930,"relics_obtained":[{"floor":6,"key":"Regal Pillow"},{"floor":8,"key":"Blood Vial"},{"floor":9,"key":"Orichalcum"},{"floor":24,"key":"Pear"},{"floor":26,"key":"Art of War"},{"floor":27,"key":"War Paint"}],"event_choices":[{"damage_healed":0,"gold_gain":175,"player_choice":"AGREE","damage_taken":0,"max_hp_gain":0,"max_hp_loss":0,"event_name":"Liars Game","floor":3,"gold_loss":0,"cards_obtained":["Doubt"]},{"cards_removed":["Doubt"],"damage_healed":0,"gold_gain":0,"player_choice":"Card Removal","damage_taken":0,"max_hp_gain":0,"max_hp_loss":0,"event_name":"The Cleric","floor":4,"gold_loss":50},{"damage_healed":0,"gold_gain":0,"player_choice":"Searched \u00272\u0027 times","damage_taken":0,"relics_obtained":["Symbiotic Virus"],"max_hp_gain":0,"max_hp_loss":0,"event_name":"Dead Adventurer","floor":7,"gold_loss":0},{"damage_healed":0,"gold_gain":0,"player_choice":"Opened","damage_taken":0,"relics_obtained":["Pantograph"],"max_hp_gain":0,"max_hp_loss":0,"event_name":"The Mausoleum","floor":29,"gold_loss":0,"cards_obtained":["Writhe"]}],"is_beta":false,"boss_relics":[{"not_picked":["Inserter","Velvet Choker"],"picked":"Coffee Dripper"}],"items_purged_floors":[],"is_endless":false,"potions_floor_spawned":[1,6,14,16,19,20,24,28],"killed_by":"Shelled Parasite and Fungi","ascension_level":1}