{"gold_per_floor":[112,112,112,37,37,362,362,375,454,473,499,499,510,510,510,610,610,622,155,155,169,185,185,198,198,198,223,223,256,271,286,286,385,385,404,78,78,89,89,89,115,127,127,156,169,201,201,215,215,215],"floor_reached":50,"playtime":3134,"items_purged":["Defend_B","Strike_B","Defend_B"],"score":907,"play_id":"59e06efa-2338-421b-bf1e-6722b7faf5ea","local_time":"20181212204438","is_ascension_mode":true,"campfire_choices":[{"data":"Zap","floor":7,"key":"SMITH"},{"data":"Dualcast","floor":12,"key":"SMITH"},{"floor":15,"key":"REST"},{"data":"Buffer","floor":23,"key":"SMITH"},{"data":"Sunder","floor":25,"key":"SMITH"},{"data":"Self Repair","floor":28,"key":"SMITH"},{"data":"Creative AI","floor":32,"key":"SMITH"},{"data":"Meteor Strike","floor":40,"key":"SMITH"},{"data":"Amplify","floor":47,"key":"SMITH"},{"data":"Hologram","floor":49,"key":"SMITH"}],"neow_cost":"NONE","seed_source_timestamp":5972133857515,"circlet_count":0,"master_deck":["Defend_B","Zap+1","Dualcast+1","Gash+1","Hologram","BootSequence","BootSequence","Conserve Battery","Leap","Buffer+1","Leap","Gash+1","Self Repair+1","Meteor Strike+1","Hologram+1","Conserve Battery","Sunder+1","Melter","Conserve Battery+1","Creative AI+1","Streamline+1","Amplify+1","Gash","Madness","Madness","Compile Driver+1","Flash of Steel","Gash+1","Static Discharge+1","Sunder+1","Compile Driver+1"],"relics":["Cracked Core","NeowsBlessing","Old Coin","Tiny Chest","Matryoshka","Happy Flower","Sozu","Mercury Hourglass","Mummified Hand","Bag of Preparation","Symbiotic Virus","Blue Candle","Nuclear Battery","Sling","Singing Bowl","PreservedInsect","Whetstone","Orichalcum","Frozen Egg 2"],"potions_floor_usage":[11,21],"damage_taken":[{"damage":0,"enemies":"Jaw Worm","floor":1,"turns":1},{"damage":0,"enemies":"Lagavulin","floor":6,"turns":1},{"damage":0,"enemies":"Small Slimes","floor":8,"turns":1},{"damage":0,"enemies":"Cultist","floor":10,"turns":3},{"damage":45,"enemies":"3 Sentries","floor":11,"turns":9},{"damage":4,"enemies":"2 Fungi Beasts","floor":13,"turns":4},{"damage":18,"enemies":"The Guardian","floor":16,"turns":11},{"damage":15,"enemies":"3 Byrds","floor":18,"turns":8},{"damage":11,"enemies":"Spheric Guardian","floor":21,"turns":4},{"damage":8,"enemies":"3 Cultists","floor":22,"turns":6},{"damage":15,"enemies":"Centurion and Healer","floor":24,"turns":4},{"damage":7,"enemies":"Slavers","floor":27,"turns":6},{"damage":10,"enemies":"Gremlin Leader","floor":29,"turns":6},{"damage":0,"enemies":"Shelled Parasite and Fungi","floor":30,"turns":6},{"damage":0,"enemies":"Cultist and Chosen","floor":31,"turns":4},{"damage":5,"enemies":"Automaton","floor":33,"turns":9},{"damage":0,"enemies":"Orb Walker","floor":35,"turns":4},{"damage":0,"enemies":"3 Shapes","floor":38,"turns":3},{"damage":31,"enemies":"Reptomancer","floor":41,"turns":7},{"damage":3,"enemies":"3 Darklings","floor":42,"turns":5},{"damage":28,"enemies":"Giant Head","floor":44,"turns":5},{"damage":0,"enemies":"Spire Growth","floor":45,"turns":3},{"damage":0,"enemies":"Nemesis","floor":46,"turns":3},{"damage":10,"enemies":"Jaw Worm Horde","floor":48,"turns":4},{"damage":85,"enemies":"Awakened One","floor":50,"turns":5}],"seed_played":"4153925004154642892","potions_obtained":[{"floor":10,"key":"Poison Potion"},{"floor":13,"key":"GamblersBrew"},{"floor":16,"key":"Energy Potion"}],"is_trial":false,"path_per_floor":["M","?","?","$","?","E","R","M","T","M","E","R","M","?","R","B",null,"M","$","?","M","M","R","M","R","T","E","R","E","M","M","R","B",null,"M","$","?","M","?","R","E","M","T","E","M","E","R","M","R","B"],"character_chosen":"DEFECT","items_purchased":["Gash","Self Repair","Mercury Hourglass","Sling"],"campfire_rested":1,"item_purchase_floors":[19,19,19,36],"current_hp_per_floor":[68,61,75,75,75,75,75,75,75,75,30,30,26,26,48,30,64,49,49,49,45,44,44,36,36,36,36,36,36,46,56,56,61,72,75,75,66,75,75,75,54,71,71,53,73,75,75,77,77,0],"gold":215,"neow_bonus":"THREE_ENEMY_KILL","is_prod":false,"is_daily":false,"chose_seed":false,"campfire_upgraded":9,"win_rate":0,"timestamp":1544618678,"path_taken":["M","?","?","$","?","E","R","M","T","?","E","R","M","?","R","BOSS","M","$","?","M","M","R","M","R","T","E","R","E","M","M","R","BOSS","M","$","?","M","?","R","E","M","T","E","M","E","R","M","R","BOSS"],"build_version":"2018-12-06","purchased_purges":3,"victory":false,"max_hp_per_floor":[75,75,75,75,75,75,75,75,75,75,75,75,75,75,75,75,75,75,75,75,75,75,75,75,75,75,75,75,75,75,75,75,75,75,75,75,75,75,75,75,75,75,75,75,75,77,77,79,79,79],"card_choices":[{"not_picked":["Sweeping Beam","Lockon"],"picked":"Gash","floor":1},{"not_picked":["Heatsinks","Steam Power"],"picked":"Hologram","floor":6},{"not_picked":["Rebound","Coolheaded"],"picked":"BootSequence","floor":8},{"not_picked":["Storm","Cold Snap"],"picked":"BootSequence","floor":10},{"not_picked":["All For One","Leap"],"picked":"Conserve Battery","floor":11},{"not_picked":["Fusion","Conserve Battery"],"picked":"Leap","floor":13},{"not_picked":["Biased Cognition","Reboot"],"picked":"Buffer","floor":16},{"not_picked":["Steam+1","Consume"],"picked":"Leap","floor":18},{"not_picked":["Go for the Eyes+1","Barrage","Coolheaded"],"picked":"SKIP","floor":21},{"not_picked":["Hello World+1","Double Energy"],"picked":"Conserve Battery","floor":22},{"not_picked":["Sweeping Beam","Storm"],"picked":"Sunder","floor":24},{"not_picked":["Fusion","Scrape"],"picked":"Melter","floor":27},{"not_picked":["Barrage","Compile Driver+1"],"picked":"Conserve Battery+1","floor":29},{"not_picked":["Steam+1","Storm"],"picked":"Creative AI","floor":30},{"not_picked":["Tempest","Sweeping Beam"],"picked":"Streamline+1","floor":31},{"not_picked":["Hyperbeam","All For One"],"picked":"Amplify","floor":33},{"not_picked":["Cold Snap+1","Compile Driver+1"],"picked":"Gash","floor":35},{"not_picked":["Stack","Sweeping Beam"],"picked":"Compile Driver+1","floor":38},{"not_picked":["Bandage Up","Deep Breath"],"picked":"Flash of Steel","floor":39},{"not_picked":["Hologram+1","Heatsinks+1"],"picked":"Gash+1","floor":41},{"not_picked":["Recycle+1","Stack"],"picked":"Static Discharge+1","floor":42},{"not_picked":["Lockon","Turbo+1"],"picked":"Sunder+1","floor":44},{"not_picked":["Sunder+1","Sweeping Beam+1"],"picked":"Compile Driver+1","floor":45},{"not_picked":["Beam Cell+1","Rebound","Aggregate+1"],"picked":"Singing Bowl","floor":46},{"not_picked":["Streamline","Reinforced Body","Consume+1"],"picked":"Singing Bowl","floor":48}],"player_experience":549480,"relics_obtained":[{"floor":6,"key":"Old Coin"},{"floor":9,"key":"Tiny Chest"},{"floor":11,"key":"Matryoshka"},{"floor":26,"key":"Mummified Hand"},{"floor":26,"key":"Bag of Preparation"},{"floor":27,"key":"Symbiotic Virus"},{"floor":29,"key":"Blue Candle"},{"floor":41,"key":"Singing Bowl"},{"floor":43,"key":"PreservedInsect"},{"floor":43,"key":"Whetstone"},{"floor":44,"key":"Orichalcum"},{"floor":46,"key":"Frozen Egg 2"}],"event_choices":[{"cards_removed":["Strike_B"],"damage_healed":0,"gold_gain":0,"player_choice":"Card Removal","damage_taken":7,"max_hp_gain":0,"max_hp_loss":0,"event_name":"Golden Wing","floor":2,"gold_loss":0},{"damage_healed":25,"gold_gain":0,"player_choice":"Banana","damage_taken":0,"max_hp_gain":0,"max_hp_loss":0,"event_name":"Big Fish","floor":3,"gold_loss":0},{"cards_removed":["Strike_B"],"damage_healed":0,"gold_gain":0,"player_choice":"Offered Basic","damage_taken":0,"max_hp_gain":0,"max_hp_loss":0,"event_name":"Bonfire Elementals","floor":5,"gold_loss":0},{"damage_healed":0,"gold_gain":0,"player_choice":"Searched \u00271\u0027 times","damage_taken":0,"relics_obtained":["Happy Flower"],"max_hp_gain":0,"max_hp_loss":0,"event_name":"Dead Adventurer","floor":14,"gold_loss":0},{"damage_healed":0,"gold_gain":0,"cards_transformed":["Defend_B","Strike_B"],"player_choice":"Became Test Subject","damage_taken":0,"max_hp_gain":0,"max_hp_loss":0,"event_name":"Drug Dealer","floor":20,"gold_loss":0,"cards_obtained":["Meteor Strike","Hologram"]},{"damage_healed":0,"gold_gain":0,"player_choice":"Embrace Madness","damage_taken":9,"max_hp_gain":0,"max_hp_loss":0,"event_name":"Winding Halls","floor":37,"gold_loss":0,"cards_obtained":["Madness","Madness"]},{"damage_healed":0,"gold_gain":0,"player_choice":"Memory 1","damage_taken":0,"max_hp_gain":0,"max_hp_loss":0,"event_name":"SensoryStone","floor":39,"gold_loss":0}],"is_beta":false,"boss_relics":[{"not_picked":["Snecko Eye","White Beast Statue"],"picked":"Sozu"},{"not_picked":["Cursed Key","Runic Dome"],"picked":"Nuclear Battery"}],"items_purged_floors":[4,19,36],"is_endless":false,"potions_floor_spawned":[10,13,16,18,21,31,35,38,44,45],"killed_by":"Awakened One","ascension_level":8}