{"path_per_floor":["M","M","M","$","M","M","R","M","T","R","$","?","M","M","R","B",null,"M","M","M"],"character_chosen":"THE_SILENT","items_purchased":[],"gold_per_floor":[113,127,138,63,81,96,96,106,183,183,83,183,195,215,215,312,312,331,350,369],"floor_reached":21,"campfire_rested":2,"playtime":1425,"current_hp_per_floor":[69,69,68,68,52,41,62,56,56,56,56,56,54,49,70,9,70,55,52,41],"items_purged":["Strike_G","Defend_G"],"gold":369,"score":177,"play_id":"6a1eaad7-aa8e-4c96-8085-860a1b4277af","is_prod":false,"is_daily":false,"is_ascension_mode":false,"campfire_upgraded":1,"path_taken":["M","M","M","$","?","M","R","M","T","R","$","?","?","M","R","BOSS","M","M","M","M"],"build_version":"2018-02-15-PROD1","purchased_purges":2,"victory":false,"master_deck":["Defend_G","Defend_G","Defend_G","Strike_G","Strike_G","Strike_G","Strike_G","Survivor+1","Neutralize","Slice","Flying Knee","Dagger Spray","Bullet Time","Terror+1","Prepared+1"],"max_hp_per_floor":[70,70,70,70,70,70,70,70,70,70,70,70,70,70,70,70,70,70,70,70],"relics":["Ring of the Snake","Dodecahedron","Sozu"],"card_choices":[{"not_picked":["Prepared","Bane"],"picked":"Slice"},{"not_picked":["Escape Plan","Outmaneuver"],"picked":"Flying Knee"},{"not_picked":["Sucker Punch","Outmaneuver"],"picked":"Dagger Spray"},{"not_picked":["Wraith Form","Venomology"],"picked":"Bullet Time"},{"not_picked":["Escape Plan","Leg Sweep"],"picked":"Terror"},{"not_picked":["Leg Sweep","Bouncing Flask"],"picked":"Prepared"}],"player_experience":70701,"potions_floor_usage":[8,16,16,16],"damage_taken":[{"damage":1,"enemies":"Cultist","floor":1,"turns":4},{"damage":0,"enemies":"Small Slimes","floor":2,"turns":5},{"damage":1,"enemies":"Jaw Worm","floor":3,"turns":4},{"damage":16,"enemies":"Lots of Slimes","floor":5,"turns":5},{"damage":11,"enemies":"2 Fungi Beasts","floor":6,"turns":4},{"damage":6,"enemies":"Exordium Wildlife","floor":8,"turns":6},{"damage":2,"enemies":"Blue Slaver","floor":13,"turns":3},{"damage":5,"enemies":"Large Slime","floor":14,"turns":6},{"damage":61,"enemies":"The Guardian","floor":16,"turns":15},{"damage":15,"enemies":"Chosen","floor":18,"turns":6},{"damage":3,"enemies":"3 Byrds","floor":19,"turns":5},{"damage":11,"enemies":"Snecko","floor":20,"turns":5},{"damage":43,"enemies":"Sentry and Sphere","floor":21,"turns":6}],"event_choices":[{"event_name":"Golden Shrine","player_choice":"Pray","floor":12,"damage_taken":0}],"boss_relics":[{"not_picked":["Question Card","Eternal Feather"],"picked":"Sozu"}],"potions_floor_spawned":[2,5,8,14,18],"seed_played":"4225008902426620662","killed_by":"Sentry and Sphere","ascension_level":0,"is_trial":false}