{"gold_per_floor":[112,112,112,37,60,95,95,114,114,114,145,170,185,199,199,297,297,316,335,335,235,235,235,279,293,293,293,6,6,6,31,31,124,124,138,138,0,25,25,25],"floor_reached":40,"playtime":1868,"items_purged":["Strike_R","Seeing Red","Strike_R"],"score":835,"play_id":"2c2ececb-1673-4cf8-ae2c-67d98a55f9b6","local_time":"20190102114025","is_ascension_mode":true,"campfire_choices":[{"data":"Demon Form","floor":7,"key":"SMITH"},{"data":"Whirlwind","floor":10,"key":"SMITH"},{"floor":15,"key":"REST"},{"data":"Bash","floor":23,"key":"SMITH"},{"floor":27,"key":"REST"},{"data":"Limit Break","floor":32,"key":"SMITH"}],"neow_cost":"TEN_PERCENT_HP_LOSS","seed_source_timestamp":253014048054389,"circlet_count":0,"master_deck":["AscendersBane","Strike_R","Defend_R","Defend_R","Defend_R","Bash+1","Spot Weakness","Demon Form+1","Sword Boomerang","Whirlwind+1","Battle Trance+1","Limit Break+1","Ghostly","Ghostly+1","Ghostly","Flex","Entrench","Double Tap"],"relics":["Burning Blood","Golden Idol","Du-Vu Doll","Pear","Letter Opener","Lizard Tail","Juzu Bracelet","Kunai","War Paint","Oddly Smooth Stone","Fusion Hammer","Magic Flower","Red Mask"],"potions_floor_usage":[6,11,16,33],"damage_taken":[{"damage":11,"enemies":"Jaw Worm","floor":1,"turns":4},{"damage":4,"enemies":"Small Slimes","floor":5,"turns":5},{"damage":30,"enemies":"3 Sentries","floor":6,"turns":6},{"damage":1,"enemies":"Cultist","floor":8,"turns":3},{"damage":0,"enemies":"Lagavulin","floor":11,"turns":4},{"damage":15,"enemies":"Gremlin Gang","floor":12,"turns":3},{"damage":22,"enemies":"Exordium Thugs","floor":13,"turns":4},{"damage":6,"enemies":"Looter","floor":14,"turns":2},{"damage":32,"enemies":"Hexaghost","floor":16,"turns":7},{"damage":30,"enemies":"Spheric Guardian","floor":18,"turns":4},{"damage":0,"enemies":"3 Byrds","floor":19,"turns":3},{"damage":44,"enemies":"Colosseum Slavers","floor":20,"turns":3},{"damage":35,"enemies":"Gremlin Leader","floor":24,"turns":4},{"damage":6,"enemies":"Snake Plant","floor":25,"turns":4},{"damage":0,"enemies":"Snecko","floor":31,"turns":4},{"damage":20,"enemies":"Champ","floor":33,"turns":7},{"damage":4,"enemies":"3 Darklings","floor":35,"turns":5},{"damage":1,"enemies":"Orb Walker","floor":38,"turns":3},{"damage":43,"enemies":"Giant Head","floor":40,"turns":5}],"seed_played":"-423106475695993216","potions_obtained":[{"floor":5,"key":"SteroidPotion"},{"floor":6,"key":"GamblersBrew"},{"floor":13,"key":"EssenceOfSteel"},{"floor":18,"key":"Fire Potion"},{"floor":19,"key":"SneckoOil"},{"floor":25,"key":"Energy Potion"}],"is_trial":false,"path_per_floor":["M","?","?","$","M","E","R","M","T","R","E","M","M","M","R","B",null,"M","M","?","$","?","R","E","M","T","R","$","T","?","M","R","B",null,"M","?","?","M","$","E"],"character_chosen":"IRONCLAD","items_purchased":["War Paint"],"campfire_rested":2,"item_purchase_floors":[28],"current_hp_per_floor":[63,62,62,62,62,38,38,43,53,53,59,50,34,34,55,29,61,37,43,42,42,36,36,7,7,7,17,17,17,17,23,23,9,29,31,31,31,36,36,0],"gold":25,"neow_bonus":"REMOVE_TWO","is_prod":false,"is_daily":false,"chose_seed":false,"campfire_upgraded":4,"win_rate":0,"timestamp":1546400425,"path_taken":["M","?","?","$","M","E","R","M","T","R","E","M","?","M","R","BOSS","M","?","?","$","?","R","E","M","T","R","$","?","?","M","R","BOSS","M","?","?","M","$","E"],"build_version":"2018-12-20","purchased_purges":3,"victory":false,"max_hp_per_floor":[68,62,62,62,62,62,62,62,72,72,72,72,72,72,72,72,72,72,72,72,72,36,36,36,36,36,36,36,36,36,36,36,36,36,36,36,36,36,36,36],"card_choices":[{"not_picked":["Armaments","Flex"],"picked":"Spot Weakness","floor":1},{"not_picked":["Evolve","Warcry"],"picked":"Sword Boomerang","floor":5},{"not_picked":["True Grit","Rage"],"picked":"Seeing Red","floor":6},{"not_picked":["Sword Boomerang","Havoc"],"picked":"Whirlwind","floor":8},{"not_picked":["Shockwave","Blood for Blood","Corruption"],"picked":"SKIP","floor":11},{"not_picked":["Wild Strike","Hemokinesis","Rage"],"picked":"SKIP","floor":12},{"not_picked":["Entrench","Thunderclap"],"picked":"Battle Trance","floor":13},{"not_picked":["Juggernaut","Rupture","Armaments"],"picked":"SKIP","floor":14},{"not_picked":["Feed","Brutality"],"picked":"Limit Break","floor":16},{"not_picked":["Clash","True Grit","Dual Wield"],"picked":"SKIP","floor":18},{"not_picked":["Carnage+1","Shockwave","Rupture"],"picked":"SKIP","floor":19},{"not_picked":["Headbutt","Limit Break","True Grit"],"picked":"SKIP","floor":24},{"not_picked":["Cleave","Armaments"],"picked":"Flex","floor":25},{"not_picked":["Clothesline","Metallicize","Evolve"],"picked":"SKIP","floor":31},{"not_picked":["Immolate","Offering"],"picked":"Double Tap","floor":33},{"not_picked":["Intimidate","Shrug It Off","Wild Strike"],"picked":"SKIP","floor":35},{"not_picked":["Reckless Charge","Dual Wield","Clothesline+1"],"picked":"SKIP","floor":38}],"player_experience":641469,"relics_obtained":[{"floor":6,"key":"Du-Vu Doll"},{"floor":9,"key":"Pear"},{"floor":11,"key":"Letter Opener"},{"floor":24,"key":"Juzu Bracelet"},{"floor":26,"key":"Kunai"},{"floor":29,"key":"Oddly Smooth Stone"},{"floor":36,"key":"Magic Flower"}],"event_choices":[{"damage_healed":0,"gold_gain":0,"player_choice":"Lose Max HP","damage_taken":0,"relics_obtained":["Golden Idol"],"max_hp_gain":0,"max_hp_loss":6,"event_name":"Golden Idol","floor":2,"gold_loss":0},{"damage_healed":0,"gold_gain":0,"player_choice":"1 cards matched","damage_taken":0,"max_hp_gain":0,"max_hp_loss":0,"event_name":"Match and Keep!","floor":3,"gold_loss":0,"cards_obtained":["Demon Form"]},{"damage_healed":0,"gold_gain":0,"player_choice":"Fight","damage_taken":0,"max_hp_gain":0,"max_hp_loss":0,"event_name":"Colosseum","floor":20,"gold_loss":0},{"damage_healed":0,"gold_gain":0,"player_choice":"Fled From Nobs","damage_taken":0,"max_hp_gain":0,"max_hp_loss":0,"event_name":"Colosseum","floor":20,"gold_loss":0},{"damage_healed":0,"gold_gain":0,"player_choice":"Became a Ghost","damage_taken":0,"max_hp_gain":0,"max_hp_loss":36,"event_name":"Ghosts","floor":22,"gold_loss":0,"cards_obtained":["Ghostly","Ghostly","Ghostly"]},{"damage_healed":0,"gold_gain":0,"cards_transformed":["Strike_R"],"player_choice":"Transformed","damage_taken":0,"max_hp_gain":0,"max_hp_loss":0,"event_name":"Transmorgrifier","floor":30,"gold_loss":0,"cards_obtained":["Entrench"]},{"damage_healed":0,"gold_gain":0,"player_choice":"Relic","damage_taken":0,"max_hp_gain":0,"max_hp_loss":0,"event_name":"Wheel of Change","floor":36,"gold_loss":0},{"damage_healed":0,"gold_gain":0,"player_choice":"Paid","damage_taken":0,"relics_obtained":["Red Mask"],"max_hp_gain":0,"max_hp_loss":0,"event_name":"Tomb of Lord Red Mask","floor":37,"gold_loss":138}],"is_beta":false,"boss_relics":[{"not_picked":["Coffee Dripper","Pandora\u0027s Box"],"picked":"Lizard Tail"},{"not_picked":["Runic Cube","Snecko Eye"],"picked":"Fusion Hammer"}],"items_purged_floors":[4,21,28],"is_endless":false,"potions_floor_spawned":[5,6,13,18,19,25],"killed_by":"Giant Head","ascension_level":16}