{"gold_per_floor":[119,138,149,164,176,209,229,229,229,229],"floor_reached":10,"playtime":1913,"items_purged":[],"score":72,"play_id":"aac3a032-e2e1-4092-8ec0-3f2ca916ec4b","local_time":"20190516004011","is_ascension_mode":false,"campfire_choices":[{"floor":8,"key":"REST"}],"neow_cost":"NONE","seed_source_timestamp":88999092865400,"circlet_count":0,"master_deck":["Defend_G","Defend_G","Defend_G","Defend_G","Defend_G","Strike_G","Strike_G","Strike_G","Strike_G","Strike_G","Survivor","Neutralize","Doppelganger","Flying Knee","Distraction","Noxious Fumes","PiercingWail","PiercingWail","Distraction"],"relics":["Ring of the Snake","Art of War","Blue Candle"],"potions_floor_usage":[6,6,10],"damage_taken":[{"damage":0,"enemies":"Jaw Worm","floor":1,"turns":5},{"damage":1,"enemies":"Cultist","floor":2,"turns":4},{"damage":3,"enemies":"Small Slimes","floor":3,"turns":3},{"damage":2,"enemies":"Blue Slaver","floor":4,"turns":6},{"damage":0,"enemies":"2 Fungi Beasts","floor":5,"turns":3},{"damage":12,"enemies":"3 Sentries","floor":6,"turns":8},{"damage":7,"enemies":"Exordium Thugs","floor":7,"turns":6},{"damage":68,"enemies":"Gremlin Nob","floor":10,"turns":6}],"seed_played":"3450449606920028546","potions_obtained":[{"floor":2,"key":"Ancient Potion"},{"floor":4,"key":"Ancient Potion"},{"floor":6,"key":"Energy Potion"},{"floor":7,"key":"Fire Potion"}],"is_trial":false,"path_per_floor":["M","M","M","M","M","E","M","R","T","E"],"character_chosen":"THE_SILENT","items_purchased":[],"campfire_rested":1,"item_purchase_floors":[],"current_hp_per_floor":[70,69,66,64,64,52,45,66,66,0],"gold":229,"neow_bonus":"ONE_RANDOM_RARE_CARD","is_prod":false,"is_daily":false,"chose_seed":false,"campfire_upgraded":0,"win_rate":0.0,"timestamp":1557978011,"path_taken":["M","M","M","M","M","E","M","R","T","E"],"build_version":"2019-01-23","purchased_purges":0,"victory":false,"max_hp_per_floor":[70,70,70,70,70,70,70,70,70,70],"card_choices":[{"not_picked":["Bane","Slice"],"picked":"Flying Knee","floor":1},{"not_picked":["Terror","Deflect"],"picked":"Distraction","floor":2},{"not_picked":["PiercingWail","Cloak And Dagger"],"picked":"Noxious Fumes","floor":3},{"not_picked":["Acrobatics","Bane"],"picked":"PiercingWail","floor":4},{"not_picked":["Masterful Stab","Slice"],"picked":"PiercingWail","floor":5},{"not_picked":["Outmaneuver","Calculated Gamble"],"picked":"Distraction","floor":6},{"not_picked":["Setup","Dodge and Roll","Dagger Throw"],"picked":"SKIP","floor":7}],"player_experience":180815,"relics_obtained":[{"floor":6,"key":"Art of War"},{"floor":9,"key":"Blue Candle"}],"event_choices":[],"is_beta":false,"boss_relics":[],"items_purged_floors":[],"is_endless":false,"potions_floor_spawned":[2,4,6,7],"killed_by":"Gremlin Nob","ascension_level":0}