{"gold_per_floor":[114,84,103,103,28,54,54,69,69,69,69],"floor_reached":11,"playtime":774,"items_purged":["Strike_B"],"score":96,"play_id":"fa18c3e5-0735-41b3-ac29-3547dc9e5d37","local_time":"20190518015609","is_ascension_mode":true,"campfire_choices":[{"data":"Hello World","floor":7,"key":"SMITH"},{"data":"Chaos","floor":10,"key":"SMITH"}],"neow_cost":"PERCENT_DAMAGE","seed_source_timestamp":55367899293200,"circlet_count":0,"master_deck":["Strike_B","Defend_B","Defend_B","Defend_B","Defend_B","Zap","Dualcast","Chaos+1","Hello World+1","Impatience","Echo Form","Gash","Static Discharge"],"relics":["Cracked Core","Prayer Wheel"],"potions_floor_usage":[6],"damage_taken":[{"damage":0,"enemies":"Cultist","floor":1,"turns":4},{"damage":2,"enemies":"2 Louse","floor":3,"turns":3},{"damage":17,"enemies":"3 Sentries","floor":6,"turns":7},{"damage":0,"enemies":"Small Slimes","floor":8,"turns":2},{"damage":31,"enemies":"Gremlin Gang","floor":11,"turns":3}],"seed_played":"-8836445539965366958","potions_obtained":[{"floor":1,"key":"PowerPotion"},{"floor":2,"key":"SkillPotion"},{"floor":2,"key":"EssenceOfSteel"}],"is_trial":false,"path_per_floor":["M","?","M","?","$","E","R","M","T","R","M"],"character_chosen":"DEFECT","items_purchased":[],"campfire_rested":0,"item_purchase_floors":[],"current_hp_per_floor":[50,50,48,48,48,31,31,31,31,31,0],"gold":69,"neow_bonus":"REMOVE_TWO","is_prod":false,"is_daily":false,"chose_seed":false,"campfire_upgraded":2,"win_rate":0,"timestamp":1558137369,"path_taken":["M","?","?","?","$","E","R","M","T","R","?"],"build_version":"2019-01-23","purchased_purges":1,"victory":false,"max_hp_per_floor":[75,75,75,75,75,75,75,75,75,75,75],"card_choices":[{"not_picked":["Chill","Leap"],"picked":"Chaos","floor":1},{"not_picked":["Rebound","Self Repair"],"picked":"Hello World","floor":3},{"not_picked":["Streamline","Sweeping Beam"],"picked":"Echo Form","floor":6},{"not_picked":["Heatsinks","Streamline"],"picked":"Gash","floor":8},{"not_picked":["Hologram","Redo"],"picked":"Static Discharge","floor":8}],"player_experience":138680,"relics_obtained":[{"floor":6,"key":"Prayer Wheel"}],"event_choices":[{"damage_healed":0,"gold_gain":0,"player_choice":"Bought 2 Potions","damage_taken":0,"max_hp_gain":0,"max_hp_loss":0,"event_name":"The Woman in Blue","floor":2,"gold_loss":0},{"damage_healed":0,"gold_gain":0,"player_choice":"1 cards matched","damage_taken":0,"max_hp_gain":0,"max_hp_loss":0,"event_name":"Match and Keep!","floor":4,"gold_loss":0,"cards_obtained":["Impatience"]}],"is_beta":false,"boss_relics":[],"items_purged_floors":[5],"is_endless":false,"potions_floor_spawned":[1],"killed_by":"Gremlin Gang","ascension_level":7}