{"path_per_floor":["M","M","?","M","M","R","?","R","T","?","M","?","M","$","R","B",null,"M","M","M","?","?","R","E","R","T","?","M","M","R","M","R"],"character_chosen":"THE_SILENT","items_purchased":[],"gold_per_floor":[109,123,123,138,148,148,148,148,171,171,189,153,173,98,98,198,198,211,227,241,241,241,241,270,270,293,293,307,321,321,335,335],"floor_reached":33,"campfire_rested":5,"playtime":1768,"current_hp_per_floor":[56,52,52,46,31,31,31,51,51,38,36,36,27,27,47,11,53,40,50,15,15,15,15,28,48,48,67,31,25,45,26,46],"items_purged":["Defend_G"],"gold":335,"score":389,"play_id":"a27223b4-0e91-470a-be85-8271f70ed985","is_prod":false,"is_daily":false,"is_ascension_mode":true,"campfire_upgraded":2,"path_taken":["M","M","?","M","M","R","?","R","T","?","M","?","?","?","R","BOSS","M","M","?","?","?","R","E","R","T","?","M","?","R","M","R","BOSS"],"build_version":"2018-02-22-PROD2","purchased_purges":1,"victory":false,"master_deck":["Survivor","Neutralize","Acrobatics","Backflip+1","Footwork","PiercingWail","Deadly Poison","Endless Agony","Underhanded Strike","Slice","Dagger Throw","Infinite Blades","Caltrops","Quick Slash","Backflip+1","Catalyst+1","Writhe","Well Laid Plans","Bouncing Flask","Acrobatics+1","Outmaneuver"],"max_hp_per_floor":[70,70,70,70,70,70,67,67,67,67,67,67,67,67,67,67,67,67,67,67,67,67,67,67,67,67,67,67,67,67,67,67],"relics":["Ring of the Snake","Whetstone","Pandora\u0027s Box","Tough Bandages","Orichalcum","Snake Skull"],"card_choices":[{"not_picked":["Poisoned Stab","Underhanded Strike"],"picked":"Acrobatics"},{"not_picked":["Acrobatics","Leg Sweep"],"picked":"Backflip"},{"not_picked":["All Out Attack","Outmaneuver"],"picked":"Footwork"},{"not_picked":["Terror","Poisoned Stab"],"picked":"Backflip"},{"not_picked":["Backflip","Acrobatics"],"picked":"Catalyst"},{"not_picked":["Deadly Poison","Storm of Steel"],"picked":"Well Laid Plans"},{"not_picked":["Poisoned Stab","Expertise"],"picked":"Bouncing Flask"},{"not_picked":["Dagger Spray","Dagger Throw"],"picked":"Acrobatics"},{"not_picked":["Flying Knee","Predator"],"picked":"Outmaneuver"}],"player_experience":244480,"potions_floor_usage":[16,16,19,24,24,33],"damage_taken":[{"damage":7,"enemies":"Small Slimes","floor":1,"turns":5},{"damage":4,"enemies":"Jaw Worm","floor":2,"turns":5},{"damage":6,"enemies":"Cultist","floor":4,"turns":5},{"damage":15,"enemies":"3 Louse","floor":5,"turns":6},{"damage":2,"enemies":"Red Slaver","floor":11,"turns":4},{"damage":9,"enemies":"2 Fungi Beasts","floor":13,"turns":3},{"damage":36,"enemies":"Slime Boss","floor":16,"turns":13},{"damage":13,"enemies":"Spheric Guardian","floor":18,"turns":4},{"damage":2,"enemies":"Chosen","floor":19,"turns":6},{"damage":35,"enemies":"Snake Plant","floor":20,"turns":5},{"damage":2,"enemies":"Book of Stabbing","floor":24,"turns":5},{"damage":36,"enemies":"Cultist and Chosen","floor":28,"turns":5},{"damage":6,"enemies":"Snecko","floor":29,"turns":4},{"damage":19,"enemies":"Centurion and Healer","floor":31,"turns":5},{"damage":46,"enemies":"Champ","floor":33,"turns":11}],"event_choices":[{"event_name":"Golden Idol","player_choice":"Ignored","floor":3,"damage_taken":0},{"event_name":"Fountain of Cleansing","player_choice":"Removed Curse","floor":7,"damage_taken":0},{"event_name":"Shining Light","player_choice":"Entered Light","floor":10,"damage_taken":0},{"event_name":"World of Goop","player_choice":"Left","floor":12,"damage_taken":0},{"event_name":"Vampires","player_choice":"Ignored","floor":21,"damage_taken":0},{"event_name":"The Mausoleum","player_choice":"Yes","floor":22,"damage_taken":0},{"event_name":"The Library","player_choice":"Heal","floor":27,"damage_taken":0}],"boss_relics":[{"not_picked":["Orrery","Calling Bell"],"picked":"Pandora\u0027s Box"}],"potions_floor_spawned":[1,5,11,13,18,20,29],"seed_played":"8519547997005422228","killed_by":"Champ","ascension_level":10,"is_trial":false}