{"gold_per_floor":[113,113,113,131,148,148,162,179,179,179,179,204,220,259,259,383,383,408,358,343,362,168,168,186,206,232,132,57,91,116,241,241,241],"floor_reached":33,"playtime":1947,"items_purged":["Strike_B","Normality"],"score":271,"play_id":"95de3c31-0533-4571-a1e8-33ab32978171","local_time":"20190525083336","is_ascension_mode":false,"campfire_choices":[{"data":"Fusion","floor":6,"key":"SMITH"},{"floor":15,"key":"DIG"},{"data":"Defragment","floor":23,"key":"SMITH"},{"floor":32,"key":"DIG"}],"neow_cost":"NONE","seed_source_timestamp":573906339837395,"circlet_count":0,"master_deck":["Strike_B","Defend_B","Defend_B","Defend_B","Defend_B","Zap+1","Dualcast","Conserve Battery","Fusion+1","Go for the Eyes+1","Ball Lightning+1","Leap","Steam","Ball Lightning","Thunder Strike+1","Leap","Conserve Battery","Defragment+1","Sweeping Beam+1","BootSequence+1","Creative AI","Hologram+1"],"relics":["Cracked Core","Bird Faced Urn","Golden Idol","Shovel","Molten Egg 2","Cursed Key","Whetstone","Symbiotic Virus","Ginger","The Courier","Toxic Egg 2"],"potions_floor_usage":[14,16,18,20,24,31,31],"damage_taken":[{"damage":0,"enemies":"Small Slimes","floor":1,"turns":3},{"damage":1,"enemies":"Jaw Worm","floor":4,"turns":3},{"damage":4,"enemies":"Cultist","floor":5,"turns":4},{"damage":12,"enemies":"Exordium Thugs","floor":7,"turns":6},{"damage":2,"enemies":"Blue Slaver","floor":8,"turns":3},{"damage":2,"enemies":"Large Slime","floor":12,"turns":5},{"damage":4,"enemies":"3 Louse","floor":13,"turns":4},{"damage":20,"enemies":"3 Sentries","floor":14,"turns":13},{"damage":25,"enemies":"Slime Boss","floor":16,"turns":9},{"damage":3,"enemies":"Shell Parasite","floor":18,"turns":4},{"damage":2,"enemies":"2 Thieves","floor":20,"turns":4},{"damage":19,"enemies":"Centurion and Healer","floor":21,"turns":8},{"damage":29,"enemies":"Snake Plant","floor":24,"turns":5},{"damage":0,"enemies":"3 Cultists","floor":25,"turns":4},{"damage":1,"enemies":"Book of Stabbing","floor":29,"turns":5},{"damage":0,"enemies":"Shelled Parasite and Fungi","floor":30,"turns":3},{"damage":11,"enemies":"Colosseum Slavers","floor":31,"turns":4},{"damage":0,"enemies":"Colosseum Nobs","floor":31,"turns":3},{"damage":56,"enemies":"Collector","floor":33,"turns":8}],"seed_played":"7682899791115370084","potions_obtained":[{"floor":1,"key":"Dexterity Potion"},{"floor":13,"key":"Poison Potion"},{"floor":14,"key":"SpeedPotion"},{"floor":16,"key":"SkillPotion"},{"floor":20,"key":"EssenceOfSteel"},{"floor":24,"key":"SmokeBomb"},{"floor":25,"key":"EssenceOfSteel"}],"is_trial":false,"path_per_floor":["M","?","?","M","M","R","M","M","T","?","?","M","M","E","R","B",null,"M","?","M","M","$","R","M","M","T","$","?","E","M","?","R","B"],"character_chosen":"DEFECT","items_purchased":["Defragment","AttackPotion"],"campfire_rested":0,"item_purchase_floors":[22,22],"current_hp_per_floor":[75,75,80,79,75,75,63,61,61,61,61,59,55,35,35,10,74,71,71,69,50,50,50,21,23,23,23,23,24,30,35,35,0],"gold":241,"neow_bonus":"UPGRADE_CARD","is_prod":false,"is_daily":false,"chose_seed":false,"campfire_upgraded":2,"win_rate":0,"timestamp":1558787616,"path_taken":["M","?","?","M","M","R","M","M","T","?","?","M","M","E","R","BOSS","M","?","M","M","$","R","M","?","T","$","?","E","M","?","R","BOSS"],"build_version":"2019-01-23","purchased_purges":2,"victory":false,"max_hp_per_floor":[75,75,80,80,80,80,80,80,80,74,74,74,74,74,74,74,74,74,74,74,74,74,74,74,74,74,74,74,74,74,74,74,74],"card_choices":[{"not_picked":["Scrape","Barrage"],"picked":"Conserve Battery","floor":1},{"not_picked":["Coolheaded","Aggregate"],"picked":"Fusion","floor":4},{"not_picked":["Coolheaded","Cold Snap"],"picked":"Go for the Eyes","floor":5},{"not_picked":["Steam","Heatsinks"],"picked":"Ball Lightning","floor":7},{"not_picked":["Streamline","Multi-Cast","Ball Lightning"],"picked":"SKIP","floor":8},{"not_picked":["Tempest","Darkness"],"picked":"Leap","floor":12},{"not_picked":["Ball Lightning","Scrape"],"picked":"Steam","floor":13},{"not_picked":["Turbo","Multi-Cast"],"picked":"Ball Lightning","floor":14},{"not_picked":["Reboot","Amplify"],"picked":"Thunder Strike+1","floor":16},{"not_picked":["Sweeping Beam+1","Static Discharge"],"picked":"Leap","floor":18},{"not_picked":["Cold Snap+1","Beam Cell+1"],"picked":"Conserve Battery","floor":20},{"not_picked":["Steam","Barrage+1","Streamline+1"],"picked":"SKIP","floor":21},{"not_picked":["Cold Snap+1","Hello World"],"picked":"Sweeping Beam+1","floor":24},{"not_picked":["Melter+1","Stack+1"],"picked":"BootSequence+1","floor":25},{"not_picked":["Barrage+1","Go for the Eyes+1"],"picked":"Creative AI","floor":29},{"not_picked":["Tempest","Streamline+1","Recycle"],"picked":"SKIP","floor":30},{"not_picked":["Blizzard+1","Streamline+1"],"picked":"Hologram+1","floor":31}],"player_experience":615831,"relics_obtained":[{"floor":9,"key":"Bird Faced Urn"},{"floor":14,"key":"Shovel"},{"floor":15,"key":"Molten Egg 2"},{"floor":26,"key":"Whetstone"},{"floor":29,"key":"Symbiotic Virus"},{"floor":31,"key":"Ginger"},{"floor":31,"key":"The Courier"},{"floor":32,"key":"Toxic Egg 2"}],"event_choices":[{"cards_removed":["Strike_B"],"damage_healed":0,"gold_gain":0,"player_choice":"Forget","damage_taken":0,"max_hp_gain":0,"max_hp_loss":0,"event_name":"Living Wall","floor":2,"gold_loss":0},{"damage_healed":0,"gold_gain":0,"player_choice":"Donut","damage_taken":0,"max_hp_gain":5,"max_hp_loss":0,"event_name":"Big Fish","floor":3,"gold_loss":0},{"damage_healed":0,"gold_gain":0,"player_choice":"Lose Max HP","damage_taken":0,"relics_obtained":["Golden Idol"],"max_hp_gain":0,"max_hp_loss":6,"event_name":"Golden Idol","floor":10,"gold_loss":0},{"damage_healed":0,"gold_gain":0,"player_choice":"Ignored","damage_taken":0,"max_hp_gain":0,"max_hp_loss":0,"event_name":"Shining Light","floor":11,"gold_loss":0},{"damage_healed":0,"gold_gain":0,"player_choice":"Bet on Murderer","damage_taken":0,"max_hp_gain":0,"max_hp_loss":0,"event_name":"The Joust","floor":19,"gold_loss":50},{"cards_removed":["Strike_B"],"damage_healed":0,"gold_gain":0,"player_choice":"Gave Gold","damage_taken":0,"max_hp_gain":0,"max_hp_loss":0,"event_name":"Beggar","floor":28,"gold_loss":75},{"damage_healed":0,"gold_gain":0,"player_choice":"Fight","damage_taken":0,"max_hp_gain":0,"max_hp_loss":0,"event_name":"Colosseum","floor":31,"gold_loss":0},{"damage_healed":0,"gold_gain":0,"player_choice":"Fought Nobs","damage_taken":0,"max_hp_gain":0,"max_hp_loss":0,"event_name":"Colosseum","floor":31,"gold_loss":0}],"is_beta":false,"boss_relics":[{"not_picked":["White Beast Statue","Coffee Dripper"],"picked":"Cursed Key"}],"items_purged_floors":[22,27],"is_endless":false,"potions_floor_spawned":[1,13,14,16,20,24,25],"killed_by":"Collector","ascension_level":0}