{"gold_per_floor":[115,134,134,149,119,146,33,59,59,91,56,56,75,89,89,185,185,169,169],"floor_reached":19,"playtime":1014,"items_purged":["Strike_G"],"score":271,"play_id":"41ccacec-62a6-46bc-bbae-d9c595884256","local_time":"20190610224546","is_ascension_mode":true,"campfire_choices":[{"data":"Cloak And Dagger","floor":12,"key":"SMITH"},{"floor":15,"key":"REST"}],"neow_cost":"NONE","seed_source_timestamp":277083134409889,"circlet_count":0,"master_deck":["Defend_G","Defend_G","Defend_G","Defend_G","Defend_G","Strike_G","Strike_G","Strike_G","Survivor","Neutralize","All Out Attack","Cloak And Dagger+1","Footwork","Blade Dance","Accuracy","Accuracy","Storm of Steel","Infinite Blades","A Thousand Cuts"],"relics":["Ring of the Snake","NeowsBlessing","Lantern","Bottled Flame","Letter Opener","Oddly Smooth Stone","Eternal Feather"],"potions_floor_usage":[8,8,10,16],"damage_taken":[{"damage":0,"enemies":"Small Slimes","floor":1,"turns":1},{"damage":0,"enemies":"Cultist","floor":2,"turns":1},{"damage":0,"enemies":"2 Louse","floor":4,"turns":1},{"damage":0,"enemies":"Looter","floor":5,"turns":4},{"damage":36,"enemies":"Gremlin Nob","floor":6,"turns":5},{"damage":8,"enemies":"3 Sentries","floor":8,"turns":7},{"damage":18,"enemies":"Gremlin Nob","floor":10,"turns":4},{"damage":0,"enemies":"Large Slime","floor":13,"turns":5},{"damage":4,"enemies":"Blue Slaver","floor":14,"turns":4},{"damage":2,"enemies":"The Guardian","floor":16,"turns":12},{"damage":15,"enemies":"2 Thieves","floor":18,"turns":5},{"damage":54,"enemies":"Colosseum Slavers","floor":19,"turns":4}],"seed_played":"7260669273546217554","potions_obtained":[{"floor":1,"key":"Energy Potion"},{"floor":4,"key":"PowerPotion"},{"floor":8,"key":"FearPotion"},{"floor":14,"key":"Block Potion"}],"is_trial":false,"path_per_floor":["M","M","?","M","M","E","$","E","T","E","?","R","M","M","R","B",null,"M","?"],"character_chosen":"THE_SILENT","items_purchased":["Accuracy"],"campfire_rested":1,"item_purchase_floors":[7],"current_hp_per_floor":[63,63,63,63,63,27,27,19,19,1,18,18,18,14,35,33,61,46,0],"gold":169,"neow_bonus":"THREE_ENEMY_KILL","is_prod":false,"is_daily":false,"chose_seed":false,"campfire_upgraded":1,"win_rate":0,"timestamp":1560177946,"path_taken":["M","M","?","M","?","E","$","E","T","E","?","R","M","M","R","BOSS","M","?"],"build_version":"2019-01-23","purchased_purges":1,"victory":false,"max_hp_per_floor":[70,70,70,70,70,70,70,70,70,70,70,70,70,70,70,70,70,70,70],"card_choices":[{"not_picked":["PiercingWail","Skewer"],"picked":"All Out Attack","floor":1},{"not_picked":["Flechettes","Prepared"],"picked":"Cloak And Dagger","floor":2},{"not_picked":["Setup","Outmaneuver"],"picked":"Footwork","floor":4},{"not_picked":["Dagger Spray","Dagger Throw"],"picked":"Blade Dance","floor":5},{"not_picked":["Deadly Poison","Bane"],"picked":"Accuracy","floor":6},{"not_picked":["Sucker Punch","Poisoned Stab","Acrobatics"],"picked":"SKIP","floor":8},{"not_picked":["All Out Attack","Deadly Poison","Poisoned Stab"],"picked":"SKIP","floor":10},{"not_picked":["Underhanded Strike","Eviscerate"],"picked":"Storm of Steel","floor":13},{"not_picked":["Acrobatics","Dodge and Roll"],"picked":"Infinite Blades","floor":14},{"not_picked":["Grand Finale","Tools of the Trade"],"picked":"A Thousand Cuts","floor":16},{"not_picked":["Distraction","Heel Hook","Slice"],"picked":"SKIP","floor":18}],"player_experience":765862,"relics_obtained":[{"floor":6,"key":"Lantern"},{"floor":8,"key":"Bottled Flame"},{"floor":9,"key":"Letter Opener"},{"floor":10,"key":"Oddly Smooth Stone"}],"event_choices":[{"cards_removed":["Strike_G"],"damage_healed":0,"gold_gain":0,"player_choice":"Purged","damage_taken":0,"max_hp_gain":0,"max_hp_loss":0,"event_name":"Purifier","floor":3,"gold_loss":0},{"damage_healed":17,"gold_gain":0,"player_choice":"Healed","damage_taken":0,"max_hp_gain":0,"max_hp_loss":0,"event_name":"The Cleric","floor":11,"gold_loss":35},{"damage_healed":0,"gold_gain":0,"player_choice":"Fight","damage_taken":0,"max_hp_gain":0,"max_hp_loss":0,"event_name":"Colosseum","floor":19,"gold_loss":0}],"is_beta":false,"boss_relics":[{"not_picked":["Ring of the Serpent","Runic Dome"],"picked":"Eternal Feather"}],"items_purged_floors":[7],"is_endless":false,"potions_floor_spawned":[1,4,8,14],"killed_by":"Colosseum Slavers","ascension_level":9}