{"gold_per_floor":[109,59,59,59,22,22,49,49,98,98,23,38,63,78,78,176,176,194,223,223,241,341,375,389,406,406,417,417,283,294,39,39,135,135,146,196,216,91,102,132,132,161,161,173,173,83,83,93,93,93],"floor_reached":51,"playtime":6034,"items_purged":["Strike_G","Strike_G","Defend_G"],"score":1173,"play_id":"176362e5-598e-49e9-a186-59d7b9a0403b","local_time":"20190612210328","is_ascension_mode":true,"campfire_choices":[{"data":"Infinite Blades","floor":6.0,"key":"SMITH"},{"data":"Survivor","floor":8.0,"key":"SMITH"},{"data":"Escape Plan","floor":10.0,"key":"SMITH"},{"data":"Crippling Poison","floor":15.0,"key":"SMITH"},{"data":"1","floor":28.0,"key":"LIFT"},{"data":"2","floor":32,"key":"LIFT"},{"data":"Burst","floor":41,"key":"SMITH"},{"data":"3","floor":47,"key":"LIFT"},{"data":"Catalyst","floor":49,"key":"SMITH"}],"neow_cost":"NONE","seed_source_timestamp":0,"circlet_count":0,"master_deck":["AscendersBane","Defend_G+1","Defend_G","Strike_G","Survivor+1","Neutralize+1","Escape Plan+1","Infinite Blades+1","Dagger Throw+1","Cloak And Dagger","Crippling Poison+1","Bouncing Flask","Corpse Explosion","Backstab+1","Flying Knee+1","Cloak And Dagger","Dodge and Roll","Bane+1","Well Laid Plans","Catalyst","Dodge and Roll+1","Burst+1","Poisoned Stab+1","Catalyst+1","Backflip","Infinite Blades+1","Deadly Poison+1"],"special_seed":0,"relics":["Ring of the Snake","NeowsBlessing","Molten Egg 2","Art of War","Omamori","Coffee Dripper","Red Mask","Girya","Paper Crane","Bottled Tornado","WingedGreaves","Pantograph","WristBlade","StoneCalendar","Mango","Smiling Mask","Unceasing Top"],"potions_floor_usage":[35,36,39,40,48,50],"damage_taken":[{"damage":0.0,"enemies":"Cultist","floor":1.0,"turns":1.0},{"damage":0.0,"enemies":"Gremlin Nob","floor":7.0,"turns":1.0},{"damage":0.0,"enemies":"2 Louse","floor":12.0,"turns":1.0},{"damage":6.0,"enemies":"3 Sentries","floor":13.0,"turns":10.0},{"damage":2.0,"enemies":"Jaw Worm","floor":14.0,"turns":4.0},{"damage":20.0,"enemies":"Hexaghost","floor":16.0,"turns":9.0},{"damage":2.0,"enemies":"Spheric Guardian","floor":18.0,"turns":3.0},{"damage":7.0,"enemies":"Masked Bandits","floor":19.0,"turns":3.0},{"damage":0.0,"enemies":"3 Byrds","floor":21.0,"turns":2.0},{"damage":9.0,"enemies":"Colosseum Slavers","floor":22.0,"turns":2.0},{"damage":19.0,"enemies":"Colosseum Nobs","floor":22.0,"turns":3.0},{"damage":6.0,"enemies":"Slavers","floor":23.0,"turns":2.0},{"damage":0.0,"enemies":"Cultist and Chosen","floor":24.0,"turns":4.0},{"damage":1.0,"enemies":"Shelled Parasite and Fungi","floor":25.0,"turns":4.0},{"damage":0.0,"enemies":"Centurion and Healer","floor":27.0,"turns":4.0},{"damage":3.0,"enemies":"Sentry and Sphere","floor":30.0,"turns":5.0},{"damage":33,"enemies":"Collector","floor":33,"turns":9},{"damage":0,"enemies":"3 Shapes","floor":35,"turns":3},{"damage":6,"enemies":"2 Orb Walkers","floor":36,"turns":3},{"damage":7,"enemies":"Orb Walker","floor":37,"turns":3},{"damage":11,"enemies":"Maw","floor":39,"turns":6},{"damage":24,"enemies":"Nemesis","floor":40,"turns":7},{"damage":27,"enemies":"Giant Head","floor":42,"turns":6},{"damage":0,"enemies":"Transient","floor":44,"turns":5},{"damage":8,"enemies":"4 Shapes","floor":48,"turns":3},{"damage":54,"enemies":"Time Eater","floor":50,"turns":9}],"seed_played":"8768688336250784542","potions_obtained":[{"floor":1.0,"key":"FairyPotion"},{"floor":14.0,"key":"Strength Potion"},{"floor":16.0,"key":"SkillPotion"},{"floor":18.0,"key":"Energy Potion"},{"floor":22.0,"key":"Explosive Potion"},{"floor":23.0,"key":"LiquidBronze"},{"floor":25.0,"key":"Weak Potion"},{"floor":33,"key":"AttackPotion"},{"floor":35,"key":"Block Potion"},{"floor":36,"key":"Dexterity Potion"},{"floor":39,"key":"Swift Potion"},{"floor":44,"key":"GhostInAJar"},{"floor":48,"key":"Fire Potion"}],"is_trial":false,"path_per_floor":["M","?","?","?","$","R","E","R","T","R","$","M","E","M","R","B",null,"M","?","?","M","?","E","M","M","T","M","R","$","M","$","R","B",null,"M","?","M","$","M","E","R","E","T","M","?","?","R","M","R","B",null],"character_chosen":"THE_SILENT","items_purchased":["Infinite Blades","Catalyst","Pantograph"],"campfire_rested":0,"item_purchase_floors":[5,29,31],"current_hp_per_floor":[63,63,63,49,49,49,49,49,49,49,49,49,43,41,41,21,58,56,49,49,49,21,15,15,14,14,14,14,14,11,11,11,3,53,53,47,40,40,29,19,19,8,8,8,84,84,84,76,76,30],"gold":93,"neow_bonus":"THREE_ENEMY_KILL","is_prod":false,"is_daily":false,"chose_seed":false,"campfire_upgraded":6,"win_rate":0,"timestamp":1560344608,"path_taken":["M","?","?","?","?","R","E","R","T","R","$","?","E","M","R","BOSS","M","?","?","?","?","E","M","M","T","M","R","$","M","$","R","BOSS","M","?","M","$","M","E","R","E","T","M","?","?","R","M","R","BOSS"],"build_version":"2019-01-23","purchased_purges":3,"victory":true,"max_hp_per_floor":[70,70,70,70,70,70,70,70,70,70,70,70,70,70,70,70,70,70,70,70,70,70,70,70,70,70,70,70,70,70,70,70,70,70,70,70,70,70,70,84,84,84,84,84,84,84,84,84,84,84],"card_choices":[{"not_picked":["Quick Slash","Masterful Stab"],"picked":"Escape Plan","floor":1.0},{"not_picked":["Skewer","Prepared"],"picked":"Dagger Throw","floor":7.0},{"not_picked":["Blade Dance","Flechettes+1"],"picked":"Cloak And Dagger","floor":12.0},{"not_picked":["Finisher+1","Calculated Gamble"],"picked":"Crippling Poison","floor":13.0},{"not_picked":["Blade Dance","Deadly Poison"],"picked":"Bouncing Flask","floor":14.0},{"not_picked":["Wraith Form v2","Tools of the Trade"],"picked":"Corpse Explosion","floor":16.0},{"not_picked":["PiercingWail","Bouncing Flask"],"picked":"Backstab+1","floor":18.0},{"not_picked":["Caltrops","Deadly Poison"],"picked":"Flying Knee+1","floor":21.0},{"not_picked":["Night Terror","Predator+1"],"picked":"Cloak And Dagger","floor":22.0},{"not_picked":["Predator+1","Dagger Throw+1"],"picked":"Dodge and Roll","floor":23.0},{"not_picked":["Dagger Throw+1","Skewer+1","Outmaneuver"],"picked":"SKIP","floor":24.0},{"not_picked":["Flying Knee+1","Dagger Spray+1"],"picked":"Bane+1","floor":25.0},{"not_picked":["Slice+1","Deflect"],"picked":"Well Laid Plans","floor":27.0},{"not_picked":["Expertise","Predator+1"],"picked":"Dodge and Roll","floor":30.0},{"not_picked":["Unload+1","Corpse Explosion"],"picked":"Burst","floor":33},{"not_picked":["Blade Dance","Sucker Punch+1"],"picked":"Poisoned Stab+1","floor":35},{"not_picked":["Dagger Throw+1","Tactician"],"picked":"Catalyst","floor":36},{"not_picked":["Tools of the Trade","Escape Plan","Concentrate"],"picked":"SKIP","floor":37},{"not_picked":["Dagger Spray+1","Cloak And Dagger","Predator+1"],"picked":"SKIP","floor":39},{"not_picked":["Acrobatics+1","Choke+1"],"picked":"Backflip","floor":40},{"not_picked":["Burst","Cloak And Dagger"],"picked":"Infinite Blades+1","floor":42},{"not_picked":["Riddle With Holes+1","Cloak And Dagger","Catalyst"],"picked":"SKIP","floor":44},{"not_picked":["Backflip","Backstab+1"],"picked":"Deadly Poison+1","floor":48}],"player_experience":812111,"relics_obtained":[{"floor":7.0,"key":"Molten Egg 2"},{"floor":9.0,"key":"Art of War"},{"floor":13.0,"key":"Omamori"},{"floor":19.0,"key":"Red Mask"},{"floor":22.0,"key":"Girya"},{"floor":22.0,"key":"Paper Crane"},{"floor":23.0,"key":"Bottled Tornado"},{"floor":26.0,"key":"WingedGreaves"},{"floor":36,"key":"StoneCalendar"},{"floor":40,"key":"Mango"},{"floor":42,"key":"Smiling Mask"},{"floor":43,"key":"Unceasing Top"}],"event_choices":[{"cards_removed":["Strike_G"],"damage_healed":0.0,"max_hp_gain":0.0,"max_hp_loss":0.0,"gold_gain":0.0,"event_name":"The Cleric","player_choice":"Card Removal","floor":2.0,"gold_loss":50.0,"damage_taken":0.0},{"cards_removed":["Defend_G"],"damage_healed":0.0,"max_hp_gain":0.0,"max_hp_loss":0.0,"gold_gain":0.0,"event_name":"Living Wall","player_choice":"Forget","floor":3.0,"gold_loss":0.0,"damage_taken":0.0},{"damage_healed":0.0,"max_hp_gain":0.0,"max_hp_loss":0.0,"gold_gain":0.0,"event_name":"Shining Light","player_choice":"Entered Light","floor":4.0,"gold_loss":0.0,"damage_taken":14.0,"cards_upgraded":["Defend_G","Neutralize"]},{"damage_healed":0.0,"max_hp_gain":0.0,"max_hp_loss":0.0,"gold_gain":0.0,"event_name":"Masked Bandits","player_choice":"Fought Bandits","floor":19.0,"gold_loss":0.0,"damage_taken":0.0},{"cards_removed":["Strike_G"],"damage_healed":0.0,"max_hp_gain":0.0,"max_hp_loss":0.0,"gold_gain":0.0,"event_name":"Bonfire Elementals","player_choice":"Offered Basic","floor":20.0,"gold_loss":0.0,"damage_taken":0.0},{"damage_healed":0.0,"max_hp_gain":0.0,"max_hp_loss":0.0,"gold_gain":0.0,"event_name":"Colosseum","player_choice":"Fight","floor":22.0,"gold_loss":0.0,"damage_taken":0.0},{"damage_healed":0.0,"max_hp_gain":0.0,"max_hp_loss":0.0,"gold_gain":0.0,"event_name":"Colosseum","player_choice":"Fought Nobs","floor":22.0,"gold_loss":0.0,"damage_taken":0.0},{"damage_healed":0,"gold_gain":0,"player_choice":"Fight","damage_taken":0,"max_hp_gain":0,"max_hp_loss":0,"event_name":"Mysterious Sphere","floor":36,"gold_loss":0},{"damage_healed":76,"gold_gain":0,"player_choice":"Heal","damage_taken":0,"max_hp_gain":0,"max_hp_loss":0,"event_name":"MindBloom","floor":45,"gold_loss":0,"cards_obtained":["Doubt"]},{"cards_removed":["Defend_G"],"damage_healed":0,"gold_gain":0,"player_choice":"Upgrade and Remove","damage_taken":0,"max_hp_gain":0,"max_hp_loss":0,"event_name":"Designer","floor":46,"gold_loss":90,"cards_upgraded":["Dodge and Roll"]}],"is_beta":false,"boss_relics":[{"not_picked":["Eternal Feather","Calling Bell"],"picked":"Coffee Dripper"},{"not_picked":["Orrery","Runic Pyramid"],"picked":"WristBlade"}],"items_purged_floors":[11,29,38],"is_endless":false,"potions_floor_spawned":[1,14,16,18,22,23,25,33,35,36,39,44,48],"ascension_level":12}