{"path_per_floor":["M","M","?","T","?","$","E","R","T","M","E","R","M","?","R","B",null,"M","$","M","?","M","R","?","?","T","R","?","M","$","M","R"],"character_chosen":"DEFECT","items_purchased":["Leap","Auto Shields","Glacier"],"gold_per_floor":[113,125,125,125,125,3,30,30,105,125,158,158,170,170,170,244,244,255,173,192,192,202,202,202,202,202,202,202,219,42,57,57,57],"floor_reached":33,"campfire_rested":1,"playtime":2849,"current_hp_per_floor":[57,57,57,57,57,57,38,38,38,38,28,28,13,64,64,37,57,57,57,48,48,40,40,61,61,61,61,61,34,34,22,41,0],"items_purged":["Strike_B","Strike_B"],"gold":57,"score":430,"play_id":"7a32331e-a87f-4bce-9fda-14caa94faeea","local_time":"20180508234130","is_prod":false,"is_daily":false,"chose_seed":false,"is_ascension_mode":true,"campfire_upgraded":5,"timestamp":1525840890,"path_taken":["M","M","?","?","?","?","E","R","T","?","E","R","M","?","R","BOSS","M","$","M","?","M","R","?","?","T","R","?","M","$","M","R","BOSS"],"build_version":"2018-05-07","seed_source_timestamp":4627848912257,"purchased_purges":2,"victory":false,"master_deck":["Strike_B","Strike_B","Defend_B","Defend_B","Defend_B","Defend_B","Zap+1","Dualcast","AscendersBane","Cold Snap+1","Zap+1","Leap","Prime+1","Barrage+1","Hyperbeam","Ball Lightning+1","Seek","Auto Shields","Rip and Tear","Defragment","Glacier"],"max_hp_per_floor":[64,64,64,64,64,64,64,64,64,64,64,64,64,64,64,64,64,64,64,64,64,64,64,64,64,64,64,64,64,64,64,64,64],"relics":["Cracked Core","Turnip","Anchor","Peace Pipe","Bottled Flame","Orichalcum","Nuclear Battery","Mummified Hand"],"card_choices":[{"not_picked":["Rebound","Streamline"],"picked":"Cold Snap","floor":1},{"not_picked":["Ball Lightning","Turbo"],"picked":"Tempest","floor":2},{"not_picked":["Sweeping Beam","Beam Cell"],"picked":"Prime","floor":7},{"not_picked":["Hello World","Go for the Eyes"],"picked":"Barrage","floor":10},{"not_picked":["Consume","Amplify"],"picked":"Hyperbeam","floor":11},{"not_picked":["Cold Snap","Barrage"],"picked":"Ball Lightning","floor":13},{"not_picked":["Echo Form","Machine Learning"],"picked":"Seek","floor":16},{"not_picked":["Streamline","Go for the Eyes"],"picked":"Rip and Tear","floor":22},{"not_picked":["Turbo","Chill"],"picked":"Defragment","floor":29}],"player_experience":212912,"potions_floor_usage":[7,31,31,33],"damage_taken":[{"damage":7,"enemies":"Jaw Worm","floor":1,"turns":3},{"damage":0,"enemies":"Cultist","floor":2,"turns":4},{"damage":19,"enemies":"Lagavulin","floor":7,"turns":6},{"damage":0,"enemies":"2 Louse","floor":10,"turns":2},{"damage":10,"enemies":"3 Sentries","floor":11,"turns":6},{"damage":15,"enemies":"Exordium Thugs","floor":13,"turns":4},{"damage":27,"enemies":"The Guardian","floor":16,"turns":10},{"damage":0,"enemies":"Spheric Guardian","floor":18,"turns":3},{"damage":9,"enemies":"3 Byrds","floor":20,"turns":4},{"damage":8,"enemies":"Sentry and Sphere","floor":22,"turns":6},{"damage":27,"enemies":"Cultist and Chosen","floor":29,"turns":6},{"damage":18,"enemies":"3 Cultists","floor":31,"turns":6},{"damage":50,"enemies":"Collector","floor":33,"turns":7}],"event_choices":[{"event_name":"Match and Keep!","player_choice":"1 cards matched","floor":3,"damage_taken":0},{"event_name":"Accursed Blacksmith","player_choice":"Forge","floor":5,"damage_taken":0},{"event_name":"Bonfire Elementals","player_choice":"UNCOMMON","floor":14,"damage_taken":0},{"event_name":"Drug Dealer","player_choice":"Ignored","floor":21,"damage_taken":0},{"event_name":"The Library","player_choice":"Heal","floor":24,"damage_taken":0},{"event_name":"The Mausoleum","player_choice":"No","floor":25,"damage_taken":0},{"event_name":"Vampires","player_choice":"Ignored","floor":28,"damage_taken":0}],"boss_relics":[{"not_picked":["Calling Bell","Astrolabe"],"picked":"Nuclear Battery"}],"potions_floor_spawned":[2,16,22,29],"seed_played":"-5850056740946789528","killed_by":"Collector","ascension_level":14,"is_trial":false}