{"gold_per_floor":[116,92,17,32,52,52,87,87,87,146,146,46,77,9,9,104,104,116,126,126,126,146,175,194,194,221,238,249,249,249,249,249,350,350,361,376,376,393,195,195,210,227,251,251,0,11,21,32,32,32],"floor_reached":51,"playtime":8153,"items_purged":["Defend_R","Strike_R","Strike_R"],"score":899,"play_id":"3f0ae0f7-7d8d-41b0-8f3c-50af9756b3ab","local_time":"20180720082457","is_ascension_mode":false,"campfire_choices":[{"data":"Infernal Blade","floor":6,"key":"SMITH"},{"data":"Armaments","floor":11,"key":"SMITH"},{"data":"Shrug It Off","floor":15,"key":"SMITH"},{"floor":25,"key":"REST"},{"data":"Barricade","floor":29,"key":"SMITH"},{"floor":32,"key":"REST"},{"data":"Offering","floor":40,"key":"SMITH"},{"floor":49,"key":"REST"}],"neow_cost":"NONE","seed_source_timestamp":31173074873219,"circlet_count":0,"master_deck":["Strike_R","Strike_R","Strike_R","Defend_R","Defend_R","Bash","Shrug It Off+1","Iron Wave","Infernal Blade+1","Armaments+1","Berserk","Fire Breathing","Barricade+1","Metallicize","RitualDagger","Offering+1","Dropkick","Clash","Ghostly Armor+1","Juggernaut","Flame Barrier+1","Iron Wave+1","Metallicize","Dual Wield+1","Metallicize","Reaper","Shrug It Off+1"],"relics":["Burning Blood","Mercury Hourglass","Pantograph","Orichalcum","Potion Belt","Velvet Choker","Matryoshka","Regal Pillow","Red Skull","Boot","Lizard Tail","Ice Cream","Bag of Preparation","Ancient Tea Set","Red Mask"],"potions_floor_usage":[23,23,28,31,31,31,37,50,50,50,50],"damage_taken":[{"damage":6,"enemies":"Jaw Worm","floor":1,"turns":4},{"damage":4,"enemies":"Cultist","floor":4,"turns":4},{"damage":0,"enemies":"Small Slimes","floor":5,"turns":4},{"damage":13,"enemies":"Gremlin Nob","floor":7,"turns":5},{"damage":11,"enemies":"3 Sentries","floor":10,"turns":5},{"damage":28,"enemies":"Lagavulin","floor":13,"turns":5},{"damage":34,"enemies":"Hexaghost","floor":16,"turns":9},{"damage":4,"enemies":"Chosen","floor":18,"turns":5},{"damage":22,"enemies":"3 Byrds","floor":19,"turns":4},{"damage":20,"enemies":"Snake Plant","floor":22,"turns":6},{"damage":51,"enemies":"Slavers","floor":23,"turns":8},{"damage":24,"enemies":"Centurion and Healer","floor":24,"turns":7},{"damage":6,"enemies":"Snecko","floor":27,"turns":5},{"damage":16,"enemies":"Chosen and Byrds","floor":28,"turns":5},{"damage":20,"enemies":"Book of Stabbing","floor":31,"turns":6},{"damage":43,"enemies":"Collector","floor":33,"turns":11},{"damage":41,"enemies":"Orb Walker","floor":35,"turns":4},{"damage":48,"enemies":"Flame Bruiser 1 Orb","floor":36,"turns":6},{"damage":4,"floor":37,"turns":7},{"damage":23,"enemies":"4 Shapes","floor":38,"turns":7},{"damage":22,"enemies":"Maw","floor":41,"turns":10},{"damage":5,"enemies":"Spire Growth","floor":42,"turns":5},{"damage":36,"enemies":"Flame Bruiser 2 Orb","floor":46,"turns":8},{"damage":4,"enemies":"Maw","floor":47,"turns":8},{"damage":13,"enemies":"Spire Growth","floor":48,"turns":5},{"damage":80,"enemies":"Awakened One","floor":50,"turns":14}],"seed_played":"-5747524750663080203","potions_obtained":[{"floor":4,"key":"Dexterity Potion"},{"floor":5,"key":"AttackPotion"},{"floor":8,"key":"FairyPotion"},{"floor":8,"key":"GamblersBrew"},{"floor":13,"key":"BloodPotion"},{"floor":18,"key":"SpeedPotion"},{"floor":24,"key":"SmokeBomb"},{"floor":27,"key":"Fruit Juice"},{"floor":33,"key":"Fire Potion"},{"floor":35,"key":"SpeedPotion"},{"floor":41,"key":"SkillPotion"},{"floor":46,"key":"Dexterity Potion"},{"floor":47,"key":"Swift Potion"},{"floor":48,"key":"Explosive Potion"}],"is_trial":false,"path_per_floor":["M","?","$","M","M","R","E","?","T","?","R","$","E","$","R","B",null,"M","M","?","T","M","E","M","R","T","M","M","R","?","E","R","B",null,"M","M","?","M","$","R","M","M","T","?","?","M","M","M","R","B"],"character_chosen":"IRONCLAD","items_purchased":["Inflame","Metallicize"],"campfire_rested":3,"item_purchase_floors":[14,39],"current_hp_per_floor":[80,80,80,80,80,80,73,73,73,68,68,68,46,46,46,43,80,80,64,58,58,44,7,9,48,48,48,43,43,27,13,55,43,90,55,13,40,33,33,33,24,25,25,25,25,19,31,32,74,24],"gold":32,"neow_bonus":"REMOVE_CARD","is_prod":false,"is_daily":false,"chose_seed":false,"campfire_upgraded":5,"win_rate":0.0,"timestamp":1532046297,"path_taken":["M","?","$","M","M","R","E","?","T","?","R","?","E","$","R","BOSS","M","?","?","?","M","E","M","R","T","M","M","R","?","E","R","BOSS","M","M","?","?","$","R","M","M","T","?","?","?","M","M","R","BOSS"],"build_version":"2018-07-12","purchased_purges":3,"victory":true,"max_hp_per_floor":[80,80,80,80,80,80,80,80,80,80,80,80,80,80,80,80,80,80,80,80,80,80,80,80,80,80,80,85,85,90,90,90,90,90,90,90,90,90,90,90,90,90,90,90,90,90,90,90,90,90],"card_choices":[{"not_picked":["Pommel Strike","Entrench"],"picked":"Shrug It Off","floor":1},{"not_picked":["Bloodletting","Clothesline"],"picked":"Iron Wave","floor":4},{"not_picked":["Feel No Pain","Power Through"],"picked":"Infernal Blade","floor":5},{"not_picked":["Fiend Fire","Warcry"],"picked":"Armaments","floor":7},{"not_picked":["Clash","Hemokinesis"],"picked":"Berserk","floor":10},{"not_picked":["Twin Strike","Rage"],"picked":"Fire Breathing","floor":13},{"not_picked":["Impervious","Berserk"],"picked":"Barricade","floor":16},{"not_picked":["Blood for Blood","Warcry","Armaments+1"],"picked":"SKIP","floor":18},{"not_picked":["Warcry","Pommel Strike"],"picked":"Metallicize","floor":19},{"not_picked":["Cleave","Sword Boomerang","Twin Strike"],"picked":"SKIP","floor":22},{"not_picked":["Cleave","Sword Boomerang","Twin Strike"],"picked":"SKIP","floor":22},{"not_picked":["Armaments+1","Feel No Pain+1"],"picked":"Offering","floor":23},{"not_picked":["Power Through","Pommel Strike"],"picked":"Dropkick","floor":24},{"not_picked":["Anger","True Grit"],"picked":"Clash","floor":27},{"not_picked":["Clash","Perfected Strike+1"],"picked":"Ghostly Armor+1","floor":28},{"not_picked":["Fiend Fire","Bludgeon"],"picked":"Juggernaut","floor":33},{"not_picked":["Ghostly Armor+1","True Grit"],"picked":"Flame Barrier+1","floor":35},{"not_picked":["True Grit+1","Pommel Strike"],"picked":"Iron Wave+1","floor":36},{"not_picked":["Flex+1","Clothesline"],"picked":"Metallicize","floor":37},{"not_picked":["Thunderclap","Iron Wave"],"picked":"Dual Wield+1","floor":38},{"not_picked":["Cleave","Thunderclap+1","Sever Soul"],"picked":"SKIP","floor":41},{"not_picked":["Iron Wave","Clash"],"picked":"Reaper","floor":42},{"not_picked":["Flex","Heavy Blade+1","Twin Strike+1"],"picked":"SKIP","floor":46},{"not_picked":["Armaments+1","Warcry"],"picked":"Shrug It Off+1","floor":47},{"not_picked":["Armaments","Headbutt","Dual Wield"],"picked":"SKIP","floor":48}],"player_experience":146687,"relics_obtained":[{"floor":7,"key":"Mercury Hourglass"},{"floor":9,"key":"Pantograph"},{"floor":10,"key":"Orichalcum"},{"floor":13,"key":"Potion Belt"},{"floor":21,"key":"Matryoshka"},{"floor":23,"key":"Regal Pillow"},{"floor":26,"key":"Red Skull"},{"floor":26,"key":"Boot"},{"floor":37,"key":"Ice Cream"},{"floor":43,"key":"Bag of Preparation"},{"floor":43,"key":"Ancient Tea Set"}],"event_choices":[{"event_name":"World of Goop","player_choice":"Left","floor":2,"damage_taken":0},{"event_name":"The Lab","player_choice":"Got Potions","floor":8,"damage_taken":0},{"event_name":"Dead Adventurer","player_choice":"Searched \u00272\u0027 times","floor":10,"damage_taken":0},{"event_name":"Nest","player_choice":"Joined the Cult","floor":20,"damage_taken":0},{"event_name":"Forgotten Altar","player_choice":"Shed Blood","floor":30,"damage_taken":0},{"event_name":"MindBloom","player_choice":"Fight","floor":37,"damage_taken":0},{"event_name":"Falling","player_choice":"Removed Power","floor":44,"damage_taken":0},{"event_name":"Tomb of Lord Red Mask","player_choice":"Paid","floor":45,"damage_taken":0}],"boss_relics":[{"not_picked":["Calling Bell","Ectoplasm"],"picked":"Velvet Choker"},{"not_picked":["Tiny House","Cursed Key"],"picked":"Lizard Tail"}],"items_purged_floors":[3,12,39],"is_endless":false,"potions_floor_spawned":[4,5,10,13,18,24,27,33,35,41,46,47,48],"ascension_level":0}