{"gold_per_floor":[110,210,135,147,160,160,60,80,150,162,172,172,182,182,182,182],"floor_reached":16,"playtime":714,"items_purged":["Strike_G","Defend_G"],"score":94,"play_id":"c8a0eec8-e414-4473-8c94-a6f377594b56","local_time":"20180813070351","is_ascension_mode":false,"campfire_choices":[{"data":"Blade Dance","floor":6,"key":"SMITH"},{"data":"Outmaneuver","floor":12,"key":"SMITH"},{"data":"Cloak And Dagger","floor":15,"key":"SMITH"}],"neow_cost":"NONE","seed_source_timestamp":76158930912096,"circlet_count":0,"master_deck":["Defend_G","Defend_G","Defend_G","Defend_G","Strike_G","Strike_G","Strike_G","Survivor","Neutralize+1","Blade Dance+1","Expertise","Outmaneuver","Acrobatics","Outmaneuver+1","Cloak And Dagger+1"],"relics":["Ring of the Snake","Matryoshka"],"potions_floor_usage":[],"damage_taken":[{"damage":0,"enemies":"Jaw Worm","floor":1,"turns":5},{"damage":0,"enemies":"Cultist","floor":4,"turns":3},{"damage":0,"enemies":"Small Slimes","floor":5,"turns":3},{"damage":4,"enemies":"Looter","floor":8,"turns":3},{"damage":2,"enemies":"3 Louse","floor":10,"turns":4},{"damage":11,"enemies":"Red Slaver","floor":11,"turns":6},{"damage":9,"enemies":"Large Slime","floor":13,"turns":9},{"damage":51,"enemies":"Slime Boss","floor":16,"turns":9}],"seed_played":"-252053149623195660","potions_obtained":[{"floor":8,"key":"SkillPotion"},{"floor":10,"key":"Fire Potion"}],"is_trial":false,"path_per_floor":["M","?","$","M","M","R","$","M","T","M","M","R","M","?","R"],"character_chosen":"THE_SILENT","items_purchased":[],"campfire_rested":0,"item_purchase_floors":[],"current_hp_per_floor":[70,70,70,70,70,70,70,66,66,64,53,53,44,44,44,0],"gold":182,"neow_bonus":"UPGRADE_CARD","is_prod":false,"is_daily":false,"chose_seed":false,"campfire_upgraded":3,"win_rate":0,"timestamp":1534115031,"path_taken":["M","?","$","M","M","R","$","M","T","M","M","R","M","?","R","BOSS"],"build_version":"2018-08-09","purchased_purges":2,"victory":false,"max_hp_per_floor":[70,70,70,70,70,70,70,70,70,70,70,70,70,70,70,70],"card_choices":[{"not_picked":["Cloak And Dagger","Bane"],"picked":"Blade Dance","floor":1},{"not_picked":["PiercingWail","Riddle With Holes","Deflect"],"picked":"SKIP","floor":4},{"not_picked":["Deflect","PiercingWail"],"picked":"Expertise","floor":5},{"not_picked":["Expertise","Prepared"],"picked":"Outmaneuver","floor":8},{"not_picked":["Slice","Footwork"],"picked":"Acrobatics","floor":10},{"not_picked":["Acrobatics","PiercingWail"],"picked":"Outmaneuver","floor":11},{"not_picked":["Slice","Blur"],"picked":"Cloak And Dagger","floor":13}],"player_experience":390428,"relics_obtained":[{"floor":9,"key":"Matryoshka"}],"event_choices":[{"event_name":"Golden Shrine","player_choice":"Pray","floor":2,"damage_taken":0},{"event_name":"Living Wall","player_choice":"Forget","floor":14,"damage_taken":0}],"is_beta":false,"boss_relics":[],"items_purged_floors":[3,7],"is_endless":false,"potions_floor_spawned":[8,10],"killed_by":"Slime Boss","ascension_level":0}