{"gold_per_floor":[110,35,110,210,110,110,110,129,153,169,194,69,87,100,100,100],"floor_reached":16,"playtime":367,"items_purged":["Strike_R","Defend_R","Strike_R"],"score":90,"play_id":"7dea3834-4a6a-4a6c-89cf-47d3fe91c766","local_time":"20180816222301","is_ascension_mode":false,"campfire_choices":[{"data":"Bash","floor":6,"key":"SMITH"},{"data":"Defend_R","floor":15,"key":"SMITH"}],"neow_cost":"PERCENT_DAMAGE","seed_source_timestamp":52366071496029,"circlet_count":0,"master_deck":["Strike_R","Strike_R","Strike_R","Defend_R+1","Defend_R","Defend_R","Bash+1"],"relics":["Burning Blood","Ginger","Toxic Egg 2","Lantern","Art of War"],"potions_floor_usage":[16],"damage_taken":[{"damage":5,"enemies":"Cultist","floor":1,"turns":4},{"damage":4,"enemies":"Small Slimes","floor":8,"turns":4},{"damage":1,"enemies":"Jaw Worm","floor":10,"turns":3},{"damage":8,"enemies":"Exordium Wildlife","floor":13,"turns":6},{"damage":7,"enemies":"3 Louse","floor":14,"turns":5},{"damage":64,"enemies":"Slime Boss","floor":16,"turns":8}],"seed_played":"2822423492161618229","potions_obtained":[{"floor":1,"key":"LiquidBronze"},{"floor":14,"key":"SteroidPotion"}],"is_trial":false,"path_per_floor":["M","$","?","?","$","R","T","M","T","M","T","$","M","M","R"],"character_chosen":"IRONCLAD","items_purchased":[],"campfire_rested":0,"item_purchase_floors":[],"current_hp_per_floor":[57,57,46,46,46,46,46,48,48,53,53,53,51,50,50,0],"gold":100,"neow_bonus":"ONE_RARE_RELIC","is_prod":false,"is_daily":false,"chose_seed":false,"campfire_upgraded":2,"win_rate":0,"timestamp":1534429381,"path_taken":["M","?","?","?","$","R","?","?","T","M","?","?","M","M","R","BOSS"],"build_version":"2018-08-09","purchased_purges":3,"victory":false,"max_hp_per_floor":[80,80,80,80,80,80,80,80,80,80,80,80,80,80,80,80],"card_choices":[{"not_picked":["Feel No Pain","Flex","Spot Weakness"],"picked":"SKIP","floor":1},{"not_picked":["Havoc+1","Entrench+1","Body Slam"],"picked":"SKIP","floor":8},{"not_picked":["Thunderclap","Sever Soul","Armaments+1"],"picked":"SKIP","floor":10},{"not_picked":["Thunderclap","Sever Soul","Armaments+1"],"picked":"SKIP","floor":10},{"not_picked":["Shockwave+1","True Grit+1","Sword Boomerang"],"picked":"SKIP","floor":13},{"not_picked":["Flex+1","Entrench+1","Rupture"],"picked":"SKIP","floor":14}],"player_experience":486780,"relics_obtained":[{"floor":7,"key":"Toxic Egg 2"},{"floor":9,"key":"Lantern"},{"floor":11,"key":"Art of War"}],"event_choices":[{"event_name":"World of Goop","player_choice":"Gather Gold","floor":3,"damage_taken":0},{"event_name":"Golden Shrine","player_choice":"Pray","floor":4,"damage_taken":0}],"is_beta":false,"boss_relics":[],"items_purged_floors":[2,5,12],"is_endless":false,"potions_floor_spawned":[1,14],"killed_by":"Slime Boss","ascension_level":0}