{"gold_per_floor":[114,114,131,33,33,33,67,67,93,93,107,141,141,159,159,284,284,308,326,23,39,139,139,182,182,182,215,268,283,15,15,15,146,146,166,16,34,58,110,110,110,332,407,86,99,99,112,125,125,125],"floor_reached":50,"playtime":5771,"items_purged":["Dualcast","Defend_B","Strike_B","Double Energy+1","Madness"],"score":568,"play_id":"878b1abe-5751-4275-bdca-39eb0b5dd979","local_time":"20180718054341","is_ascension_mode":false,"campfire_choices":[{"data":"Zap","floor":6,"key":"SMITH"},{"data":"Buffer","floor":8,"key":"SMITH"},{"data":"Reinforced Body","floor":10,"key":"SMITH"},{"floor":13,"key":"REST"},{"data":"Double Energy","floor":15,"key":"SMITH"},{"data":"Defragment","floor":23,"key":"SMITH"},{"data":"Capacitor","floor":25,"key":"SMITH"},{"data":"Strike_B","floor":32,"key":"PURGE"},{"data":"Defend_B","floor":40,"key":"PURGE"},{"data":"Madness","floor":46,"key":"PURGE"},{"data":"Seek","floor":49,"key":"SMITH"}],"neow_cost":"","seed_source_timestamp":195308774127635,"circlet_count":0,"master_deck":["Strike_B","Strike_B","Defend_B","Zap+1","Reinforced Body+1","Buffer+1","Beam Cell+1","Go for the Eyes+1","Steam","Chill+1","Defragment+1","Electrodynamics","Hello World+1","Force Field+1","Ball Lightning","FTL","Capacitor+1","Seek+1","Ball Lightning+1","Ghostly","Ghostly","Ghostly","Ghostly","Ghostly","Buffer","Genetic Algorithm","Streamline","Chaos+1","Multi-Cast","Skim"],"relics":["Cracked Core","Golden Idol","Gremlin Horn","Whetstone","Dodecahedron","Velvet Choker","Lantern","Mercury Hourglass","Peace Pipe","Red Mask","Blood Vial","War Paint","Eternal Feather","Ancient Tea Set","Pantograph","Anchor"],"potions_floor_usage":[33,37],"damage_taken":[{"damage":0,"enemies":"Small Slimes","floor":1,"turns":4},{"damage":0,"enemies":"Cultist","floor":3,"turns":3},{"damage":14,"enemies":"3 Sentries","floor":7,"turns":7},{"damage":0,"enemies":"Jaw Worm","floor":11,"turns":3},{"damage":0,"enemies":"Lagavulin","floor":12,"turns":5},{"damage":0,"enemies":"Lots of Slimes","floor":14,"turns":5},{"damage":20,"enemies":"Hexaghost","floor":16,"turns":13},{"damage":2,"enemies":"2 Thieves","floor":18,"turns":5},{"damage":1,"enemies":"Chosen","floor":19,"turns":4},{"damage":16,"enemies":"Snake Plant","floor":21,"turns":5},{"damage":0,"enemies":"Gremlin Leader","floor":24,"turns":5},{"damage":24,"floor":27,"turns":4},{"damage":15,"enemies":"Centurion and Healer","floor":29,"turns":6},{"damage":11,"enemies":"Champ","floor":33,"turns":10},{"damage":8,"enemies":"Orb Walker","floor":35,"turns":4},{"damage":0,"enemies":"3 Shapes","floor":37,"turns":3},{"damage":0,"enemies":"Sphere and 2 Shapes","floor":38,"turns":5},{"damage":0,"enemies":"3 Darklings","floor":45,"turns":4},{"damage":0,"enemies":"Spire Growth","floor":47,"turns":5},{"damage":0,"enemies":"Transient","floor":48,"turns":5},{"damage":38,"enemies":"Awakened One","floor":50,"turns":5}],"seed_played":"-520826575812092922","potions_obtained":[{"floor":1,"key":"EssenceOfSteel"},{"floor":3,"key":"Fire Potion"},{"floor":14,"key":"Strength Potion"},{"floor":21,"key":"Fire Potion"},{"floor":24,"key":"EssenceOfSteel"},{"floor":29,"key":"Explosive Potion"},{"floor":33,"key":"Ancient Potion"},{"floor":35,"key":"Swift Potion"},{"floor":37,"key":"EssenceOfSteel"},{"floor":38,"key":"Regen Potion"}],"is_trial":false,"path_per_floor":["M","?","M","$","?","R","E","R","T","R","M","E","R","M","R","B",null,"M","M","$","M","?","R","E","R","T","?","T","M","$","?","R","B",null,"M","$","M","M","T","R","?","?","T","$","M","R","M","M","R"],"character_chosen":"DEFECT","items_purchased":["Go for the Eyes","Lantern","Ball Lightning","War Paint","Anchor"],"campfire_rested":1,"item_purchase_floors":[4,20,20,30,44],"current_hp_per_floor":[75,75,75,75,57,57,43,43,43,43,43,43,65,65,65,45,75,73,72,72,56,56,56,56,56,56,32,32,19,19,19,19,10,37,29,29,31,33,33,37,32,32,32,32,34,37,37,37,37,0],"gold":125,"neow_bonus":"","is_prod":false,"is_daily":false,"chose_seed":false,"campfire_upgraded":7,"win_rate":0.0,"timestamp":1531863821,"path_taken":["M","?","?","$","?","R","E","R","T","R","M","E","R","M","R","BOSS","M","?","$","M","?","R","E","R","T","?","?","?","$","?","R","BOSS","M","$","M","M","?","R","?","?","T","?","M","R","M","M","R","BOSS"],"build_version":"2018-07-12","purchased_purges":5,"victory":false,"max_hp_per_floor":[75,75,75,75,75,75,75,75,75,75,75,75,75,75,75,75,75,75,75,75,75,75,75,75,75,75,75,75,75,75,37,37,37,37,37,37,37,37,37,37,37,37,37,37,37,37,37,37,37,37],"card_choices":[{"not_picked":["White Noise","Hello World"],"picked":"Reinforced Body","floor":1},{"not_picked":["Glacier","Hologram"],"picked":"Beam Cell","floor":3},{"not_picked":["Thunder Strike","Reinforced Body"],"picked":"Steam","floor":7},{"not_picked":["Tempest","Scrape"],"picked":"Chill","floor":11},{"not_picked":["Hologram","Rip and Tear"],"picked":"Double Energy","floor":12},{"not_picked":["Lockon","Force Field"],"picked":"Defragment","floor":14},{"not_picked":["Machine Learning","Fission"],"picked":"Electrodynamics","floor":16},{"not_picked":["Coolheaded","Go for the Eyes"],"picked":"Hello World+1","floor":18},{"not_picked":["Hologram","Gash+1"],"picked":"Force Field","floor":19},{"not_picked":["Lockon","Redo"],"picked":"FTL","floor":21},{"not_picked":["Heatsinks","Gash"],"picked":"Capacitor","floor":24},{"not_picked":["Steam","Compile Driver+1"],"picked":"Seek","floor":27},{"not_picked":["Conserve Battery+1","Sweeping Beam"],"picked":"Ball Lightning+1","floor":29},{"not_picked":["Multi-Cast","Rainbow"],"picked":"Buffer","floor":33},{"not_picked":["Aggregate","Chill+1"],"picked":"Genetic Algorithm","floor":35},{"not_picked":["Beam Cell+1","Steam+1","Leap"],"picked":"SKIP","floor":37},{"not_picked":["Hologram+1","Sweeping Beam"],"picked":"Streamline","floor":38},{"not_picked":["Coolheaded","Sweeping Beam+1"],"picked":"Chaos+1","floor":45},{"not_picked":["Stack+1","Hologram"],"picked":"Multi-Cast","floor":47},{"not_picked":["Steam","Aggregate+1"],"picked":"Skim","floor":48}],"player_experience":36937,"relics_obtained":[{"floor":7,"key":"Gremlin Horn"},{"floor":9,"key":"Whetstone"},{"floor":12,"key":"Dodecahedron"},{"floor":24,"key":"Mercury Hourglass"},{"floor":26,"key":"Peace Pipe"},{"floor":27,"key":"Red Mask"},{"floor":28,"key":"Blood Vial"},{"floor":39,"key":"Ancient Tea Set"},{"floor":43,"key":"Pantograph"}],"event_choices":[{"event_name":"Transmorgrifier","player_choice":"Transform","floor":2,"damage_taken":0},{"event_name":"Golden Idol","player_choice":"Take Damage","floor":5,"damage_taken":0},{"event_name":"Golden Shrine","player_choice":"Pray","floor":22,"damage_taken":0},{"event_name":"Masked Bandits","player_choice":"Fought over 182 gold","floor":27,"damage_taken":0},{"event_name":"Ghosts","player_choice":"Became a Ghost","floor":31,"damage_taken":0},{"event_name":"Winding Halls","player_choice":"Embrace Madness","floor":41,"damage_taken":0},{"event_name":"Tomb of Lord Red Mask","player_choice":"Wore Mask","floor":42,"damage_taken":0}],"boss_relics":[{"not_picked":["Ectoplasm","Cursed Key"],"picked":"Velvet Choker"},{"not_picked":["Busted Crown","Philosopher\u0027s Stone"],"picked":"Eternal Feather"}],"items_purged_floors":[4,20,30,36,44],"is_endless":false,"potions_floor_spawned":[1,3,14,21,24,29,33,35,37,38],"killed_by":"Awakened One","ascension_level":0}