{"gold_per_floor":[111,10,80,80,91,91,105,105,128,148,162,162,172,183,183,288,288,302,318,15,32,48,48,60,60,107,135,135,149,149,149],"floor_reached":31,"playtime":1696,"items_purged":["Strike_G","Strike_G"],"score":301,"play_id":"883e05d2-5d45-4cfb-a922-2056457b8cd3","local_time":"20180727114233","is_ascension_mode":true,"campfire_choices":[{"data":"Terror","floor":6,"key":"SMITH"},{"data":"Poisoned Stab","floor":8,"key":"SMITH"},{"data":"Catalyst","floor":12,"key":"SMITH"},{"data":"Poisoned Stab","floor":15,"key":"SMITH"},{"floor":23,"key":"REST"},{"floor":25,"key":"REST"},{"data":"Survivor","floor":28,"key":"SMITH"}],"neow_cost":"NONE","seed_source_timestamp":481594999112702,"circlet_count":0,"master_deck":["Defend_G","Defend_G","Defend_G","Defend_G","Defend_G","Strike_G","Strike_G","Strike_G","Survivor+1","Neutralize","Terror+1","Flying Knee","Poisoned Stab+1","Flying Knee","Catalyst+1","Sucker Punch","Flying Knee","Poisoned Stab+1","Adrenaline","Footwork+1","PiercingWail","Deadly Poison","Bane","Flying Knee","Footwork+1"],"relics":["Ring of the Snake","Question Card","Bag of Preparation","Odd Mushroom","Busted Crown","Sling","Lantern","Potion Belt"],"potions_floor_usage":[14,14,16,22,30,31],"damage_taken":[{"damage":0,"enemies":"Cultist","floor":1,"turns":5},{"damage":0,"enemies":"Small Slimes","floor":5,"turns":3},{"damage":0,"enemies":"2 Louse","floor":7,"turns":2},{"damage":24,"floor":10,"turns":4},{"damage":0,"enemies":"Large Slime","floor":11,"turns":3},{"damage":0,"enemies":"2 Fungi Beasts","floor":13,"turns":2},{"damage":0,"enemies":"Exordium Thugs","floor":14,"turns":3},{"damage":13,"enemies":"Hexaghost","floor":16,"turns":7},{"damage":8,"enemies":"Chosen","floor":18,"turns":2},{"damage":22,"enemies":"Spheric Guardian","floor":19,"turns":4},{"damage":10,"enemies":"Cultist and Chosen","floor":21,"turns":6},{"damage":28,"enemies":"3 Cultists","floor":22,"turns":6},{"damage":19,"enemies":"Centurion and Healer","floor":24,"turns":5},{"damage":19,"enemies":"Gremlin Leader","floor":27,"turns":5},{"damage":18,"enemies":"Snake Plant","floor":29,"turns":3},{"damage":0,"enemies":"Chosen and Byrds","floor":30,"turns":4},{"damage":7,"enemies":"Centurion and Healer","floor":31,"turns":3}],"seed_played":"4485144963362972794","potions_obtained":[{"floor":1,"key":"EssenceOfSteel"},{"floor":10,"key":"Block Potion"},{"floor":11,"key":"PowerPotion"},{"floor":16,"key":"SpeedPotion"},{"floor":19,"key":"Explosive Potion"},{"floor":27,"key":"SmokeBomb"}],"is_trial":false,"path_per_floor":["M","$","T","?","M","R","M","R","T","?","M","R","M","M","R","B",null,"M","M","$","M","M","R","M","R","T","E","R","M","M"],"character_chosen":"THE_SILENT","items_purchased":["Flying Knee","Sling"],"campfire_rested":2,"item_purchase_floors":[2,20],"current_hp_per_floor":[77,77,77,82,82,82,82,82,82,58,58,58,58,58,58,45,82,74,52,52,42,14,38,19,43,43,24,24,6,6,0],"gold":149,"neow_bonus":"TEN_PERCENT_HP_BONUS","is_prod":false,"is_daily":false,"chose_seed":false,"campfire_upgraded":5,"win_rate":0,"timestamp":1532662953,"path_taken":["M","$","?","?","M","R","M","R","T","?","M","R","M","M","R","BOSS","M","M","$","?","M","R","M","R","T","E","R","M","M","M"],"build_version":"2018-07-26","purchased_purges":2,"victory":false,"max_hp_per_floor":[77,77,77,82,82,82,82,82,82,82,82,82,82,82,82,82,82,82,82,82,82,82,82,82,82,82,82,82,82,82,82],"card_choices":[{"not_picked":["Blade Dance","Acrobatics"],"picked":"Terror","floor":1},{"not_picked":["Bane","Sucker Punch","Cloak And Dagger"],"picked":"Poisoned Stab","floor":5},{"not_picked":["Dagger Throw","Dagger Spray","Riddle With Holes"],"picked":"Flying Knee","floor":7},{"not_picked":["Eviscerate","Leg Sweep","Choke"],"picked":"Catalyst","floor":10},{"not_picked":["Terror","Slice","Cloak And Dagger"],"picked":"Sucker Punch","floor":11},{"not_picked":["Predator","Wraith Form v2","Backstab"],"picked":"Flying Knee","floor":13},{"not_picked":["Dagger Throw","PiercingWail","Bane"],"picked":"Poisoned Stab","floor":14},{"not_picked":["Unload","Die Die Die","Malaise"],"picked":"Adrenaline","floor":16},{"not_picked":["Deflect"],"picked":"Footwork+1","floor":18},{"not_picked":["Riddle With Holes+1"],"picked":"PiercingWail","floor":19},{"not_picked":["Sucker Punch"],"picked":"Deadly Poison","floor":21},{"not_picked":["Dodge and Roll","Flying Knee"],"picked":"SKIP","floor":22},{"not_picked":["Caltrops"],"picked":"Bane","floor":24},{"not_picked":["Dagger Spray"],"picked":"Flying Knee","floor":27},{"not_picked":["Dagger Throw"],"picked":"Footwork+1","floor":29}],"player_experience":275333,"relics_obtained":[{"floor":3,"key":"Question Card"},{"floor":9,"key":"Bag of Preparation"},{"floor":10,"key":"Odd Mushroom"},{"floor":26,"key":"Lantern"},{"floor":27,"key":"Potion Belt"}],"event_choices":[{"event_name":"Big Fish","player_choice":"Donut","floor":4,"damage_taken":0},{"event_name":"Mushrooms","player_choice":"Fought Mushrooms","floor":10,"damage_taken":0}],"is_beta":false,"boss_relics":[{"not_picked":["Velvet Choker","Snecko Eye"],"picked":"Busted Crown"}],"items_purged_floors":[2,20],"is_endless":false,"potions_floor_spawned":[1,10,11,16,19,27,30],"killed_by":"Centurion and Healer","ascension_level":2}