{"gold_per_floor":[18,18,30,40,57,57,74,74,97,97,153,153,153,183,183,284,284,298,316,331,331],"floor_reached":21,"playtime":1105,"items_purged":[],"score":270,"play_id":"df14665c-57f9-47da-a3ab-939e9d69e1ab","local_time":"20180726172009","is_ascension_mode":true,"campfire_choices":[{"data":"White Noise","floor":6,"key":"SMITH"},{"data":"White Noise","floor":13,"key":"SMITH"},{"data":"Beam Cell","floor":15,"key":"SMITH"}],"neow_cost":"NO_GOLD","seed_source_timestamp":416044587148065,"circlet_count":0,"master_deck":["Strike_B","Strike_B","Defend_B","Defend_B","Defend_B","Defend_B","Zap","Dualcast","White Noise+1","Conserve Battery","Sunder+1","White Noise+1","Beam Cell+1","Amplify","Self Repair+1","Compile Driver+1"],"relics":["Cracked Core","Potion Belt","Tiny Chest","Blood Vial","Velvet Choker"],"potions_floor_usage":[18],"damage_taken":[{"damage":0,"enemies":"2 Louse","floor":1,"turns":3},{"damage":1,"enemies":"Cultist","floor":3,"turns":3},{"damage":0,"enemies":"Small Slimes","floor":4,"turns":3},{"damage":2,"enemies":"3 Louse","floor":5,"turns":4},{"damage":6,"enemies":"2 Fungi Beasts","floor":7,"turns":4},{"damage":19,"enemies":"Lagavulin","floor":11,"turns":9},{"damage":0,"enemies":"Gremlin Nob","floor":14,"turns":2},{"damage":20,"enemies":"The Guardian","floor":16,"turns":11},{"damage":21,"enemies":"3 Byrds","floor":18,"turns":3},{"damage":0,"enemies":"Chosen","floor":19,"turns":5},{"damage":38,"enemies":"Centurion and Healer","floor":20,"turns":5},{"damage":42,"enemies":"Snake Plant","floor":21,"turns":3}],"seed_played":"-7544237601628931801","potions_obtained":[{"floor":4,"key":"Weak Potion"},{"floor":14,"key":"FairyPotion"},{"floor":16,"key":"SteroidPotion"},{"floor":19,"key":"SteroidPotion"}],"is_trial":false,"path_per_floor":["M","?","M","M","M","R","M","$","T","?","E","?","R","E","R","B",null,"M","M","M"],"character_chosen":"DEFECT","items_purchased":[],"campfire_rested":0,"item_purchase_floors":[],"current_hp_per_floor":[75,75,74,74,72,72,66,66,66,66,47,47,47,47,47,29,64,52,54,28,0],"gold":331,"neow_bonus":"REMOVE_TWO","is_prod":false,"is_daily":false,"chose_seed":false,"campfire_upgraded":3,"win_rate":0,"timestamp":1532596809,"path_taken":["M","?","M","M","M","R","M","$","T","?","E","?","R","E","R","BOSS","M","M","M","M"],"build_version":"2018-07-19v2","purchased_purges":0,"victory":false,"max_hp_per_floor":[75,75,75,75,75,75,75,75,75,75,75,75,75,75,75,75,75,75,75,75,75],"card_choices":[{"not_picked":["Barrage","Rebound"],"picked":"White Noise","floor":1},{"not_picked":["Beam Cell","Leap"],"picked":"Conserve Battery","floor":3},{"not_picked":["Barrage","Hologram"],"picked":"Sunder","floor":4},{"not_picked":["Steam Power","Hello World"],"picked":"White Noise","floor":5},{"not_picked":["Redo","Hologram","Gash"],"picked":"SKIP","floor":7},{"not_picked":["Amplify","Defragment","Aggregate"],"picked":"SKIP","floor":11},{"not_picked":["Rebound","Cold Snap"],"picked":"Beam Cell","floor":14},{"not_picked":["Hyperbeam","Fission"],"picked":"Amplify","floor":16},{"not_picked":["Lockon","Hologram","Aggregate+1"],"picked":"SKIP","floor":18},{"not_picked":["Steam","Compile Driver+1"],"picked":"Self Repair+1","floor":19},{"not_picked":["Darkness","Glacier"],"picked":"Compile Driver+1","floor":20}],"player_experience":251172,"relics_obtained":[{"floor":9,"key":"Potion Belt"},{"floor":11,"key":"Tiny Chest"},{"floor":14,"key":"Blood Vial"}],"event_choices":[{"event_name":"Wheel of Change","player_choice":"Full Heal","floor":2,"damage_taken":0},{"event_name":"Golden Idol","player_choice":"Ignored","floor":10,"damage_taken":0},{"event_name":"Accursed Blacksmith","player_choice":"Forge","floor":12,"damage_taken":0}],"is_beta":false,"boss_relics":[{"not_picked":["Runic Pyramid","Inserter"],"picked":"Velvet Choker"}],"items_purged_floors":[],"is_endless":false,"potions_floor_spawned":[4,14,16,19],"killed_by":"Snake Plant","ascension_level":5}