{"gold_per_floor":[112,131,56,56,76,76,101,101,101,101,114,114,14,14,14,117,117,130,146,21,36,36,36,52,80,105,132,132,159,178,211,211,316,316,329,329,341,40,56,82,97,126,126,126,226,241,241,241,241,241],"floor_reached":51,"playtime":4251,"items_purged":["Strike_G","Strike_G","Defend_G","Strike_G"],"score":1208,"play_id":"3a4a677b-1811-4b1b-a435-4c2acaf666c7","local_time":"20190610085455","is_ascension_mode":true,"campfire_choices":[{"data":"Envenom","floor":6.0,"key":"SMITH"},{"data":"Envenom","floor":8.0,"key":"SMITH"},{"data":"Bane","floor":10,"key":"SMITH"},{"data":"Deadly Poison","floor":12,"key":"SMITH"},{"data":"Survivor","floor":15,"key":"SMITH"},{"data":"Catalyst","floor":23,"key":"SMITH"},{"floor":28,"key":"REST"},{"data":"Tools of the Trade","floor":32,"key":"SMITH"},{"floor":49,"key":"REST"}],"neow_cost":"NONE","seed_source_timestamp":202271488951178,"circlet_count":0,"master_deck":["Defend_G","Defend_G","Defend_G","Defend_G","Strike_G","Survivor+1","Neutralize","Envenom+1","Deadly Poison","Poisoned Stab","Bane+1","Envenom+1","Deadly Poison+1","After Image","Catalyst+1","Ghostly","Ghostly","Ghostly","Ghostly","Ghostly","Flying Knee+1","Leg Sweep","Well Laid Plans+1","Tools of the Trade+1","Adrenaline","Escape Plan+1","Good Instincts","Madness","Corpse Explosion","Slice","Footwork+1","Tactician+1","Prepared+1","Escape Plan","Catalyst"],"special_seed":0,"relics":["Ring of the Serpent","Matryoshka","Pear","Dream Catcher","Bronze Scales","Anchor","Blood Vial","Juzu Bracelet","Snake Skull","Bird Faced Urn","Strawberry","Fusion Hammer","Centennial Puzzle","Gremlin Horn","Art of War","Dead Branch"],"potions_floor_usage":[16,16,25,25,31,33],"damage_taken":[{"damage":10.0,"enemies":"2 Louse","floor":1.0,"turns":3.0},{"damage":0.0,"enemies":"Jaw Worm","floor":2.0,"turns":6.0},{"damage":0.0,"enemies":"Cultist","floor":5.0,"turns":3.0},{"damage":28.0,"enemies":"Lagavulin","floor":7.0,"turns":6.0},{"damage":0,"enemies":"2 Fungi Beasts","floor":11,"turns":3},{"damage":0,"enemies":"Slime Boss","floor":16,"turns":6},{"damage":7,"enemies":"Spheric Guardian","floor":18,"turns":5},{"damage":11,"enemies":"3 Byrds","floor":19,"turns":3},{"damage":26,"enemies":"Snake Plant","floor":21,"turns":4},{"damage":0,"enemies":"Shelled Parasite and Fungi","floor":24,"turns":5},{"damage":5,"enemies":"Slavers","floor":25,"turns":7},{"damage":21,"enemies":"Book of Stabbing","floor":27,"turns":6},{"damage":4,"enemies":"Slavers","floor":29,"turns":7},{"damage":1,"enemies":"Centurion and Healer","floor":30,"turns":6},{"damage":1,"enemies":"Book of Stabbing","floor":31,"turns":5},{"damage":42,"enemies":"Collector","floor":33,"turns":8},{"damage":0,"enemies":"3 Darklings","floor":35,"turns":4},{"damage":1,"enemies":"Orb Walker","floor":37,"turns":5},{"damage":8,"enemies":"4 Shapes","floor":39,"turns":4},{"damage":6,"enemies":"Giant Head","floor":40,"turns":7},{"damage":0,"enemies":"Maw","floor":41,"turns":6},{"damage":7,"enemies":"Nemesis","floor":42,"turns":7},{"damage":0,"enemies":"Mind Bloom Boss Battle","floor":45,"turns":5},{"damage":9,"enemies":"Sphere and 2 Shapes","floor":46,"turns":3},{"damage":0,"enemies":"Donu and Deca","floor":50,"turns":8}],"seed_played":"5541463490796798071","potions_obtained":[{"floor":5.0,"key":"Strength Potion"},{"floor":7.0,"key":"SpeedPotion"},{"floor":11,"key":"SteroidPotion"},{"floor":18,"key":"Ancient Potion"},{"floor":24,"key":"Explosive Potion"},{"floor":30,"key":"EssenceOfSteel"},{"floor":31,"key":"PowerPotion"},{"floor":33,"key":"Strength Potion"},{"floor":35,"key":"SteroidPotion"}],"is_trial":false,"path_per_floor":["M","M","$","?","M","R","E","R","T","R","M","R","$","?","R","B",null,"M","M","$","M","?","R","M","E","T","E","R","E","M","E","R","B",null,"M","?","M","$","M","E","M","E","T","?","?","M","?","?","R","B",null],"character_chosen":"THE_SILENT","items_purchased":["Corpse Explosion"],"campfire_rested":2,"item_purchase_floors":[38],"current_hp_per_floor":[53,53,53,58,58,58,30,30,40,40,40,40,40,22,22,22,69,62,51,51,25,25,25,25,20,20,1,13,11,22,40,40,7,39,49,39,49,49,45,43,49,42,42,42,49,46,46,46,49,49],"gold":241,"neow_bonus":"ONE_RANDOM_RARE_CARD","is_prod":false,"is_daily":false,"chose_seed":false,"campfire_upgraded":7,"win_rate":0,"timestamp":1560128095,"path_taken":["M","M","$","?","M","R","E","R","T","R","M","R","$","?","R","BOSS","M","M","$","M","?","R","M","E","T","E","R","E","M","E","R","BOSS","M","?","M","$","M","E","M","E","T","?","?","M","?","?","R","BOSS"],"build_version":"2019-01-23","purchased_purges":4,"victory":true,"max_hp_per_floor":[70,70,70,75,75,75,75,75,85,85,85,85,85,85,85,85,85,85,85,85,85,42,42,42,42,42,42,42,42,42,49,49,49,49,49,49,49,49,49,49,49,49,49,49,49,49,49,49,49,49],"card_choices":[{"not_picked":["Flying Knee","Calculated Gamble"],"picked":"Deadly Poison","floor":1.0},{"not_picked":["Blade Dance","Infinite Blades"],"picked":"Poisoned Stab","floor":2.0},{"not_picked":["Cloak And Dagger","Dodge and Roll"],"picked":"Bane","floor":5.0},{"not_picked":["Bane","Infinite Blades"],"picked":"Envenom","floor":7.0},{"not_picked":["Dagger Spray","Endless Agony"],"picked":"Deadly Poison","floor":11},{"not_picked":["Venomology","Burst"],"picked":"After Image","floor":16},{"not_picked":["Dagger Spray","PiercingWail","Underhanded Strike"],"picked":"SKIP","floor":18},{"not_picked":["Blade Dance+1","Quick Slash"],"picked":"Bane","floor":19},{"not_picked":["PiercingWail","Die Die Die"],"picked":"Catalyst","floor":21},{"not_picked":["Concentrate","Flying Knee","PiercingWail"],"picked":"SKIP","floor":24},{"not_picked":["Dash","Deflect"],"picked":"Flying Knee+1","floor":25},{"not_picked":["Sucker Punch","Setup"],"picked":"Leg Sweep","floor":27},{"not_picked":["Flechettes+1","Deadly Poison"],"picked":"Well Laid Plans+1","floor":28},{"not_picked":["Cloak And Dagger","Underhanded Strike"],"picked":"Tools of the Trade","floor":29},{"not_picked":["Dagger Spray","Masterful Stab+1","Terror"],"picked":"SKIP","floor":30},{"not_picked":["Dagger Throw","Terror","Endless Agony"],"picked":"SKIP","floor":31},{"not_picked":["Burst","Unload"],"picked":"Adrenaline","floor":33},{"not_picked":["Well Laid Plans","Flying Knee+1"],"picked":"Escape Plan+1","floor":35},{"not_picked":["Violence","Thinking Ahead"],"picked":"Good Instincts","floor":36},{"not_picked":["Impatience","Deep Breath"],"picked":"Madness","floor":36},{"not_picked":["Dagger Spray","Acrobatics+1","Dagger Throw+1"],"picked":"SKIP","floor":37},{"not_picked":["Leg Sweep","Dash"],"picked":"Slice","floor":39},{"not_picked":["Caltrops","Cloak And Dagger+1"],"picked":"Footwork+1","floor":40},{"not_picked":["Slice","Storm of Steel"],"picked":"Tactician+1","floor":41},{"not_picked":["PiercingWail","Bouncing Flask+1","Slice"],"picked":"SKIP","floor":42},{"not_picked":["Dodge and Roll+1","Terror"],"picked":"Prepared+1","floor":45},{"not_picked":["Quick Slash","Skewer"],"picked":"Escape Plan","floor":46},{"not_picked":["Acrobatics","Tactician+1"],"picked":"Catalyst","floor":49}],"player_experience":723987,"relics_obtained":[{"floor":7.0,"key":"Matryoshka"},{"floor":9.0,"key":"Pear"},{"floor":9.0,"key":"Dream Catcher"},{"floor":25,"key":"Anchor"},{"floor":26,"key":"Blood Vial"},{"floor":26,"key":"Juzu Bracelet"},{"floor":27,"key":"Snake Skull"},{"floor":29,"key":"Bird Faced Urn"},{"floor":31,"key":"Strawberry"},{"floor":40,"key":"Centennial Puzzle"},{"floor":42,"key":"Gremlin Horn"},{"floor":43,"key":"Art of War"},{"floor":45,"key":"Dead Branch"}],"event_choices":[{"damage_healed":0.0,"max_hp_gain":5.0,"max_hp_loss":0.0,"gold_gain":0.0,"event_name":"Big Fish","player_choice":"Donut","floor":4.0,"gold_loss":0.0,"damage_taken":0.0},{"damage_healed":0,"gold_gain":0,"player_choice":"Success","damage_taken":18,"relics_obtained":["Bronze Scales"],"max_hp_gain":0,"max_hp_loss":0,"event_name":"Scrap Ooze","floor":14,"gold_loss":0},{"damage_healed":0,"gold_gain":0,"player_choice":"Became a Ghost","damage_taken":0,"max_hp_gain":0,"max_hp_loss":43,"event_name":"Ghosts","floor":22,"gold_loss":0,"cards_obtained":["Ghostly","Ghostly","Ghostly","Ghostly","Ghostly"]},{"damage_healed":0,"gold_gain":0,"player_choice":"Memory 3","damage_taken":10,"max_hp_gain":0,"max_hp_loss":0,"event_name":"SensoryStone","floor":36,"gold_loss":0},{"cards_removed":["Strike_G"],"damage_healed":0,"gold_gain":0,"player_choice":"Purged","damage_taken":0,"max_hp_gain":0,"max_hp_loss":0,"event_name":"Purifier","floor":44,"gold_loss":0},{"damage_healed":0,"gold_gain":0,"player_choice":"Fight","damage_taken":0,"max_hp_gain":0,"max_hp_loss":0,"event_name":"MindBloom","floor":45,"gold_loss":0},{"cards_removed":["Bane"],"damage_healed":0,"gold_gain":0,"player_choice":"Removed Attack","damage_taken":0,"max_hp_gain":0,"max_hp_loss":0,"event_name":"Falling","floor":47,"gold_loss":0},{"damage_healed":0,"gold_gain":0,"player_choice":"Leave","damage_taken":0,"max_hp_gain":0,"max_hp_loss":0,"event_name":"FaceTrader","floor":48,"gold_loss":0}],"is_beta":false,"boss_relics":[{"not_picked":["Busted Crown","White Beast Statue"],"picked":"Ring of the Serpent"},{"not_picked":["Lizard Tail","Runic Dome"],"picked":"Fusion Hammer"}],"items_purged_floors":[3,13,20,38],"is_endless":false,"potions_floor_spawned":[5,7,11,18,24,30,31,33,35,40,42],"ascension_level":7}