{"gold_per_floor":[117,117,42,56,69,69,89,89,89,101,117,132,143,171,171,271,271,241,241,141,160,85,85,85],"floor_reached":24,"playtime":1385,"items_purged":["Defend_B","Strike_B"],"score":200,"play_id":"cc331437-76a0-4cf6-be8d-49a43775d282","local_time":"20190614005056","is_ascension_mode":false,"campfire_choices":[{"floor":6,"key":"RECALL"},{"data":"Hologram","floor":8,"key":"SMITH"},{"floor":15,"key":"REST"},{"floor":23,"key":"REST"}],"neow_cost":"NONE","seed_source_timestamp":30537994541800,"circlet_count":0,"master_deck":["Strike_B","Defend_B","Defend_B","Defend_B","Zap","Dualcast","Melter","Go for the Eyes","Hologram+1","Conserve Battery","Consume","Coolheaded","Scrape","Hologram","Echo Form","Rebound"],"relics":["Cracked Core"],"potions_floor_usage":[14,14,14],"damage_taken":[{"damage":1,"enemies":"2 Louse","floor":1,"turns":2},{"damage":6,"enemies":"Jaw Worm","floor":4,"turns":3},{"damage":1,"enemies":"Cultist","floor":5,"turns":3},{"damage":4,"enemies":"Blue Slaver","floor":7,"turns":3},{"damage":5,"enemies":"Large Slime","floor":10,"turns":5},{"damage":5,"enemies":"Exordium Wildlife","floor":11,"turns":3},{"damage":4,"enemies":"Lots of Slimes","floor":12,"turns":5},{"damage":2,"enemies":"Red Slaver","floor":13,"turns":3},{"damage":19,"enemies":"Gremlin Nob","floor":14,"turns":4},{"damage":60,"enemies":"Slime Boss","floor":16,"turns":13},{"damage":37,"enemies":"2 Thieves","floor":18,"turns":5},{"damage":7,"enemies":"Shell Parasite","floor":21,"turns":4},{"damage":67,"enemies":"Gremlin Leader","floor":24,"turns":8}],"seed_played":"-3565655088748677848","potions_obtained":[{"floor":7,"key":"Dexterity Potion"},{"floor":11,"key":"Regen Potion"},{"floor":12,"key":"EssenceOfSteel"},{"floor":21,"key":"Strength Potion"}],"is_trial":false,"path_per_floor":["M","?","$","M","M","R","M","R","T","M","M","M","M","E","R","B",null,"M","?","$","M","?","R","E"],"character_chosen":"DEFECT","items_purchased":[],"campfire_rested":2,"item_purchase_floors":[],"current_hp_per_floor":[74,79,79,73,72,72,68,68,68,63,58,54,52,45,69,9,80,43,43,43,36,36,60,0],"gold":85,"neow_bonus":"REMOVE_CARD","is_prod":false,"is_daily":false,"chose_seed":false,"campfire_upgraded":1,"win_rate":0,"timestamp":1560484256,"path_taken":["M","?","$","M","M","R","M","R","T","M","M","M","M","E","R","BOSS","M","?","$","?","?","R","E"],"build_version":"2019-01-23","purchased_purges":2,"victory":false,"max_hp_per_floor":[75,80,80,80,80,80,80,80,80,80,80,80,80,80,80,80,80,80,80,80,80,80,80,80],"card_choices":[{"not_picked":["Leap","Steam"],"picked":"Melter","floor":1},{"not_picked":["Reinforced Body","Chaos"],"picked":"Go for the Eyes","floor":4},{"not_picked":["Ball Lightning","Steam"],"picked":"Hologram","floor":5},{"not_picked":["Sunder","Coolheaded"],"picked":"Conserve Battery","floor":7},{"not_picked":["Loop","Darkness"],"picked":"Consume","floor":10},{"not_picked":["Steam","Turbo"],"picked":"Coolheaded","floor":11},{"not_picked":["Barrage","Seek"],"picked":"Scrape","floor":12},{"not_picked":["Reinforced Body","Undo"],"picked":"Hologram","floor":13},{"not_picked":["Barrage","Stack","Hologram"],"picked":"SKIP","floor":14},{"not_picked":["Fission","Rainbow"],"picked":"Echo Form","floor":16},{"not_picked":["Compile Driver","Stack","Hello World"],"picked":"SKIP","floor":18},{"not_picked":["Capacitor+1","Hologram"],"picked":"Rebound","floor":21}],"player_experience":247099,"relics_obtained":[],"event_choices":[{"damage_healed":0,"gold_gain":0,"player_choice":"Donut","damage_taken":0,"max_hp_gain":5,"max_hp_loss":0,"event_name":"Big Fish","floor":2,"gold_loss":0},{"damage_healed":0,"gold_gain":0,"player_choice":"Bought 0 Potions","damage_taken":0,"max_hp_gain":0,"max_hp_loss":0,"event_name":"The Woman in Blue","floor":19,"gold_loss":0},{"cards_removed":["Strike_B"],"damage_healed":0,"gold_gain":0,"player_choice":"Gave Gold","damage_taken":0,"max_hp_gain":0,"max_hp_loss":0,"event_name":"Beggar","floor":22,"gold_loss":75}],"is_beta":false,"boss_relics":[{"not_picked":["Inserter","White Beast Statue","Eternal Feather"]}],"items_purged_floors":[3,20],"is_endless":false,"potions_floor_spawned":[7,11,12,13,21],"killed_by":"Gremlin Leader","ascension_level":0}