{"gold_per_floor":[14,24,24,0,13,39,39,66,66,66,31,31,51,68,68,170,170,181,252,452,468,3,29,29,29,53,65,77,103,130,157,169,286,298,330,111,111,124,142,142,159,159,159,159,159,174,188,214,214,214,214,214,51,82,82],"floor_reached":55,"playtime":3767,"items_purged":["Strike_R","Defend_R","Strike_R"],"score":804,"play_id":"9f4faa09-a647-40a4-906e-587b93af3f4b","local_time":"20190614193351","is_ascension_mode":true,"campfire_choices":[{"data":"Whirlwind","floor":7.0,"key":"SMITH"},{"data":"Blood for Blood","floor":10.0,"key":"SMITH"},{"data":"Flame Barrier","floor":12.0,"key":"SMITH"},{"data":"Whirlwind","floor":15.0,"key":"SMITH"},{"data":"Metallicize","floor":25.0,"key":"SMITH"},{"data":"Blood for Blood","floor":28.0,"key":"SMITH"},{"data":"Inflame","floor":32.0,"key":"SMITH"},{"data":"Demon Form","floor":40.0,"key":"SMITH"},{"data":"True Grit","floor":42.0,"key":"SMITH"},{"data":"Panache","floor":44.0,"key":"SMITH"},{"floor":49,"key":"RECALL"},{"data":"Body Slam","floor":52,"key":"SMITH"}],"neow_cost":"NO_GOLD","seed_source_timestamp":347864571576000,"circlet_count":0,"master_deck":["Defend_R","Defend_R","Defend_R","Bash","Blood for Blood+1","Blood for Blood+1","Whirlwind+1","Flame Barrier+1","Whirlwind+1","Inflame+1","Juggernaut","Headbutt","Shrug It Off+1","Metallicize+1","Entrench","Pain","Iron Wave","Flex+1","Demon Form+1","Body Slam+1","Feel No Pain","Panache+1","Good Instincts","True Grit+1","Anger","Fire Breathing+1","Corruption"],"special_seed":0,"relics":["Burning Blood","Shuriken","Centennial Puzzle","Ornamental Fan","Sozu","Paper Frog","ClockworkSouvenir","Vajra","Oddly Smooth Stone","WarpedTongs","MawBank","Busted Crown","Boot","Unceasing Top","Pen Nib"],"potions_floor_usage":[],"damage_taken":[{"damage":15.0,"enemies":"Small Slimes","floor":1.0,"turns":4.0},{"damage":10.0,"enemies":"2 Louse","floor":2.0,"turns":3.0},{"damage":2.0,"enemies":"Jaw Worm","floor":5.0,"turns":3.0},{"damage":40.0,"enemies":"3 Sentries","floor":6.0,"turns":5.0},{"damage":26.0,"enemies":"Lagavulin","floor":8.0,"turns":8.0},{"damage":0.0,"enemies":"Red Slaver","floor":13.0,"turns":6.0},{"damage":6.0,"enemies":"2 Fungi Beasts","floor":14.0,"turns":3.0},{"damage":25.0,"enemies":"The Guardian","floor":16.0,"turns":10.0},{"damage":0.0,"enemies":"3 Byrds","floor":18.0,"turns":3.0},{"damage":14.0,"enemies":"Shell Parasite","floor":21.0,"turns":4.0},{"damage":44.0,"enemies":"Slavers","floor":23.0,"turns":8.0},{"damage":5.0,"enemies":"Cultist and Chosen","floor":29.0,"turns":4.0},{"damage":2.0,"enemies":"Sentry and Sphere","floor":30.0,"turns":4.0},{"damage":21.0,"enemies":"Centurion and Healer","floor":31.0,"turns":4.0},{"damage":10.0,"enemies":"Champ","floor":33.0,"turns":7.0},{"damage":4.0,"enemies":"Orb Walker","floor":35.0,"turns":2.0},{"damage":2.0,"enemies":"3 Darklings","floor":38.0,"turns":3.0},{"damage":24.0,"enemies":"Jaw Worm Horde","floor":39.0,"turns":3.0},{"damage":5.0,"enemies":"Writhing Mass","floor":41.0,"turns":5.0},{"damage":6,"enemies":"Transient","floor":46,"turns":5},{"damage":2,"enemies":"Sphere and 2 Shapes","floor":47,"turns":3},{"damage":20,"enemies":"Giant Head","floor":48,"turns":7},{"damage":25,"enemies":"Donu and Deca","floor":50,"turns":6},{"damage":57,"enemies":"Shield and Spear","floor":54,"turns":4},{"damage":29,"enemies":"The Heart","floor":55,"turns":3}],"seed_played":"2779792893237797647","potions_obtained":[{"floor":1.0,"key":"Energy Potion"},{"floor":6.0,"key":"EssenceOfSteel"},{"floor":13.0,"key":"SpeedPotion"},{"floor":16.0,"key":"Strength Potion"}],"is_trial":false,"path_per_floor":["M","M","?","?","M","E","R","E","T","R","?","R","M","M","R","B",null,"M","T","?","M","$","E","?","R","T","$","R","M","M","M","R","B",null,"M","$","?","M","M","R","M","R","T","R","T","M","M","E","R","B",null,"R","$","E","B"],"character_chosen":"IRONCLAD","items_purchased":["Metallicize","ClockworkSouvenir","Vajra","Body Slam","Feel No Pain","Corruption"],"campfire_rested":0,"item_purchase_floors":[22,22,22,36,36,53],"current_hp_per_floor":[71,67,67,67,71,37,37,17,17,17,37,37,43,43,43,24,80,80,80,80,72,72,34,34,34,34,34,34,35,39,24,24,20,80,80,80,70,74,56,56,57,57,57,57,57,57,61,47,47,28,80,80,80,29,0],"gold":82,"neow_bonus":"REMOVE_TWO","is_prod":false,"is_daily":false,"chose_seed":false,"campfire_upgraded":11,"win_rate":0,"timestamp":1560533631,"path_taken":["M","M","?","?","M","E","R","E","T","R","?","R","?","M","R","BOSS","M","?","?","?","$","E","?","R","T","$","R","M","?","M","R","BOSS","M","$","?","M","M","R","M","R","T","R","?","M","?","E","R","BOSS","R","$","E","BOSS"],"build_version":"2019-01-23","purchased_purges":3,"victory":false,"max_hp_per_floor":[80,80,80,80,80,80,80,80,80,80,80,80,80,80,80,80,80,80,80,80,80,80,80,80,80,80,80,80,80,80,80,80,80,80,80,80,80,80,80,80,80,80,80,80,80,80,80,80,80,80,80,80,80,80,80],"card_choices":[{"not_picked":["Anger","Wild Strike"],"picked":"Blood for Blood","floor":1.0},{"not_picked":["Disarm","Anger"],"picked":"Blood for Blood","floor":2.0},{"not_picked":["True Grit","Warcry"],"picked":"Whirlwind","floor":5.0},{"not_picked":["Evolve","Twin Strike"],"picked":"Flame Barrier","floor":6.0},{"not_picked":["Disarm","Sword Boomerang"],"picked":"Whirlwind","floor":8.0},{"not_picked":["Evolve","Warcry"],"picked":"Inflame","floor":13.0},{"not_picked":["Clash","Cleave","Wild Strike"],"picked":"SKIP","floor":14.0},{"not_picked":["Double Tap","Barricade"],"picked":"Juggernaut","floor":16.0},{"not_picked":["Dropkick","Whirlwind+1"],"picked":"Headbutt","floor":18.0},{"not_picked":["Iron Wave","Heavy Blade+1"],"picked":"Shrug It Off+1","floor":21.0},{"not_picked":["Warcry","Searing Blow"],"picked":"Entrench","floor":23.0},{"not_picked":["Second Wind+1","Flex+1"],"picked":"Iron Wave","floor":29.0},{"not_picked":["Clash","Flex","Pommel Strike"],"picked":"SKIP","floor":30.0},{"not_picked":["Sword Boomerang","Perfected Strike"],"picked":"Flex+1","floor":31.0},{"not_picked":["Brutality","Berserk"],"picked":"Demon Form","floor":33.0},{"not_picked":["Power Through"],"picked":"SKIP","floor":35.0},{"not_picked":[],"picked":"Panache","floor":37.0},{"not_picked":[],"picked":"Good Instincts","floor":37.0},{"not_picked":["Heavy Blade"],"picked":"SKIP","floor":38.0},{"not_picked":[],"picked":"True Grit","floor":39.0},{"not_picked":[],"picked":"Anger","floor":41.0},{"not_picked":[],"picked":"Fire Breathing+1","floor":46},{"not_picked":["Cleave+1"],"picked":"SKIP","floor":47},{"not_picked":["Clash+1"],"picked":"SKIP","floor":48},{"not_picked":["Havoc"],"picked":"SKIP","floor":54}],"player_experience":225935,"relics_obtained":[{"floor":6.0,"key":"Shuriken"},{"floor":8.0,"key":"Centennial Puzzle"},{"floor":9.0,"key":"Ornamental Fan"},{"floor":19.0,"key":"Paper Frog"},{"floor":23.0,"key":"Oddly Smooth Stone"},{"floor":26.0,"key":"MawBank"},{"floor":45.0,"key":"Boot"},{"floor":48,"key":"Unceasing Top"},{"floor":54,"key":"Pen Nib"}],"event_choices":[{"cards_removed":["Strike_R"],"damage_healed":0.0,"max_hp_gain":0.0,"max_hp_loss":0.0,"gold_gain":0.0,"event_name":"Living Wall","player_choice":"Forget","floor":3.0,"gold_loss":0.0,"damage_taken":0.0},{"damage_healed":0.0,"max_hp_gain":0.0,"max_hp_loss":0.0,"gold_gain":0.0,"event_name":"World of Goop","player_choice":"Left Gold","floor":4.0,"gold_loss":24.0,"damage_taken":0.0},{"damage_healed":20.0,"max_hp_gain":0.0,"max_hp_loss":0.0,"gold_gain":0.0,"event_name":"The Cleric","player_choice":"Healed","floor":11.0,"gold_loss":35.0,"damage_taken":0.0},{"damage_healed":0.0,"max_hp_gain":0.0,"max_hp_loss":0.0,"gold_gain":200.0,"event_name":"Wheel of Change","player_choice":"Gold","floor":20.0,"gold_loss":0.0,"damage_taken":0.0},{"damage_healed":0.0,"max_hp_gain":0.0,"max_hp_loss":0.0,"gold_gain":0.0,"event_name":"Accursed Blacksmith","player_choice":"Rummage","floor":24.0,"gold_loss":0.0,"damage_taken":0.0,"relics_obtained":["WarpedTongs"],"cards_obtained":["Pain"]},{"damage_healed":0.0,"max_hp_gain":0.0,"max_hp_loss":0.0,"gold_gain":0.0,"event_name":"SensoryStone","player_choice":"Memory 3","floor":37.0,"gold_loss":0.0,"damage_taken":10.0}],"is_beta":false,"boss_relics":[{"not_picked":["Runic Pyramid","Coffee Dripper"],"picked":"Sozu"},{"not_picked":["Fusion Hammer","Runic Dome"],"picked":"Busted Crown"}],"items_purged_floors":[22,36,53],"is_endless":false,"potions_floor_spawned":[1,6,13,16,23,29,30,33,35,38,41],"killed_by":"The Heart","ascension_level":3}