{"gold_per_floor":[14,14,14,14,29,58,76,76,155,155,155,40,40,54,54,150,150,164,190,54,54,54,72,82,82,131,149,72,72,85,120,120,222,222,242,255,130,142,162,162,190,190,190,205,205,205,232,252,252,252],"floor_reached":50,"playtime":6916,"items_purged":["Defend_R","Strike_R","Defend_R"],"score":570,"play_id":"fd15afc7-a24d-48bf-813b-a9ef3ba3b29c","local_time":"20180719200211","is_ascension_mode":false,"campfire_choices":[{"data":"Metallicize","floor":8,"key":"SMITH"},{"data":"Bash","floor":11,"key":"SMITH"},{"data":"Barricade","floor":13,"key":"SMITH"},{"floor":15,"key":"REST"},{"data":"Feed","floor":29,"key":"SMITH"},{"data":"Metallicize","floor":32,"key":"SMITH"},{"data":"Double Tap","floor":40,"key":"SMITH"},{"data":"Rage","floor":42,"key":"SMITH"},{"data":"Rampage","floor":45,"key":"SMITH"},{"floor":49,"key":"REST"}],"neow_cost":"NO_GOLD","seed_source_timestamp":54473092351812,"circlet_count":0,"master_deck":["Defend_R","Bash+1","Shrug It Off","Thunderclap","Barricade+1","Metallicize+1","Rampage+1","Rampage","Feed+1","Intimidate+1","Clash","Rage+1","Bite","Bite","Bite","Bite","Bite","Metallicize+1","RitualDagger","Combust","J.A.X.","Inflame+1","Fiend Fire","Double Tap+1","Blood for Blood+1","Inflame","Impervious","Bandage Up","Dramatic Entrance","Apotheosis","Body Slam+1"],"relics":["Burning Blood","Sundial","Lantern","Champion Belt","Meat on the Bone","Runic Cube","Red Mask","Matryoshka","Kunai","Oddly Smooth Stone","Du-Vu Doll","Velvet Choker","Charon\u0027s Ashes","Bottled Lightning","Strawberry","Anchor"],"potions_floor_usage":[19,19,33,33,50,50,50],"damage_taken":[{"damage":2,"enemies":"2 Louse","floor":1,"turns":3},{"damage":0,"enemies":"Cultist","floor":5,"turns":3},{"damage":56,"enemies":"Lagavulin","floor":6,"turns":9},{"damage":0,"enemies":"Small Slimes","floor":7,"turns":2},{"damage":21,"enemies":"Exordium Thugs","floor":14,"turns":5},{"damage":5,"enemies":"Slime Boss","floor":16,"turns":12},{"damage":61,"enemies":"3 Byrds","floor":18,"turns":7},{"damage":15,"floor":19,"turns":5},{"damage":9,"enemies":"Shell Parasite","floor":23,"turns":9},{"damage":28,"enemies":"Sentry and Sphere","floor":24,"turns":9},{"damage":9,"enemies":"Snake Plant","floor":27,"turns":8},{"damage":10,"enemies":"Snecko","floor":30,"turns":5},{"damage":48,"enemies":"Book of Stabbing","floor":31,"turns":9},{"damage":57,"enemies":"Champ","floor":33,"turns":10},{"damage":27,"enemies":"3 Shapes","floor":35,"turns":7},{"damage":17,"enemies":"Orb Walker","floor":36,"turns":5},{"damage":24,"enemies":"4 Shapes","floor":38,"turns":8},{"damage":16,"enemies":"Sphere and 2 Shapes","floor":39,"turns":6},{"damage":16,"enemies":"Nemesis","floor":41,"turns":5},{"damage":25,"enemies":"3 Darklings","floor":44,"turns":5},{"damage":25,"enemies":"2 Orb Walkers","floor":47,"turns":5},{"damage":65,"enemies":"Spire Growth","floor":48,"turns":6},{"damage":74,"enemies":"Awakened One","floor":50,"turns":9}],"seed_played":"-7046517965026968089","potions_obtained":[{"floor":5,"key":"Explosive Potion"},{"floor":6,"key":"Dexterity Potion"},{"floor":14,"key":"LiquidBronze"},{"floor":18,"key":"Regen Potion"},{"floor":19,"key":"AttackPotion"},{"floor":30,"key":"Fire Potion"},{"floor":33,"key":"GamblersBrew"},{"floor":36,"key":"Ancient Potion"},{"floor":47,"key":"FearPotion"}],"is_trial":false,"path_per_floor":["M","?","$","?","M","E","M","R","T","?","R","$","R","M","R","B",null,"M","?","$","?","T","M","M","?","T","M","?","R","M","E","R","B",null,"M","M","$","M","M","R","E","R","T","M","R","?","E","M","R"],"character_chosen":"IRONCLAD","items_purchased":["Rampage","Rage"],"campfire_rested":2,"item_purchase_floors":[12,20],"current_hp_per_floor":[80,80,80,68,74,24,30,30,30,23,23,23,23,20,44,57,80,40,60,60,60,60,63,60,54,54,64,64,64,68,51,51,44,73,58,61,61,59,57,57,57,57,64,61,61,51,56,31,61,0],"gold":252,"neow_bonus":"ONE_RARE_RELIC","is_prod":false,"is_daily":false,"chose_seed":false,"campfire_upgraded":8,"win_rate":0.0,"timestamp":1532001731,"path_taken":["M","?","?","?","M","E","M","R","T","?","R","$","R","?","R","BOSS","M","?","$","?","?","M","M","?","T","M","?","R","?","E","R","BOSS","M","M","$","M","M","R","E","R","T","M","R","?","E","M","R","BOSS"],"build_version":"2018-07-12","purchased_purges":3,"victory":false,"max_hp_per_floor":[80,80,80,80,80,80,80,80,80,80,80,80,80,80,80,80,80,83,86,86,60,60,63,66,66,66,69,69,69,69,69,69,73,73,77,81,81,85,89,89,89,89,96,96,96,96,100,100,100,100],"card_choices":[{"not_picked":["Warcry","Sword Boomerang"],"picked":"Shrug It Off","floor":1},{"not_picked":["Armaments","Body Slam"],"picked":"Thunderclap","floor":5},{"not_picked":["Twin Strike","Brutality"],"picked":"Barricade","floor":6},{"not_picked":["Clash","Anger"],"picked":"Metallicize","floor":7},{"not_picked":["Entrench","Battle Trance"],"picked":"Rampage","floor":14},{"not_picked":["Juggernaut","Barricade"],"picked":"Feed","floor":16},{"not_picked":["Iron Wave","True Grit"],"picked":"Intimidate+1","floor":18},{"not_picked":["Sever Soul","Sword Boomerang"],"picked":"Clash","floor":19},{"not_picked":["True Grit","Pommel Strike"],"picked":"Metallicize","floor":23},{"not_picked":["Infernal Blade","Warcry","Shrug It Off"],"picked":"SKIP","floor":24},{"not_picked":["Infernal Blade","Shockwave"],"picked":"Combust","floor":27},{"not_picked":["Twin Strike","Sword Boomerang+1"],"picked":"Inflame+1","floor":30},{"not_picked":["Clash+1","Twin Strike"],"picked":"Fiend Fire","floor":31},{"not_picked":["Reaper","Feed"],"picked":"Double Tap","floor":33},{"not_picked":["Twin Strike+1","True Grit","Pommel Strike+1"],"picked":"SKIP","floor":35},{"not_picked":["Warcry+1","Twin Strike","Pummel"],"picked":"SKIP","floor":36},{"not_picked":["Flame Barrier","Reckless Charge"],"picked":"Blood for Blood+1","floor":38},{"not_picked":["Thunderclap","Body Slam"],"picked":"Inflame","floor":39},{"not_picked":["Cleave","Anger","Sword Boomerang+1"],"picked":"SKIP","floor":41},{"not_picked":["Warcry+1","Entrench+1"],"picked":"Impervious","floor":44},{"not_picked":["Mind Blast","Blind"],"picked":"Bandage Up","floor":46},{"not_picked":["Swift Strike","Blind"],"picked":"Dramatic Entrance","floor":46},{"not_picked":["Good Instincts","Deep Breath"],"picked":"Apotheosis","floor":46},{"not_picked":["Anger","Perfected Strike"],"picked":"Body Slam+1","floor":47},{"not_picked":["Dropkick","Corruption+1","Armaments+1"],"picked":"SKIP","floor":48}],"player_experience":136054,"relics_obtained":[{"floor":6,"key":"Champion Belt"},{"floor":9,"key":"Meat on the Bone"},{"floor":19,"key":"Red Mask"},{"floor":22,"key":"Matryoshka"},{"floor":26,"key":"Kunai"},{"floor":26,"key":"Oddly Smooth Stone"},{"floor":31,"key":"Du-Vu Doll"},{"floor":41,"key":"Charon\u0027s Ashes"},{"floor":43,"key":"Bottled Lightning"},{"floor":43,"key":"Strawberry"},{"floor":47,"key":"Anchor"}],"event_choices":[{"event_name":"Purifier","player_choice":"One Purge","floor":2,"damage_taken":0},{"event_name":"Scrap Ooze","player_choice":"success","floor":4,"damage_taken":12},{"event_name":"Golden Wing","player_choice":"Card Removal","floor":10,"damage_taken":0},{"event_name":"Masked Bandits","player_choice":"Fought over 164 gold","floor":19,"damage_taken":0},{"event_name":"Vampires","player_choice":"Became a vampire","floor":21,"damage_taken":0},{"event_name":"Nest","player_choice":"Joined the Cult","floor":25,"damage_taken":0},{"event_name":"Drug Dealer","player_choice":"Got JAXXED","floor":28,"damage_taken":0},{"event_name":"SensoryStone","player_choice":"Memory 3","floor":46,"damage_taken":0}],"boss_relics":[{"not_picked":["Eternal Feather","Runic Dome"],"picked":"Runic Cube"},{"not_picked":["Cursed Key","Snecko Eye"],"picked":"Velvet Choker"}],"items_purged_floors":[12,20,37],"is_endless":false,"potions_floor_spawned":[5,6,14,16,18,19,30,33,36,41,47,48],"killed_by":"Awakened One","ascension_level":0}