{"path_per_floor":["M","M","?","$","M","?","?","M","T","M","$","M","R","M","R","B",null,"M","$","?","?","M","R","M"],"character_chosen":"THE_SILENT","items_purchased":["Well Laid Plans","Oddly Smooth Stone","Backflip"],"gold_per_floor":[119,135,310,201,217,217,217,232,284,300,19,34,34,49,49,147,147,166,41,41,41,54,54,73],"floor_reached":25,"campfire_rested":1,"playtime":1898,"current_hp_per_floor":[68,62,62,62,61,61,66,51,51,48,48,48,48,43,43,24,75,38,38,38,24,37,61,58],"items_purged":["Doubt","Strike_G","Defend_G"],"gold":73,"score":234,"play_id":"279c6f5d-acee-48fb-9f2c-50035f01c686","is_prod":false,"is_daily":false,"is_ascension_mode":true,"campfire_upgraded":2,"path_taken":["M","M","?","$","M","?","?","?","T","M","$","M","R","M","R","BOSS","M","$","?","?","?","R","M","E"],"build_version":"2018-02-22-PROD1","purchased_purges":3,"victory":false,"master_deck":["Defend_G","Defend_G","Defend_G","Defend_G","Strike_G","Strike_G","Strike_G","Strike_G","Survivor+1","Neutralize+1","Dagger Spray","Backflip+1","Well Laid Plans","Deadly Poison","Footwork+1","Backflip+1","Die Die Die","Deadly Poison+1","Backflip"],"max_hp_per_floor":[70,70,70,70,70,70,75,75,75,75,75,75,75,75,75,75,75,75,75,75,80,80,80,80],"relics":["Ring of the Snake","Prayer Wheel","Oddly Smooth Stone","Black Star"],"card_choices":[{"not_picked":["Prepared","Quick Slash"],"picked":"Dagger Spray"},{"not_picked":["Predator","Flying Knee"],"picked":"Backflip"},{"not_picked":["Flying Knee","Poisoned Stab"],"picked":"Deadly Poison"},{"not_picked":["Acrobatics","Predator"],"picked":"Footwork"},{"not_picked":["Glass Knife","Wraith Form"],"picked":"Die Die Die"},{"not_picked":["Quick Slash","Flechettes"],"picked":"Deadly Poison"},{"not_picked":["Outmaneuver","Eviscerate"],"picked":"Backflip"}],"player_experience":156713,"potions_floor_usage":[16,16,22],"damage_taken":[{"damage":2,"enemies":"Small Slimes","floor":1,"turns":4},{"damage":6,"enemies":"Cultist","floor":2,"turns":4},{"damage":1,"enemies":"Jaw Worm","floor":5,"turns":4},{"damage":15,"enemies":"Lots of Slimes","floor":8,"turns":4},{"damage":3,"enemies":"2 Fungi Beasts","floor":10,"turns":4},{"damage":0,"enemies":"Red Slaver","floor":12,"turns":5},{"damage":5,"enemies":"3 Louse","floor":14,"turns":4},{"damage":34,"enemies":"Slime Boss","floor":16,"turns":15},{"damage":37,"enemies":"Chosen","floor":18,"turns":7},{"damage":2,"enemies":"Spheric Guardian","floor":22,"turns":6},{"damage":3,"enemies":"Snake Plant","floor":24,"turns":5},{"damage":67,"enemies":"Gremlin Leader","floor":25,"turns":4}],"event_choices":[{"event_name":"Liars Game","player_choice":"agreed","floor":3,"damage_taken":0},{"event_name":"Accursed Blacksmith","player_choice":"Forge","floor":6,"damage_taken":0},{"event_name":"Big Fish","player_choice":"Donut","floor":7,"damage_taken":0},{"event_name":"Upgrade Shrine","player_choice":"Upgraded","floor":20,"damage_taken":0},{"event_name":"Forgotten Altar","player_choice":"Shed Blood","floor":21,"damage_taken":0}],"boss_relics":[{"not_picked":["White Beast Statue","Snecko Eye"],"picked":"Black Star"}],"potions_floor_spawned":[2,5,14,16,24],"seed_played":"-2391560766662244739","killed_by":"Gremlin Leader","ascension_level":4,"is_trial":false}