{"gold_per_floor":[114,114,39,39,50,50,66,66,91,103,15,15,25,41,41,139,139,152,168,168],"floor_reached":20,"playtime":885,"items_purged":["Strike_R","Strike_R"],"score":205,"play_id":"768579e7-f67c-4b2b-897b-2f898032c1a8","local_time":"20180814142954","is_ascension_mode":true,"campfire_choices":[{"data":"Limit Break","floor":6,"key":"SMITH"},{"data":"Inflame","floor":10,"key":"SMITH"},{"data":"Flame Barrier","floor":15,"key":"SMITH"}],"neow_cost":"TEN_PERCENT_HP_LOSS","seed_source_timestamp":26497295060408,"circlet_count":0,"master_deck":["Bash","Limit Break+1","Inflame+1","Flex","Flame Barrier+1","Feed","Inflame","True Grit","Headbutt","Flex","Corruption","Body Slam","Rampage+1","Ghostly Armor"],"relics":["Burning Blood","GremlinMask","MawBank","Pandora\u0027s Box"],"potions_floor_usage":[13,16,16],"damage_taken":[{"damage":13,"enemies":"Jaw Worm","floor":1,"turns":4},{"damage":16,"enemies":"Cultist","floor":5,"turns":4},{"damage":6,"enemies":"2 Louse","floor":7,"turns":3},{"damage":31,"enemies":"Exordium Wildlife","floor":13,"turns":8},{"damage":3,"enemies":"Looter","floor":14,"turns":4},{"damage":15,"enemies":"Slime Boss","floor":16,"turns":9},{"damage":28,"enemies":"Spheric Guardian","floor":18,"turns":5},{"damage":0,"enemies":"Chosen","floor":19,"turns":4},{"damage":48,"enemies":"Sentry and Sphere","floor":20,"turns":5}],"seed_played":"-6228530284536015320","potions_obtained":[{"floor":1,"key":"Regen Potion"},{"floor":12,"key":"PowerPotion"},{"floor":12,"key":"SmokeBomb"},{"floor":13,"key":"Block Potion"},{"floor":16,"key":"SteroidPotion"},{"floor":18,"key":"LiquidBronze"}],"is_trial":false,"path_per_floor":["M","?","$","?","M","R","M","?","T","R","$","?","M","M","R","B",null,"M","M"],"character_chosen":"IRONCLAD","items_purchased":[],"campfire_rested":0,"item_purchase_floors":[],"current_hp_per_floor":[65,65,65,65,55,55,55,55,55,55,55,55,45,48,48,39,64,42,48,0],"gold":168,"neow_bonus":"THREE_RARE_CARDS","is_prod":false,"is_daily":false,"chose_seed":false,"campfire_upgraded":3,"win_rate":0,"timestamp":1534228194,"path_taken":["M","?","$","?","?","R","M","?","T","R","?","?","M","M","R","BOSS","M","M","M"],"build_version":"2018-08-09","purchased_purges":2,"victory":false,"max_hp_per_floor":[72,72,72,72,72,72,72,72,72,72,72,72,72,72,72,72,72,72,72,72],"card_choices":[{"not_picked":["Juggernaut","Berserk"],"picked":"Limit Break","floor":0},{"not_picked":["Carnage","Sentinel"],"picked":"Inflame","floor":1},{"not_picked":["Feel No Pain","Wild Strike","Body Slam"],"picked":"SKIP","floor":5},{"not_picked":["Iron Wave","Searing Blow"],"picked":"Flex","floor":7},{"not_picked":["Armaments","Dropkick"],"picked":"Flame Barrier","floor":13},{"not_picked":["Warcry","Carnage","Pommel Strike"],"picked":"SKIP","floor":14},{"not_picked":["Demon Form","Impervious"],"picked":"Feed","floor":16},{"not_picked":["Dropkick","Warcry"],"picked":"Rampage+1","floor":18},{"not_picked":["Searing Blow","Body Slam"],"picked":"Ghostly Armor","floor":19}],"player_experience":420622,"relics_obtained":[{"floor":9,"key":"MawBank"}],"event_choices":[{"event_name":"Living Wall","player_choice":"Forget","floor":2,"damage_taken":0},{"event_name":"Liars Game","player_choice":"disagreed","floor":4,"damage_taken":0},{"event_name":"FaceTrader","player_choice":"Trade","floor":8,"damage_taken":0},{"event_name":"The Lab","player_choice":"Got Potions","floor":12,"damage_taken":0}],"is_beta":false,"boss_relics":[{"not_picked":["Mark of Pain","Ectoplasm"],"picked":"Pandora\u0027s Box"}],"items_purged_floors":[3,11],"is_endless":false,"potions_floor_spawned":[1,13,16,18],"killed_by":"Sentry and Sphere","ascension_level":5}