{"path_per_floor":["M","M","$","?","M","R","M","?","T","M","R","M","R","$","R","B",null,"M","M","M","?","M","R","M","$","T","R","?","$","M","?","R","B",null,"M","$","?","?","?","R","M","R","T","M","M"],"character_chosen":"DEFECT","items_purchased":["Capacitor","Defragment","Recycle","Coolheaded","Allocate","Impulse"],"gold_per_floor":[113,123,71,71,96,96,120,120,202,220,220,238,238,12,12,143,143,159,172,190,190,204,204,228,128,152,152,152,99,124,124,124,244,244,267,12,345,345,345,345,355,355,433,446,463,463],"floor_reached":46,"campfire_rested":3,"playtime":2348,"current_hp_per_floor":[57,43,43,43,33,53,26,26,26,26,46,42,42,42,42,10,69,62,69,55,55,65,65,62,62,62,62,62,62,56,56,56,20,69,53,53,53,44,44,44,2,22,22,23,9,0],"items_purged":["Strike_B","Stack","Defend_B"],"gold":463,"score":499,"play_id":"ee4ec6cf-35aa-4ad3-9c25-1cb1aa3727f6","local_time":"20180427170504","is_prod":false,"is_daily":false,"chose_seed":false,"is_ascension_mode":true,"campfire_upgraded":6,"timestamp":1524866704,"path_taken":["M","M","$","?","M","R","?","?","T","M","R","M","R","$","R","BOSS","M","M","M","?","M","R","M","$","T","R","?","$","M","?","R","BOSS","M","$","?","?","?","R","M","R","T","?","M","M"],"build_version":"2018-04-26v2","seed_source_timestamp":17522150675455,"purchased_purges":4,"victory":false,"master_deck":["Defend_B","Zap+1","Dualcast","Capacitor+1","Cold Snap","Leap","Defragment+1","Recycle","Rainbow+1","Biased Cognition+1","Auto Shields+1","Sweeping Beam+1","Self Repair","Chill+1","Chill+1","Ball Lightning+1","Coolheaded","Tempest","Allocate+1","Impulse","Madness","Madness","Defragment+1","Stack+1","Coolheaded+1","Leap"],"max_hp_per_floor":[75,75,75,69,69,69,69,69,69,69,69,69,69,69,69,69,69,69,69,69,69,69,69,69,69,69,69,69,69,69,69,69,69,69,69,69,69,69,69,69,69,69,69,69,69,69],"relics":["Lizard Tail","Toolbox","Astrolabe","Happy Flower","Sozu","Gremlin Horn"],"card_choices":[{"not_picked":["Rip and Tear","Auto Shields"],"picked":"Stack","floor":1},{"not_picked":["Hologram","Hello World"],"picked":"Cold Snap","floor":5},{"not_picked":["Biased Cognition","Capacitor"],"picked":"Leap","floor":10},{"not_picked":["Machine Learning","Multi-Cast"],"picked":"Rainbow","floor":16},{"not_picked":["Force Field","Beam Cell"],"picked":"Self Repair","floor":18},{"not_picked":["Cold Snap","Melter"],"picked":"Chill","floor":19},{"not_picked":["Coolheaded","Blaster"],"picked":"Chill","floor":20},{"not_picked":["Go for the Eyes","Melter"],"picked":"Ball Lightning","floor":22},{"not_picked":["Cold Snap","Rebound"],"picked":"Tempest","floor":35},{"not_picked":["Auto Shields","Go for the Eyes"],"picked":"Stack","floor":41},{"not_picked":["Go for the Eyes","Sunder"],"picked":"Coolheaded","floor":44},{"not_picked":["Barrage","Doom and Gloom"],"picked":"Leap","floor":45}],"player_experience":57084,"potions_floor_usage":[10,12,18,20,30,30,30],"damage_taken":[{"damage":18,"enemies":"Small Slimes","floor":1,"turns":4},{"damage":14,"enemies":"Jaw Worm","floor":2,"turns":5},{"damage":10,"enemies":"Cultist","floor":5,"turns":5},{"damage":27,"enemies":"Lots of Slimes","floor":7,"turns":5},{"damage":0,"enemies":"Large Slime","floor":10,"turns":7},{"damage":4,"enemies":"Gremlin Gang","floor":12,"turns":3},{"damage":66,"enemies":"Hexaghost","floor":16,"turns":19},{"damage":7,"enemies":"Chosen","floor":18,"turns":4},{"damage":0,"enemies":"Spheric Guardian","floor":19,"turns":5},{"damage":21,"enemies":"Snecko","floor":20,"turns":6},{"damage":0,"enemies":"Centurion and Healer","floor":22,"turns":7},{"damage":10,"enemies":"Snake Plant","floor":24,"turns":6},{"damage":14,"enemies":"Cultist and Chosen","floor":30,"turns":5},{"damage":43,"enemies":"Automaton","floor":33,"turns":11},{"damage":23,"enemies":"Orb Walker","floor":35,"turns":5},{"damage":42,"enemies":"Flame Bruiser 1 Orb","floor":41,"turns":5},{"damage":6,"enemies":"Maw","floor":44,"turns":7},{"damage":21,"enemies":"Spire Growth","floor":45,"turns":6},{"damage":32,"enemies":"4 Shapes","floor":46,"turns":3}],"event_choices":[{"event_name":"Golden Idol","player_choice":"Lose Max HP","floor":4,"damage_taken":0},{"event_name":"Match and Keep!","player_choice":"0 cards matched","floor":8,"damage_taken":0},{"event_name":"Bonfire Elementals","player_choice":"BASIC","floor":21,"damage_taken":0},{"event_name":"Back to Basics","player_choice":"Elegance","floor":28,"damage_taken":0},{"event_name":"Ghosts","player_choice":"Ignored","floor":31,"damage_taken":0},{"event_name":"The Moai Head","player_choice":"Gave Idol","floor":37,"damage_taken":0},{"event_name":"Winding Halls","player_choice":"Embrace Madness","floor":38,"damage_taken":0},{"event_name":"Duplicator","player_choice":"One dupe","floor":39,"damage_taken":0}],"boss_relics":[{"not_picked":["Eternal Feather","Runic Pyramid"],"picked":"Astrolabe"},{"not_picked":["Orrery","Snecko Eye"],"picked":"Sozu"}],"potions_floor_spawned":[1,5,7,16,19,22,24,35],"seed_played":"3884814113002092847","killed_by":"4 Shapes","ascension_level":3,"is_trial":false}