{"gold_per_floor":[118,135,149,163,128,128,128,147,147,147,166,178,20,37,37,141,141,151,134,149,149],"floor_reached":21,"playtime":3288,"items_purged":["Strike_R"],"score":177,"play_id":"de1c03df-268b-431e-bab0-7ff46e61182f","local_time":"20180717180441","is_ascension_mode":false,"campfire_choices":[{"data":"Strike_R","floor":6,"key":"SMITH"},{"data":"Rampage","floor":10,"key":"SMITH"},{"floor":15,"key":"REST"}],"neow_cost":"","seed_source_timestamp":155851936066914,"circlet_count":0,"master_deck":["Strike_R","Strike_R","Strike_R","Strike_R+1","Defend_R","Defend_R","Defend_R","Bash","Warcry","Metallicize","True Grit","Perfected Strike","Rampage+1","Clothesline","Cleave","Headbutt","Corruption","Rage","Demon Form","Warcry+1","Iron Wave","Rupture+1"],"relics":["Burning Blood","Bottled Tornado"],"potions_floor_usage":[16,16,16,16,16,16],"damage_taken":[{"damage":6,"enemies":"Jaw Worm","floor":1,"turns":3},{"damage":6,"enemies":"Cultist","floor":2,"turns":3},{"damage":12,"enemies":"2 Louse","floor":3,"turns":3},{"damage":9,"enemies":"Exordium Wildlife","floor":4,"turns":5},{"damage":37,"enemies":"Gremlin Gang","floor":8,"turns":6},{"damage":9,"enemies":"3 Louse","floor":11,"turns":4},{"damage":18,"enemies":"Large Slime","floor":12,"turns":5},{"damage":18,"enemies":"Lots of Slimes","floor":14,"turns":4},{"damage":30,"enemies":"The Guardian","floor":16,"turns":8},{"damage":27,"enemies":"Chosen","floor":18,"turns":7},{"damage":24,"enemies":"2 Thieves","floor":19,"turns":4},{"damage":29,"enemies":"Centurion and Healer","floor":20,"turns":11},{"damage":25,"enemies":"Chosen and Byrds","floor":21,"turns":4}],"seed_played":"3024318316221310448","potions_obtained":[{"floor":2,"key":"EntropicBrew"},{"floor":8,"key":"GamblersBrew"},{"floor":11,"key":"LiquidBronze"},{"floor":14,"key":"LiquidBronze"},{"floor":19,"key":"Swift Potion"},{"floor":20,"key":"SpeedPotion"}],"is_trial":false,"path_per_floor":["M","M","M","M","?","R","?","M","T","R","M","M","$","M","R","B",null,"M","M","M"],"character_chosen":"IRONCLAD","items_purchased":["Headbutt","Corruption"],"campfire_rested":1,"item_purchase_floors":[13,13],"current_hp_per_floor":[80,80,74,71,80,80,80,49,49,49,46,34,34,22,46,30,80,59,41,18,0],"gold":149,"neow_bonus":"","is_prod":false,"is_daily":false,"chose_seed":false,"campfire_upgraded":2,"win_rate":0.0,"timestamp":1531821881,"path_taken":["M","M","M","M","?","R","?","M","T","R","M","M","$","M","R","BOSS","M","?","M","M"],"build_version":"2018-07-12","purchased_purges":1,"victory":false,"max_hp_per_floor":[80,80,80,80,80,80,80,80,80,80,80,80,80,80,80,80,80,80,80,80,80],"card_choices":[{"not_picked":["Shrug It Off","Clash"],"picked":"Warcry","floor":1},{"not_picked":["Hemokinesis","Clash"],"picked":"Metallicize","floor":2},{"not_picked":["Fire Breathing","Metallicize"],"picked":"True Grit","floor":3},{"not_picked":["Armaments","Clothesline"],"picked":"Perfected Strike","floor":4},{"not_picked":["Flex","Thunderclap"],"picked":"Rampage","floor":8},{"not_picked":["Fire Breathing","True Grit"],"picked":"Clothesline","floor":11},{"not_picked":["Feed","Dropkick"],"picked":"Cleave","floor":12},{"not_picked":["Twin Strike","Shockwave"],"picked":"Rage","floor":14},{"not_picked":["Bludgeon","Dark Embrace"],"picked":"Demon Form","floor":16},{"not_picked":["Power Through","Thunderclap"],"picked":"Warcry+1","floor":18},{"not_picked":["Perfected Strike","Rupture"],"picked":"Iron Wave","floor":19},{"not_picked":["True Grit","Flex"],"picked":"Rupture+1","floor":20}],"player_experience":0,"relics_obtained":[{"floor":9,"key":"Bottled Tornado"}],"event_choices":[{"event_name":"The Cleric","player_choice":"Healed","floor":5,"damage_taken":0},{"event_name":"Living Wall","player_choice":"Forget","floor":7,"damage_taken":0}],"boss_relics":[{"not_picked":["Sozu","Philosopher\u0027s Stone","Busted Crown"]}],"items_purged_floors":[13],"is_endless":false,"potions_floor_spawned":[2,8,11,14,19,20],"killed_by":"Chosen and Byrds","ascension_level":0}