{"gold_per_floor":[113,38,51,66,66,66,79,79,148,160,178,178,178,213,213,287,287,302,302,302,302],"floor_reached":21,"playtime":795,"items_purged":["Strike_R"],"score":322,"play_id":"d21f2cfd-0395-4699-a0f0-f6928e5c09d5","local_time":"20181228105945","is_ascension_mode":true,"campfire_choices":[{"data":"Cleave","floor":6,"key":"SMITH"},{"data":"Bash","floor":8,"key":"SMITH"},{"data":"Fire Breathing","floor":13,"key":"SMITH"},{"data":"True Grit","floor":15,"key":"SMITH"}],"neow_cost":"NONE","seed_source_timestamp":580409078339259,"circlet_count":0,"master_deck":["AscendersBane","Strike_R","Defend_R","Defend_R","Defend_R","Defend_R","Bash+1","Cleave+1","True Grit+1","Seeing Red","Dropkick","Ghostly Armor","Fire Breathing+1","Cleave","Bludgeon","Berserk","Hemokinesis"],"relics":["Burning Blood","Paper Frog","Ancient Tea Set","Velvet Choker"],"potions_floor_usage":[14,16],"damage_taken":[{"damage":14,"enemies":"2 Louse","floor":1,"turns":3},{"damage":6,"enemies":"Cultist","floor":3,"turns":3},{"damage":13,"enemies":"Small Slimes","floor":4,"turns":4},{"damage":9,"enemies":"Blue Slaver","floor":7,"turns":3},{"damage":10,"enemies":"3 Louse","floor":10,"turns":3},{"damage":15,"enemies":"Lots of Slimes","floor":11,"turns":4},{"damage":30,"enemies":"3 Sentries","floor":14,"turns":7},{"damage":50,"enemies":"The Guardian","floor":16,"turns":14},{"damage":19,"enemies":"3 Byrds","floor":18,"turns":4},{"damage":27,"enemies":"Colosseum Slavers","floor":21,"turns":3}],"seed_played":"4107952345345476177","potions_obtained":[{"floor":3,"key":"Swift Potion"},{"floor":4,"key":"SteroidPotion"},{"floor":10,"key":"Explosive Potion"}],"is_trial":false,"path_per_floor":["M","$","M","M","?","R","M","R","T","M","M","?","R","E","R","B",null,"M","?","?","?"],"character_chosen":"IRONCLAD","items_purchased":[],"campfire_rested":0,"item_purchase_floors":[],"current_hp_per_floor":[60,60,60,53,53,53,50,50,50,46,37,75,75,51,51,7,58,45,45,24,0],"gold":302,"neow_bonus":"REMOVE_CARD","is_prod":false,"is_daily":false,"chose_seed":false,"campfire_upgraded":4,"win_rate":0,"timestamp":1545965985,"path_taken":["M","$","M","M","?","R","M","R","T","M","M","?","R","E","R","BOSS","M","?","?","?"],"build_version":"2018-12-20","purchased_purges":1,"victory":false,"max_hp_per_floor":[75,75,75,75,75,75,75,75,75,75,75,75,75,75,75,75,75,75,75,80,80],"card_choices":[{"not_picked":["Flex","Wild Strike"],"picked":"Cleave","floor":1},{"not_picked":["Flex","Pommel Strike"],"picked":"True Grit","floor":3},{"not_picked":["Clash","Clothesline"],"picked":"Seeing Red","floor":4},{"not_picked":["Warcry","Heavy Blade"],"picked":"Dropkick","floor":7},{"not_picked":["Pommel Strike","Heavy Blade"],"picked":"Ghostly Armor","floor":10},{"not_picked":["Feel No Pain","Headbutt"],"picked":"Fire Breathing","floor":11},{"not_picked":["Ghostly Armor","Body Slam"],"picked":"Cleave","floor":14},{"not_picked":["Dark Embrace","Reaper"],"picked":"Bludgeon","floor":16},{"not_picked":["Perfected Strike","Flex","Havoc"],"picked":"SKIP","floor":18}],"player_experience":627045,"relics_obtained":[{"floor":9,"key":"Paper Frog"},{"floor":14,"key":"Ancient Tea Set"}],"event_choices":[{"damage_healed":0,"gold_gain":0,"player_choice":"Ignored","damage_taken":0,"max_hp_gain":0,"max_hp_loss":0,"event_name":"Liars Game","floor":5,"gold_loss":0},{"damage_healed":38,"gold_gain":0,"player_choice":"Full Heal","damage_taken":0,"max_hp_gain":0,"max_hp_loss":0,"event_name":"Wheel of Change","floor":12,"gold_loss":0},{"damage_healed":0,"gold_gain":0,"cards_transformed":["Strike_R","Strike_R"],"player_choice":"Became Test Subject","damage_taken":0,"max_hp_gain":0,"max_hp_loss":0,"event_name":"Drug Dealer","floor":19,"gold_loss":0,"cards_obtained":["Berserk","Hemokinesis"]},{"damage_healed":0,"gold_gain":0,"player_choice":"Shed Blood","damage_taken":26,"max_hp_gain":5,"max_hp_loss":0,"event_name":"Forgotten Altar","floor":20,"gold_loss":0},{"damage_healed":0,"gold_gain":0,"player_choice":"Fight","damage_taken":0,"max_hp_gain":0,"max_hp_loss":0,"event_name":"Colosseum","floor":21,"gold_loss":0}],"is_beta":false,"boss_relics":[{"not_picked":["Philosopher\u0027s Stone","Snecko Eye"],"picked":"Velvet Choker"}],"items_purged_floors":[2],"is_endless":false,"potions_floor_spawned":[3,4,10],"killed_by":"Colosseum Slavers","ascension_level":16}