{"gold_per_floor":[117,117,117,144,158,158,158,158,210,242,242,258,258,270,270,344,344,357,233,233,233,246,246,265,300,300,300,1,11,11,24,24,101,101,118,118,138,153,153,183,183,193,217,237,237,138,138,138,138,138],"floor_reached":51,"playtime":5012,"items_purged":["Strike_B"],"score":1373,"play_id":"d24c15ca-282a-4fd8-8f27-5fcca25afc3e","local_time":"20190605175439","is_ascension_mode":true,"campfire_choices":[{"data":"Zap","floor":6.0,"key":"SMITH"},{"data":"Defend_B","floor":8.0,"key":"SMITH"},{"data":"Hologram","floor":11.0,"key":"SMITH"},{"data":"Doom and Gloom","floor":13.0,"key":"SMITH"},{"floor":15.0,"key":"REST"},{"data":"Echo Form","floor":23.0,"key":"SMITH"},{"data":"Seek","floor":27.0,"key":"SMITH"},{"data":"Ghostly","floor":30.0,"key":"SMITH"},{"data":"Ghostly","floor":32.0,"key":"SMITH"},{"data":"Buffer","floor":41,"key":"SMITH"},{"floor":45,"key":"RECALL"},{"data":"Stack","floor":47,"key":"SMITH"}],"neow_cost":"NONE","seed_source_timestamp":0,"circlet_count":0,"master_deck":["AscendersBane","Strike_B+1","Strike_B+1","Strike_B+1","Defend_B+1","Defend_B+1","Defend_B+1","Defend_B+1","Zap+1","Dualcast+1","Defragment+1","Gash+1","Hologram+1","Doom and Gloom+1","Echo Form+1","Seek+1","Turbo+1","Steam+1","Coolheaded+1","Ghostly+1","Ghostly+1","Ghostly+1","Ghostly+1","Ghostly+1","Chill+1","Gash+1","Gash+1","Rainbow+1","Cold Snap+1","Buffer+1","Consume+1","Stack+1"],"special_seed":0,"relics":["Cracked Core","Ancient Tea Set","Boot","Orichalcum","Gremlin Horn","Inserter","Blood Vial","Dream Catcher","FossilizedHelix","Coffee Dripper","Mark of the Bloom","Whetstone","Bronze Scales"],"potions_floor_usage":[50,50],"damage_taken":[{"damage":0.0,"enemies":"Small Slimes","floor":1.0,"turns":3.0},{"damage":7.0,"enemies":"2 Louse","floor":5.0,"turns":2.0},{"damage":25.0,"enemies":"Gremlin Nob","floor":10.0,"turns":5.0},{"damage":2.0,"enemies":"Jaw Worm","floor":12.0,"turns":2.0},{"damage":0.0,"enemies":"2 Fungi Beasts","floor":14.0,"turns":1.0},{"damage":21.0,"enemies":"Slime Boss","floor":16.0,"turns":7.0},{"damage":20.0,"enemies":"2 Thieves","floor":18.0,"turns":4.0},{"damage":0.0,"enemies":"Chosen","floor":22.0,"turns":6.0},{"damage":0.0,"enemies":"3 Cultists","floor":24.0,"turns":6.0},{"damage":32.0,"enemies":"Slavers","floor":25.0,"turns":7.0},{"damage":0.0,"enemies":"Snake Plant","floor":29.0,"turns":4.0},{"damage":0.0,"enemies":"Cultist and Chosen","floor":31.0,"turns":9.0},{"damage":0.0,"enemies":"Collector","floor":33.0,"turns":13.0},{"damage":0.0,"enemies":"3 Darklings","floor":35.0,"turns":7.0},{"damage":0.0,"enemies":"Orb Walker","floor":37.0,"turns":5.0},{"damage":0,"enemies":"Jaw Worm Horde","floor":38,"turns":5},{"damage":0,"enemies":"Nemesis","floor":40,"turns":7},{"damage":0,"enemies":"3 Darklings","floor":42,"turns":6},{"damage":13,"enemies":"4 Shapes","floor":44,"turns":7},{"damage":0,"enemies":"Donu and Deca","floor":50,"turns":12}],"seed_played":"-8870317269822285914","potions_obtained":[{"floor":5.0,"key":"SteroidPotion"},{"floor":14.0,"key":"Block Potion"},{"floor":16.0,"key":"EssenceOfSteel"},{"floor":18.0,"key":"SpeedPotion"},{"floor":29.0,"key":"Fruit Juice"},{"floor":35.0,"key":"Strength Potion"},{"floor":37,"key":"AttackPotion"}],"is_trial":false,"path_per_floor":["M","?","?","T","M","R","?","R","T","E","R","M","R","M","R","B",null,"M","$","?","?","M","R","M","E","T","R","$","M","R","M","R","B",null,"M","?","M","M","?","E","R","M","T","M","R","$","R","?","R","B",null],"character_chosen":"DEFECT","items_purchased":["Steam","FossilizedHelix","Stack","Dexterity Potion"],"campfire_rested":1,"item_purchase_floors":[19,28,46,46],"current_hp_per_floor":[64,64,64,64,57,57,57,57,57,32,32,30,30,30,51,30,61,41,41,41,35,35,35,35,3,3,3,3,10,10,12,12,14,34,36,36,38,40,40,40,40,40,40,27,27,27,27,27,27,27],"gold":138,"neow_bonus":"RANDOM_COMMON_RELIC","is_prod":false,"is_daily":false,"chose_seed":false,"campfire_upgraded":10,"win_rate":0,"timestamp":1559771679,"path_taken":["M","?","?","?","M","R","?","R","T","E","R","?","R","M","R","BOSS","M","$","?","?","M","R","M","E","T","R","$","M","R","M","R","BOSS","M","?","?","M","?","E","R","M","T","M","R","$","R","?","R","BOSS"],"build_version":"2019-01-23","purchased_purges":1,"victory":true,"max_hp_per_floor":[71,71,71,71,71,71,71,71,71,71,71,71,71,71,71,71,71,71,71,71,35,35,35,35,35,35,35,35,40,40,40,40,40,40,40,40,40,40,40,40,40,40,40,40,40,40,40,38,38,38],"card_choices":[{"not_picked":["Turbo","Leap"],"picked":"Defragment","floor":1.0},{"not_picked":["Go for the Eyes","Beam Cell"],"picked":"Gash","floor":5.0},{"not_picked":["Compile Driver","Heatsinks"],"picked":"Hologram","floor":10.0},{"not_picked":["Sweeping Beam","Streamline"],"picked":"Doom and Gloom","floor":12.0},{"not_picked":["Beam Cell","Redo"],"picked":"Echo Form","floor":14.0},{"not_picked":["Meteor Strike","Reboot"],"picked":"Seek","floor":16.0},{"not_picked":["Fusion","Skim"],"picked":"Turbo","floor":18.0},{"not_picked":["Tempest","Sweeping Beam","Recycle"],"picked":"SKIP","floor":22.0},{"not_picked":["Go for the Eyes","Scrape"],"picked":"Chill","floor":24.0},{"not_picked":["Doom and Gloom","Coolheaded","Ball Lightning"],"picked":"SKIP","floor":25.0},{"not_picked":["Streamline","Rebound"],"picked":"Gash","floor":29.0},{"not_picked":["Hologram+1","Conserve Battery"],"picked":"Gash","floor":31.0},{"not_picked":["Electrodynamics","Creative AI"],"picked":"Rainbow","floor":33.0},{"not_picked":["Ball Lightning","Beam Cell"],"picked":"Cold Snap","floor":35.0},{"not_picked":["Heatsinks","Beam Cell","Genetic Algorithm"],"picked":"SKIP","floor":37},{"not_picked":["Chaos+1","Hologram","Steam"],"picked":"SKIP","floor":38},{"not_picked":["Turbo","Compile Driver"],"picked":"Buffer","floor":40},{"not_picked":["Coolheaded+1","Force Field","Compile Driver+1"],"picked":"SKIP","floor":42},{"not_picked":["Heatsinks","Sunder"],"picked":"Consume+1","floor":44}],"player_experience":739607,"relics_obtained":[{"floor":4.0,"key":"Boot"},{"floor":9.0,"key":"Orichalcum"},{"floor":10.0,"key":"Gremlin Horn"},{"floor":25.0,"key":"Blood Vial"},{"floor":26.0,"key":"Dream Catcher"},{"floor":40,"key":"Whetstone"},{"floor":43,"key":"Bronze Scales"}],"event_choices":[{"damage_healed":0.0,"max_hp_gain":0.0,"max_hp_loss":0.0,"gold_gain":0.0,"event_name":"Shining Light","player_choice":"Ignored","floor":2.0,"gold_loss":0.0,"damage_taken":0.0},{"damage_healed":0.0,"max_hp_gain":0.0,"max_hp_loss":0.0,"gold_gain":0.0,"event_name":"Living Wall","player_choice":"Grow","floor":3.0,"gold_loss":0.0,"damage_taken":0.0,"cards_upgraded":["Defragment"]},{"damage_healed":0.0,"max_hp_gain":0.0,"max_hp_loss":0.0,"gold_gain":0.0,"event_name":"Liars Game","player_choice":"Ignored","floor":7.0,"gold_loss":0.0,"damage_taken":0.0},{"damage_healed":0.0,"max_hp_gain":0.0,"max_hp_loss":0.0,"gold_gain":0.0,"event_name":"The Library","player_choice":"Read","floor":20.0,"gold_loss":0.0,"damage_taken":0.0,"cards_obtained":["Coolheaded"]},{"damage_healed":0.0,"max_hp_gain":0.0,"max_hp_loss":36.0,"gold_gain":0.0,"event_name":"Ghosts","player_choice":"Became a Ghost","floor":21.0,"gold_loss":0.0,"damage_taken":0.0,"cards_obtained":["Ghostly","Ghostly","Ghostly","Ghostly","Ghostly"]},{"damage_healed":0.0,"max_hp_gain":0.0,"max_hp_loss":0.0,"gold_gain":0.0,"event_name":"Accursed Blacksmith","player_choice":"Forge","floor":36.0,"gold_loss":0.0,"damage_taken":0.0,"cards_upgraded":["Rainbow"]},{"damage_healed":0,"gold_gain":0,"player_choice":"Upgrade","damage_taken":0,"relics_obtained":["Mark of the Bloom"],"max_hp_gain":0,"max_hp_loss":0,"event_name":"MindBloom","floor":39,"gold_loss":0,"cards_upgraded":["Strike_B","Strike_B","Strike_B","Defend_B","Defend_B","Defend_B","Dualcast","Gash","Turbo","Steam","Coolheaded","Ghostly","Ghostly","Ghostly","Chill","Gash","Gash","Cold Snap"]},{"damage_healed":0,"gold_gain":0,"player_choice":"Max HP","damage_taken":0,"max_hp_gain":0,"max_hp_loss":2,"event_name":"Winding Halls","floor":48,"gold_loss":0}],"is_beta":false,"boss_relics":[{"not_picked":["Eternal Feather","Orrery"],"picked":"Inserter"},{"not_picked":["Runic Dome","FrozenCore"],"picked":"Coffee Dripper"}],"items_purged_floors":[19],"is_endless":false,"potions_floor_spawned":[5,14,16,18,29,35,37,40],"ascension_level":14}