{"gold_per_floor":[112,131,56,71,81,81,100,0,24,34,44,44,62,62,62,167,167,184,202,122,140,154,154,154,173,173,173],"floor_reached":27,"playtime":1969,"items_purged":["Defend_B","Strike_B"],"score":222,"play_id":"12527699-42aa-40c9-802a-f99a5a936466","local_time":"20190519002941","is_ascension_mode":true,"campfire_choices":[{"data":"Conserve Battery","floor":6,"key":"SMITH"},{"data":"Capacitor","floor":12,"key":"SMITH"},{"data":"Storm","floor":15,"key":"SMITH"},{"floor":23,"key":"REST"}],"neow_cost":"NONE","seed_source_timestamp":113266344162000,"circlet_count":0,"master_deck":["Strike_B","Defend_B","Defend_B","Defend_B","Zap","Dualcast","Hologram","Conserve Battery+1","Cold Snap","Storm+1","Cold Snap","Capacitor+1","Ball Lightning","Echo Form","Conserve Battery","Conserve Battery","Static Discharge","Loop+1","Swift Strike"],"relics":["Cracked Core","Strawberry","Boot","Empty Cage","Meat on the Bone"],"potions_floor_usage":[10,11,19,27,27],"damage_taken":[{"damage":0,"enemies":"2 Louse","floor":1,"turns":2},{"damage":1,"enemies":"Cultist","floor":2,"turns":3},{"damage":0,"enemies":"Small Slimes","floor":4,"turns":3},{"damage":2,"enemies":"2 Fungi Beasts","floor":5,"turns":4},{"damage":0,"enemies":"Large Slime","floor":7,"turns":5},{"damage":5,"enemies":"Exordium Thugs","floor":10,"turns":4},{"damage":12,"enemies":"Exordium Wildlife","floor":11,"turns":6},{"damage":15,"enemies":"3 Louse","floor":13,"turns":4},{"damage":29,"enemies":"Hexaghost","floor":16,"turns":11},{"damage":15,"enemies":"Spheric Guardian","floor":18,"turns":4},{"damage":25,"enemies":"2 Thieves","floor":19,"turns":4},{"damage":19,"enemies":"Centurion and Healer","floor":21,"turns":9},{"damage":6,"enemies":"Snecko","floor":22,"turns":4},{"damage":42,"enemies":"3 Cultists","floor":25,"turns":6},{"damage":21,"enemies":"Centurion and Healer","floor":27,"turns":4}],"seed_played":"1159626963769956206","potions_obtained":[{"floor":4,"key":"Weak Potion"},{"floor":5,"key":"EssenceOfSteel"},{"floor":13,"key":"Ancient Potion"},{"floor":16,"key":"Regen Potion"},{"floor":18,"key":"Swift Potion"},{"floor":25,"key":"SteroidPotion"}],"is_trial":false,"path_per_floor":["M","M","$","M","M","R","M","$","T","M","M","R","M","?","R","B",null,"M","M","$","M","M","R","?","M","T","M"],"character_chosen":"DEFECT","items_purchased":["Static Discharge"],"campfire_rested":1,"item_purchase_floors":[20],"current_hp_per_floor":[82,81,81,81,79,79,79,79,86,81,69,69,54,54,54,25,89,74,61,61,42,36,62,62,20,20,0],"gold":173,"neow_bonus":"TEN_PERCENT_HP_BONUS","is_prod":false,"is_daily":false,"chose_seed":false,"campfire_upgraded":3,"win_rate":0,"timestamp":1558236581,"path_taken":["M","M","$","M","M","R","M","$","T","M","M","R","M","?","R","BOSS","M","M","$","M","M","R","?","M","T","M"],"build_version":"2019-01-23","purchased_purges":2,"victory":false,"max_hp_per_floor":[82,82,82,82,82,82,82,82,89,89,89,89,89,89,89,89,89,89,89,89,89,89,89,89,89,89,89],"card_choices":[{"not_picked":["Barrage","Undo"],"picked":"Hologram","floor":1},{"not_picked":["Reinforced Body","Turbo"],"picked":"Conserve Battery","floor":2},{"not_picked":["Lockon","Leap"],"picked":"Cold Snap","floor":4},{"not_picked":["Coolheaded","Lockon","Go for the Eyes"],"picked":"SKIP","floor":5},{"not_picked":["Cold Snap","Skim"],"picked":"Storm","floor":7},{"not_picked":["Capacitor","Chaos"],"picked":"Cold Snap","floor":10},{"not_picked":["Steam","FTL"],"picked":"Capacitor","floor":11},{"not_picked":["Go for the Eyes","All For One"],"picked":"Ball Lightning","floor":13},{"not_picked":["Electrodynamics","Meteor Strike"],"picked":"Echo Form","floor":16},{"not_picked":["Coolheaded","Chaos"],"picked":"Conserve Battery","floor":18},{"not_picked":["Rebound","Beam Cell+1"],"picked":"Conserve Battery","floor":19},{"not_picked":["Coolheaded","Double Energy"],"picked":"Loop+1","floor":21},{"not_picked":["Sunder","Coolheaded","Reprogram"],"picked":"SKIP","floor":22},{"not_picked":["Rip and Tear","Undo","Beam Cell+1"],"picked":"SKIP","floor":25}],"player_experience":190736,"relics_obtained":[{"floor":9,"key":"Strawberry"},{"floor":14,"key":"Boot"},{"floor":26,"key":"Meat on the Bone"}],"event_choices":[{"damage_healed":0,"gold_gain":0,"player_choice":"Relic","damage_taken":0,"max_hp_gain":0,"max_hp_loss":0,"event_name":"Wheel of Change","floor":14,"gold_loss":0},{"damage_healed":0,"gold_gain":0,"player_choice":"1 cards matched","damage_taken":0,"max_hp_gain":0,"max_hp_loss":0,"event_name":"Match and Keep!","floor":24,"gold_loss":0,"cards_obtained":["Swift Strike"]},{"damage_healed":0,"gold_gain":0,"player_choice":"1 cards matched","damage_taken":0,"max_hp_gain":0,"max_hp_loss":0,"event_name":"Match and Keep!","floor":24,"gold_loss":0,"cards_obtained":["Swift Strike"]}],"is_beta":false,"boss_relics":[{"not_picked":["Philosopher\u0027s Stone","Snecko Eye"],"picked":"Empty Cage"}],"items_purged_floors":[3,8],"is_endless":false,"potions_floor_spawned":[4,5,13,16,18,25],"killed_by":"Centurion and Healer","ascension_level":1}