{"gold_per_floor":[14,14,25,80,55,81,81,107,107,126,146,146,179,104,104,175,175,185,202,202,40,40,40,40],"floor_reached":24,"playtime":730,"items_purged":[],"score":403,"play_id":"5e10e5e0-371d-4f91-8960-aa8057238d27","local_time":"20190606182437","is_ascension_mode":true,"campfire_choices":[{"floor":7,"key":"REST"},{"floor":12,"key":"REST"},{"floor":15,"key":"REST"},{"floor":23,"key":"REST"}],"neow_cost":"NO_GOLD","seed_source_timestamp":417721677076716,"circlet_count":0,"master_deck":["AscendersBane","Defend_B","Defend_B","Zap","Dualcast","Capacitor","Ball Lightning","Conserve Battery","Core Surge","Gash","Gash","Loop","Echo Form","Lockon+1","Consume+1","Multi-Cast+1","Reinforced Body","Genetic Algorithm","Fusion","Defragment"],"relics":["Cracked Core","Incense Burner","Vajra","Ginger","WingedGreaves","Darkstone Periapt","Kunai","Astrolabe","Juzu Bracelet"],"potions_floor_usage":[18],"damage_taken":[{"damage":1,"enemies":"Small Slimes","floor":1,"turns":3},{"damage":1,"enemies":"Cultist","floor":3,"turns":3},{"damage":40,"enemies":"Lagavulin","floor":6,"turns":7},{"damage":30,"enemies":"Gremlin Nob","floor":8,"turns":5},{"damage":2,"enemies":"2 Louse","floor":10,"turns":2},{"damage":0,"enemies":"2 Fungi Beasts","floor":11,"turns":3},{"damage":18,"enemies":"3 Sentries","floor":13,"turns":7},{"damage":7,"enemies":"The Guardian","floor":16,"turns":10},{"damage":25,"enemies":"2 Thieves","floor":18,"turns":4},{"damage":37,"enemies":"Shell Parasite","floor":19,"turns":7},{"damage":46,"enemies":"Centurion and Healer","floor":24,"turns":4}],"seed_played":"9008905524194790388","potions_obtained":[{"floor":3,"key":"Fire Potion"},{"floor":10,"key":"Dexterity Potion"},{"floor":19,"key":"Explosive Potion"}],"is_trial":false,"path_per_floor":["M","?","M","T","$","E","R","E","T","M","M","R","E","?","R","B",null,"M","M","?","$","?","R","M"],"character_chosen":"DEFECT","items_purchased":["Conserve Battery","Juzu Bracelet"],"campfire_rested":4,"item_purchase_floors":[5,21],"current_hp_per_floor":[77,77,76,76,76,36,61,31,31,29,29,54,36,36,61,54,77,52,15,15,15,15,40,0],"gold":40,"neow_bonus":"TWENTY_PERCENT_HP_BONUS","is_prod":false,"is_daily":false,"chose_seed":false,"campfire_upgraded":0,"win_rate":0,"timestamp":1559816677,"path_taken":["M","?","?","?","?","E","R","E","T","M","M","R","E","?","R","BOSS","M","M","?","$","?","R","M"],"build_version":"2019-01-23","purchased_purges":0,"victory":false,"max_hp_per_floor":[85,85,85,85,85,85,85,85,85,85,85,85,85,85,85,85,85,85,85,85,85,85,85,85],"card_choices":[{"not_picked":["Stack","Barrage"],"picked":"Capacitor","floor":1},{"not_picked":["Conserve Battery","Go for the Eyes"],"picked":"Ball Lightning","floor":3},{"not_picked":["Scrape","Doom and Gloom"],"picked":"Core Surge","floor":6},{"not_picked":["Ball Lightning","Heatsinks","Turbo"],"picked":"SKIP","floor":8},{"not_picked":["Redo","Tempest"],"picked":"Gash","floor":10},{"not_picked":["Steam","Streamline"],"picked":"Gash","floor":11},{"not_picked":["Force Field","Turbo"],"picked":"Loop","floor":13},{"not_picked":["Machine Learning","Hyperbeam"],"picked":"Echo Form","floor":16},{"not_picked":["Sweeping Beam","Heatsinks"],"picked":"Reinforced Body","floor":18},{"not_picked":["Streamline","Redo"],"picked":"Genetic Algorithm","floor":19}],"player_experience":638119,"relics_obtained":[{"floor":2,"key":"Incense Burner"},{"floor":4,"key":"Vajra"},{"floor":6,"key":"Ginger"},{"floor":8,"key":"WingedGreaves"},{"floor":9,"key":"Darkstone Periapt"},{"floor":13,"key":"Kunai"}],"event_choices":[{"damage_healed":0,"gold_gain":0,"player_choice":"Relic","damage_taken":0,"max_hp_gain":0,"max_hp_loss":0,"event_name":"Wheel of Change","floor":2,"gold_loss":0},{"cards_removed":["Strike_B"],"damage_healed":0,"gold_gain":0,"player_choice":"Card Removal","damage_taken":0,"max_hp_gain":0,"max_hp_loss":0,"event_name":"The Cleric","floor":14,"gold_loss":75},{"damage_healed":0,"gold_gain":0,"player_choice":"Ignored","damage_taken":0,"max_hp_gain":0,"max_hp_loss":0,"event_name":"Cursed Tome","floor":20,"gold_loss":0},{"damage_healed":0,"gold_gain":0,"cards_transformed":["Strike_B","Strike_B"],"player_choice":"Became Test Subject","damage_taken":0,"max_hp_gain":0,"max_hp_loss":0,"event_name":"Drug Dealer","floor":22,"gold_loss":0,"cards_obtained":["Fusion","Defragment"]}],"is_beta":false,"boss_relics":[{"not_picked":["Coffee Dripper","Orrery"],"picked":"Astrolabe"}],"items_purged_floors":[],"is_endless":false,"potions_floor_spawned":[3,10,13,19],"killed_by":"Centurion and Healer","ascension_level":18}