{"gold_per_floor":[112,112,129,147,97,97,197,222,291,303,322,322,333,348,348,450,450,468,480,580,595,595,595,615,615],"floor_reached":25,"playtime":858,"items_purged":[],"score":197,"play_id":"b2311c5a-1a32-455e-8192-dd260aa19e06","local_time":"20180816131535","is_ascension_mode":false,"campfire_choices":[{"data":"Seeing Red","floor":6,"key":"SMITH"},{"data":"Bash","floor":12,"key":"SMITH"},{"data":"Shrug It Off","floor":15,"key":"SMITH"},{"data":"Feed","floor":23,"key":"SMITH"}],"neow_cost":"","seed_source_timestamp":19029060334124,"circlet_count":0,"master_deck":["Strike_R","Strike_R","Strike_R","Defend_R","Defend_R","Defend_R","Defend_R","Bash+1","Pommel Strike","Cleave","Seeing Red+1","True Grit","Shrug It Off+1","Feed+1","Carnage+1","Cleave","Dropkick+1"],"relics":["Burning Blood","Odd Mushroom","Question Card","Eternal Feather"],"potions_floor_usage":[13,16,19],"damage_taken":[{"damage":3,"enemies":"Small Slimes","floor":1,"turns":4},{"damage":1,"enemies":"Cultist","floor":3,"turns":3},{"damage":6,"enemies":"Jaw Worm","floor":4,"turns":3},{"damage":5,"floor":8,"turns":4},{"damage":1,"enemies":"2 Fungi Beasts","floor":10,"turns":3},{"damage":14,"enemies":"3 Louse","floor":11,"turns":2},{"damage":9,"enemies":"Lots of Slimes","floor":13,"turns":3},{"damage":0,"enemies":"Looter","floor":14,"turns":2},{"damage":58,"enemies":"The Guardian","floor":16,"turns":14},{"damage":36,"enemies":"3 Byrds","floor":18,"turns":8},{"damage":10,"enemies":"Chosen","floor":19,"turns":4},{"damage":24,"enemies":"Centurion and Healer","floor":21,"turns":8},{"damage":31,"enemies":"3 Cultists","floor":24,"turns":6},{"damage":29,"enemies":"Sentry and Sphere","floor":25,"turns":5}],"seed_played":"2551436690257589876","potions_obtained":[{"floor":2,"key":"Dexterity Potion"},{"floor":2,"key":"Weak Potion"},{"floor":2,"key":"BloodPotion"},{"floor":3,"key":"Energy Potion"},{"floor":8,"key":"Fire Potion"},{"floor":13,"key":"FearPotion"},{"floor":16,"key":"LiquidBronze"},{"floor":24,"key":"Ancient Potion"}],"is_trial":false,"path_per_floor":["M","?","M","M","?","R","?","?","T","M","M","R","M","M","R","B",null,"M","M","?","M","?","R","M"],"character_chosen":"IRONCLAD","items_purchased":[],"campfire_rested":0,"item_purchase_floors":[],"current_hp_per_floor":[80,80,80,80,80,80,80,80,80,80,72,72,77,80,80,28,80,53,49,49,34,34,43,22,0],"gold":615,"neow_bonus":"","is_prod":false,"is_daily":false,"chose_seed":false,"campfire_upgraded":4,"win_rate":0,"timestamp":1534396535,"path_taken":["M","?","M","M","?","R","?","?","T","M","M","R","M","M","R","BOSS","M","M","?","M","?","R","?","M"],"build_version":"2018-08-09","purchased_purges":0,"victory":false,"max_hp_per_floor":[80,80,80,80,80,80,80,80,80,80,80,80,80,80,80,80,80,83,83,83,86,86,86,90,94],"card_choices":[{"not_picked":["Warcry","Pummel"],"picked":"Pommel Strike","floor":1},{"not_picked":["Entrench","Iron Wave"],"picked":"Cleave","floor":3},{"not_picked":["Havoc","Combust"],"picked":"Seeing Red","floor":4},{"not_picked":["Spot Weakness","Combust","Headbutt"],"picked":"True Grit","floor":10},{"not_picked":["Clothesline","True Grit","Burning Pact","Havoc"],"picked":"SKIP","floor":11},{"not_picked":["Anger","Body Slam","Clash"],"picked":"Shrug It Off","floor":13},{"not_picked":["Intimidate","Brutality","Heavy Blade","Body Slam"],"picked":"SKIP","floor":14},{"not_picked":["Juggernaut","Demon Form","Fiend Fire"],"picked":"Feed","floor":16},{"not_picked":["Clothesline","Wild Strike+1","Armaments"],"picked":"Carnage+1","floor":18},{"not_picked":["Armaments","Iron Wave+1","Metallicize+1","Blood for Blood+1"],"picked":"SKIP","floor":19},{"not_picked":["Flex","Reckless Charge","Pommel Strike"],"picked":"Cleave","floor":21},{"not_picked":["Inflame","Demon Form","Fire Breathing"],"picked":"Dropkick+1","floor":24}],"player_experience":472857,"relics_obtained":[{"floor":8,"key":"Odd Mushroom"},{"floor":9,"key":"Question Card"}],"event_choices":[{"event_name":"The Lab","player_choice":"Got Potions","floor":2,"damage_taken":0},{"event_name":"The Cleric","player_choice":"Card Removal","floor":5,"damage_taken":0},{"event_name":"Golden Shrine","player_choice":"Pray","floor":7,"damage_taken":0},{"event_name":"Mushrooms","player_choice":"Fought Mushrooms","floor":8,"damage_taken":0},{"event_name":"Golden Shrine","player_choice":"Pray","floor":20,"damage_taken":0},{"event_name":"Purifier","player_choice":"One Purge","floor":22,"damage_taken":0}],"is_beta":false,"boss_relics":[{"not_picked":["Snecko Eye","Astrolabe"],"picked":"Eternal Feather"}],"items_purged_floors":[],"is_endless":false,"potions_floor_spawned":[3,8,11,13,16,18,24],"killed_by":"Sentry and Sphere","ascension_level":0}