{"gold_per_floor":[112,127,127,139,158,186,186,201,225,225,225,263,263,286,286,286],"floor_reached":16,"playtime":553,"items_purged":[],"score":179,"play_id":"3262d3a8-0a1b-49c3-8071-bd09bd7fb6e8","local_time":"20181215003135","is_ascension_mode":true,"campfire_choices":[{"data":"Immolate","floor":7,"key":"SMITH"},{"floor":11,"key":"REST"},{"data":"Shrug It Off","floor":13,"key":"SMITH"},{"data":"Bash","floor":15,"key":"SMITH"}],"neow_cost":"NONE","seed_source_timestamp":194971121875918,"circlet_count":0,"master_deck":["AscendersBane","Strike_R","Strike_R","Strike_R","Strike_R","Strike_R","Defend_R","Defend_R","Defend_R","Defend_R","Bash+1","Clash","Clash","Cleave","Immolate+1","Shrug It Off+1","Twin Strike"],"relics":["Burning Blood","Strawberry","Gremlin Horn","Juzu Bracelet","Golden Idol","Blood Vial"],"potions_floor_usage":[14],"damage_taken":[{"damage":0,"enemies":"2 Louse","floor":1,"turns":3},{"damage":1,"enemies":"Cultist","floor":2,"turns":3},{"damage":3,"enemies":"Jaw Worm","floor":4,"turns":4},{"damage":12,"enemies":"Looter","floor":5,"turns":3},{"damage":65,"enemies":"Lagavulin","floor":6,"turns":8},{"damage":13,"enemies":"Large Slime","floor":8,"turns":3},{"damage":15,"enemies":"3 Sentries","floor":12,"turns":4},{"damage":0,"enemies":"Exordium Thugs","floor":14,"turns":2},{"damage":47,"enemies":"Hexaghost","floor":16,"turns":9}],"seed_played":"-1249423907127617926","potions_obtained":[{"floor":2,"key":"SteroidPotion"},{"floor":3,"key":"EssenceOfSteel"},{"floor":3,"key":"Explosive Potion"},{"floor":3,"key":"Swift Potion"},{"floor":6,"key":"AttackPotion"},{"floor":14,"key":"Fruit Juice"}],"is_trial":false,"path_per_floor":["M","M","?","M","M","E","R","M","T","?","R","E","R","M","R","B"],"character_chosen":"IRONCLAD","items_purchased":[],"campfire_rested":1,"item_purchase_floors":[],"current_hp_per_floor":[85,87,87,87,81,22,22,15,15,15,39,30,30,43,43,0],"gold":286,"neow_bonus":"RANDOM_COMMON_RELIC","is_prod":false,"is_daily":false,"chose_seed":false,"campfire_upgraded":3,"win_rate":0,"timestamp":1544805095,"path_taken":["M","M","?","M","?","E","R","M","T","?","R","E","R","M","R","BOSS"],"build_version":"2018-12-13","purchased_purges":0,"victory":false,"max_hp_per_floor":[87,87,87,87,87,87,87,87,87,81,81,81,81,86,86,86],"card_choices":[{"not_picked":["Wild Strike","Feel No Pain","Flex"],"picked":"SKIP","floor":1},{"not_picked":["Pummel","Thunderclap"],"picked":"Clash","floor":2},{"not_picked":["Havoc","Anger"],"picked":"Clash","floor":4},{"not_picked":["Flex","Fire Breathing"],"picked":"Cleave","floor":5},{"not_picked":["Carnage","Wild Strike"],"picked":"Immolate","floor":6},{"not_picked":["Fire Breathing","Twin Strike"],"picked":"Shrug It Off","floor":8},{"not_picked":["True Grit","Sever Soul"],"picked":"Twin Strike","floor":12},{"not_picked":["True Grit","Clothesline","Uppercut"],"picked":"SKIP","floor":14}],"player_experience":566681,"relics_obtained":[{"floor":6,"key":"Gremlin Horn"},{"floor":9,"key":"Juzu Bracelet"},{"floor":12,"key":"Blood Vial"}],"event_choices":[{"damage_healed":0,"gold_gain":0,"player_choice":"Got Potions","damage_taken":0,"max_hp_gain":0,"max_hp_loss":0,"event_name":"Lab","floor":3,"gold_loss":0},{"damage_healed":0,"gold_gain":0,"player_choice":"Lose Max HP","damage_taken":0,"relics_obtained":["Golden Idol"],"max_hp_gain":0,"max_hp_loss":6,"event_name":"Golden Idol","floor":10,"gold_loss":0}],"is_beta":false,"boss_relics":[],"items_purged_floors":[],"is_endless":false,"potions_floor_spawned":[2,6,14],"killed_by":"Hexaghost","ascension_level":12}