{"gold_per_floor":[112,112,37,48,68,68,80,96,148,163,188,153,188,207,207,310,310,323,248,266,63,80,80,100,100,172,172,185,185,85,102,102,201,201,218,230,35,83,183,208,208,208,208,243,255,255,165,176,176,176],"floor_reached":51,"playtime":3407,"items_purged":["Strike_G","Bouncing Flask+1","Defend_G"],"score":974,"play_id":"de82cb7d-4a0a-4ff7-b550-84ec9a59d76f","local_time":"20190609100516","is_ascension_mode":true,"campfire_choices":[{"data":"Accuracy","floor":6,"key":"SMITH"},{"data":"A Thousand Cuts","floor":15,"key":"SMITH"},{"data":"After Image","floor":23,"key":"SMITH"},{"data":"Finisher","floor":25,"key":"SMITH"},{"data":"Blade Dance","floor":27,"key":"SMITH"},{"data":"Blade Dance","floor":32,"key":"SMITH"},{"data":"Accuracy","floor":41,"key":"SMITH"},{"data":"Panacea","floor":46,"key":"SMITH"},{"data":"Adrenaline","floor":49,"key":"SMITH"}],"neow_cost":"PERCENT_DAMAGE","seed_source_timestamp":142646384803141,"circlet_count":0,"master_deck":["Defend_G+1","Defend_G","Strike_G+1","Survivor","Neutralize","Panacea+1","Blind","Blade Dance+1","Accuracy+1","A Thousand Cuts+1","Blade Dance+1","Deflect","Blade Dance+1","After Image+1","Malaise+1","Acrobatics+1","All Out Attack+1","Infinite Blades","Escape Plan","Finisher+1","Choke+1","Ghostly","Ghostly","Ghostly","Ghostly","Ghostly","Adrenaline+1","Blade Dance+1","Terror+1","Accuracy+1","Blade Dance+1","Blade Dance+1","Blade Dance+1"],"relics":["Ring of the Snake","Omamori","Pantograph","Oddly Smooth Stone","Astrolabe","MealTicket","Shuriken","Sozu","Incense Burner","Ginger","Anchor","Thread and Needle","Juzu Bracelet","Potion Belt"],"potions_floor_usage":[11,11,16,28,33,33],"damage_taken":[{"damage":0,"enemies":"2 Louse","floor":1,"turns":4},{"damage":0,"enemies":"Small Slimes","floor":4,"turns":3},{"damage":2,"enemies":"Jaw Worm","floor":5,"turns":4},{"damage":0,"enemies":"Large Slime","floor":7,"turns":5},{"damage":3,"enemies":"Gremlin Gang","floor":8,"turns":5},{"damage":9,"enemies":"Red Slaver","floor":10,"turns":3},{"damage":7,"enemies":"Gremlin Nob","floor":11,"turns":3},{"damage":22,"enemies":"3 Sentries","floor":13,"turns":5},{"damage":0,"enemies":"Large Slime","floor":14,"turns":6},{"damage":14,"enemies":"Slime Boss","floor":16,"turns":6},{"damage":9,"enemies":"2 Thieves","floor":18,"turns":4},{"damage":0,"enemies":"Chosen","floor":20,"turns":4},{"damage":8,"enemies":"Snecko","floor":22,"turns":5},{"damage":12,"enemies":"Snake Plant","floor":24,"turns":5},{"damage":0,"enemies":"Shelled Parasite and Fungi","floor":28,"turns":4},{"damage":0,"enemies":"Cultist and Chosen","floor":31,"turns":6},{"damage":4,"enemies":"Collector","floor":33,"turns":7},{"damage":22,"enemies":"3 Shapes","floor":35,"turns":3},{"damage":0,"enemies":"Orb Walker","floor":36,"turns":4},{"damage":0,"enemies":"2 Orb Walkers","floor":38,"turns":5},{"damage":0,"enemies":"Mind Bloom Boss Battle","floor":39,"turns":3},{"damage":0,"enemies":"Giant Head","floor":40,"turns":6},{"damage":0,"enemies":"Reptomancer","floor":44,"turns":5},{"damage":0,"enemies":"Writhing Mass","floor":45,"turns":6},{"damage":0,"enemies":"Transient","floor":48,"turns":5},{"damage":23,"enemies":"Awakened One","floor":50,"turns":9}],"seed_played":"3685566912590174612","potions_obtained":[{"floor":7,"key":"PowerPotion"},{"floor":10,"key":"AttackPotion"},{"floor":11,"key":"SpeedPotion"},{"floor":22,"key":"AttackPotion"},{"floor":24,"key":"Block Potion"},{"floor":28,"key":"SkillPotion"}],"is_trial":false,"path_per_floor":["M","?","$","M","M","R","M","M","T","M","E","?","E","M","R","B",null,"M","?","M","$","M","R","M","R","T","R","M","?","$","M","R","B",null,"M","M","$","?","?","E","R","T","T","E","M","R","?","M","R","B",null],"character_chosen":"THE_SILENT","items_purchased":["MealTicket","Accuracy"],"campfire_rested":0,"item_purchase_floors":[21,37],"current_hp_per_floor":[49,35,35,35,33,33,33,30,30,21,14,31,9,9,9,20,58,49,49,49,49,41,41,29,29,29,29,29,29,35,35,35,31,34,12,12,27,27,35,35,35,35,35,35,35,35,35,35,35,12],"gold":176,"neow_bonus":"RANDOM_COLORLESS_2","is_prod":false,"is_daily":false,"chose_seed":false,"campfire_upgraded":9,"win_rate":0,"timestamp":1560045916,"path_taken":["M","?","$","M","M","R","M","M","T","M","E","?","E","M","R","BOSS","M","?","M","$","M","R","M","R","T","R","M","?","$","M","R","BOSS","M","M","$","?","?","E","R","?","T","E","M","R","?","M","R","BOSS"],"build_version":"2019-01-23","purchased_purges":3,"victory":true,"max_hp_per_floor":[70,70,70,70,70,70,70,70,70,70,70,70,70,70,70,70,70,70,70,70,70,70,70,70,70,70,70,70,35,35,35,35,35,35,35,35,35,35,35,35,35,35,35,35,35,35,35,35,35,35],"card_choices":[{"not_picked":["Finisher","Deadly Poison"],"picked":"Blade Dance","floor":1},{"not_picked":["Acrobatics","PiercingWail","Deadly Poison"],"picked":"SKIP","floor":4},{"not_picked":["Quick Slash","Cloak And Dagger"],"picked":"Accuracy","floor":5},{"not_picked":["Bouncing Flask","Prepared"],"picked":"A Thousand Cuts","floor":7},{"not_picked":["Heel Hook","Outmaneuver","Prepared"],"picked":"SKIP","floor":8},{"not_picked":["Slice","Finisher"],"picked":"Blade Dance","floor":10},{"not_picked":["Poisoned Stab","Eviscerate","Bouncing Flask"],"picked":"SKIP","floor":11},{"not_picked":["Riddle With Holes","Slice"],"picked":"Deflect","floor":13},{"not_picked":["Slice","Deflect"],"picked":"Blade Dance","floor":14},{"not_picked":["Venomology","Tools of the Trade"],"picked":"After Image","floor":16},{"not_picked":["Sucker Punch","Prepared+1"],"picked":"All Out Attack+1","floor":18},{"not_picked":["Prepared","Heel Hook+1"],"picked":"Infinite Blades","floor":20},{"not_picked":["Dodge and Roll","Deadly Poison+1"],"picked":"Escape Plan","floor":22},{"not_picked":["Sucker Punch","Distraction"],"picked":"Finisher","floor":24},{"not_picked":["Infinite Blades","Distraction"],"picked":"Choke+1","floor":28},{"not_picked":["Heel Hook+1","Backflip","PiercingWail"],"picked":"SKIP","floor":31},{"not_picked":["Doppelganger","Unload"],"picked":"Adrenaline","floor":33},{"not_picked":["Dagger Spray+1","Cloak And Dagger+1"],"picked":"Blade Dance+1","floor":35},{"not_picked":["Slice","Bouncing Flask"],"picked":"Terror+1","floor":36},{"not_picked":["Flying Knee","Sucker Punch+1"],"picked":"Blade Dance+1","floor":38},{"not_picked":["Deflect","Slice+1"],"picked":"Blade Dance+1","floor":39},{"not_picked":["Bullet Time","Dagger Spray","Tactician"],"picked":"SKIP","floor":40},{"not_picked":["Acrobatics+1","Distraction","Quick Slash"],"picked":"SKIP","floor":44},{"not_picked":["Dagger Throw+1","Deflect+1","Slice+1"],"picked":"SKIP","floor":45},{"not_picked":["Backflip","Phantasmal Killer"],"picked":"Blade Dance+1","floor":48}],"player_experience":708666,"relics_obtained":[{"floor":9,"key":"Omamori"},{"floor":11,"key":"Pantograph"},{"floor":13,"key":"Oddly Smooth Stone"},{"floor":26,"key":"Shuriken"},{"floor":38,"key":"Incense Burner"},{"floor":39,"key":"Ginger"},{"floor":40,"key":"Anchor"},{"floor":42,"key":"Thread and Needle"},{"floor":43,"key":"Juzu Bracelet"},{"floor":44,"key":"Potion Belt"}],"event_choices":[{"damage_healed":0,"gold_gain":0,"player_choice":"Entered Light","damage_taken":14,"max_hp_gain":0,"max_hp_loss":0,"event_name":"Shining Light","floor":2,"gold_loss":0,"cards_upgraded":["Blade Dance","Strike_G"]},{"damage_healed":17,"gold_gain":0,"player_choice":"Healed","damage_taken":0,"max_hp_gain":0,"max_hp_loss":0,"event_name":"The Cleric","floor":12,"gold_loss":35},{"cards_removed":["Strike_G"],"damage_healed":0,"gold_gain":0,"player_choice":"Gave Gold","damage_taken":0,"max_hp_gain":0,"max_hp_loss":0,"event_name":"Beggar","floor":19,"gold_loss":75},{"damage_healed":0,"gold_gain":0,"player_choice":"Became a Ghost","damage_taken":0,"max_hp_gain":0,"max_hp_loss":35,"event_name":"Ghosts","floor":29,"gold_loss":0,"cards_obtained":["Ghostly","Ghostly","Ghostly","Ghostly","Ghostly"]},{"damage_healed":0,"gold_gain":0,"player_choice":"Fight","damage_taken":0,"max_hp_gain":0,"max_hp_loss":0,"event_name":"Mysterious Sphere","floor":38,"gold_loss":0},{"damage_healed":0,"gold_gain":0,"player_choice":"Fight","damage_taken":0,"max_hp_gain":0,"max_hp_loss":0,"event_name":"MindBloom","floor":39,"gold_loss":0},{"cards_removed":["Defend_G"],"damage_healed":0,"gold_gain":0,"player_choice":"Upgrade and Remove","damage_taken":0,"max_hp_gain":0,"max_hp_loss":0,"event_name":"Designer","floor":47,"gold_loss":90,"cards_upgraded":["Defend_G"]}],"is_beta":false,"boss_relics":[{"not_picked":["HoveringKite","Snecko Eye"],"picked":"Astrolabe"},{"not_picked":["Philosopher\u0027s Stone","Empty Cage"],"picked":"Sozu"}],"items_purged_floors":[3,30,37],"is_endless":false,"potions_floor_spawned":[7,10,11,22,24,28,36,38,39,40],"ascension_level":5}