{"gold_per_floor":[118,38,53,53,53,78,78,78,78,112,142,172,184,184,184,184],"floor_reached":16,"playtime":394,"items_purged":[],"score":275,"play_id":"186c9a8b-a285-4d28-a32f-2abd79baedb3","local_time":"20190614174306","is_ascension_mode":true,"campfire_choices":[{"data":"Undo","floor":8,"key":"SMITH"},{"floor":15,"key":"REST"}],"neow_cost":"NONE","seed_source_timestamp":136927415096844,"circlet_count":0,"master_deck":["AscendersBane","Strike_B","Strike_B","Strike_B","Strike_B","Defend_B","Defend_B+1","Defend_B","Zap","Dualcast+1","Hologram+1","Undo+1","Cold Snap","Hologram","Cold Snap","Cold Snap"],"relics":["Cracked Core","NeowsBlessing","Incense Burner","Dead Branch","War Paint","Tiny Chest","Ornamental Fan"],"potions_floor_usage":[10],"damage_taken":[{"damage":0,"enemies":"2 Louse","floor":1,"turns":1},{"damage":0,"enemies":"Jaw Worm","floor":3,"turns":1},{"damage":0,"enemies":"Gremlin Nob","floor":6,"turns":1},{"damage":11,"enemies":"3 Sentries","floor":10,"turns":6},{"damage":31,"enemies":"Lagavulin","floor":12,"turns":10},{"damage":0,"enemies":"Small Slimes","floor":13,"turns":2},{"damage":38,"enemies":"Hexaghost","floor":16,"turns":9}],"seed_played":"-1989391798315564403","potions_obtained":[{"floor":3,"key":"Swift Potion"},{"floor":6,"key":"AttackPotion"}],"is_trial":false,"path_per_floor":["M","$","M","?","?","E","$","R","T","E","T","E","M","?","R","B"],"character_chosen":"DEFECT","items_purchased":["Undo"],"campfire_rested":1,"item_purchase_floors":[2],"current_hp_per_floor":[64,64,64,57,57,57,57,57,57,46,46,15,15,15,36,0],"gold":184,"neow_bonus":"THREE_ENEMY_KILL","is_prod":false,"is_daily":false,"chose_seed":false,"campfire_upgraded":1,"win_rate":0,"timestamp":1560505386,"path_taken":["M","$","M","?","?","E","$","R","T","E","?","E","M","?","R","BOSS"],"build_version":"2019-01-23","purchased_purges":0,"victory":false,"max_hp_per_floor":[71,71,71,71,71,71,71,71,71,71,71,71,71,71,71,71],"card_choices":[{"not_picked":["Go for the Eyes","Conserve Battery"],"picked":"Hologram","floor":1},{"not_picked":["Compile Driver","Lockon"],"picked":"Cold Snap","floor":3},{"not_picked":["Creative AI","Redo","Conserve Battery"],"picked":"SKIP","floor":6},{"not_picked":["Ball Lightning","Rebound"],"picked":"Hologram","floor":10},{"not_picked":["Hologram","Tempest"],"picked":"Cold Snap","floor":12},{"not_picked":["Sweeping Beam","Turbo"],"picked":"Cold Snap","floor":13}],"player_experience":679115,"relics_obtained":[{"floor":6,"key":"Incense Burner"},{"floor":9,"key":"Dead Branch"},{"floor":10,"key":"War Paint"},{"floor":11,"key":"Tiny Chest"},{"floor":12,"key":"Ornamental Fan"}],"event_choices":[{"cards_removed":["Defend_B"],"damage_healed":0,"gold_gain":0,"player_choice":"Card Removal","damage_taken":7,"max_hp_gain":0,"max_hp_loss":0,"event_name":"Golden Wing","floor":4,"gold_loss":0},{"damage_healed":0,"gold_gain":0,"player_choice":"Ignored","damage_taken":0,"max_hp_gain":0,"max_hp_loss":0,"event_name":"Liars Game","floor":5,"gold_loss":0},{"damage_healed":0,"gold_gain":0,"player_choice":"Forge","damage_taken":0,"max_hp_gain":0,"max_hp_loss":0,"event_name":"Accursed Blacksmith","floor":14,"gold_loss":0,"cards_upgraded":["Dualcast"]}],"is_beta":false,"boss_relics":[],"items_purged_floors":[],"is_endless":false,"potions_floor_spawned":[3,6],"killed_by":"Hexaghost","ascension_level":19}