{"gold_per_floor":[118,118,131,56,71,71,86,96,96,96,109,120,143,161,161,256,256,274,287,85,99,99,99,119,119,119,44,44],"floor_reached":28,"playtime":1368,"items_purged":["Strike_B","Strike_B"],"score":268,"play_id":"9217e394-e1a7-4b59-a555-73b862506f33","local_time":"20180725121415","is_ascension_mode":true,"campfire_choices":[{"data":"Zap","floor":6,"key":"SMITH"},{"data":"Conserve Battery","floor":10,"key":"SMITH"},{"data":"Dualcast","floor":15,"key":"SMITH"},{"floor":23,"key":"REST"},{"floor":25,"key":"REST"}],"neow_cost":"NONE","seed_source_timestamp":311028092438296,"circlet_count":0,"master_deck":["Defend_B","Defend_B","Defend_B","Defend_B","Zap+1","Dualcast+1","Ball Lightning","Beam Cell","Compile Driver","Conserve Battery+1","Reboot","Genetic Algorithm","Darkness","Tempest","Turbo","Thunder Strike","Ball Lightning","Flash of Steel","Loop"],"relics":["Cracked Core","Shuriken","Odd Mushroom","Sozu","Bottled Flame"],"potions_floor_usage":[16,16,24],"damage_taken":[{"damage":3,"enemies":"2 Louse","floor":1,"turns":3},{"damage":2,"enemies":"Jaw Worm","floor":3,"turns":3},{"damage":0,"enemies":"Small Slimes","floor":5,"turns":2},{"damage":5,"enemies":"Exordium Wildlife","floor":7,"turns":3},{"damage":12,"enemies":"Large Slime","floor":8,"turns":5},{"damage":0,"enemies":"2 Fungi Beasts","floor":11,"turns":2},{"damage":1,"enemies":"3 Louse","floor":12,"turns":3},{"damage":6,"floor":13,"turns":4},{"damage":6,"enemies":"Exordium Wildlife","floor":14,"turns":4},{"damage":17,"enemies":"Hexaghost","floor":16,"turns":9},{"damage":2,"enemies":"Chosen","floor":18,"turns":4},{"damage":16,"enemies":"3 Byrds","floor":19,"turns":4},{"damage":13,"enemies":"Snecko","floor":21,"turns":4},{"damage":18,"enemies":"Chosen and Byrds","floor":24,"turns":5},{"damage":47,"enemies":"Book of Stabbing","floor":28,"turns":4}],"seed_played":"-6574200214061656658","potions_obtained":[{"floor":1,"key":"Fire Potion"},{"floor":8,"key":"Block Potion"},{"floor":11,"key":"EssenceOfSteel"},{"floor":14,"key":"Fire Potion"}],"is_trial":false,"path_per_floor":["M","?","M","$","M","R","M","M","T","R","M","M","?","M","R","B",null,"M","M","$","M","?","R","M","R","T","?"],"character_chosen":"DEFECT","items_purchased":["Flash of Steel"],"campfire_rested":2,"item_purchase_floors":[20],"current_hp_per_floor":[72,72,70,70,70,70,65,53,53,53,53,52,46,40,40,23,62,60,44,44,31,17,41,23,47,47,47,0],"gold":44,"neow_bonus":"REMOVE_CARD","is_prod":false,"is_daily":false,"chose_seed":false,"campfire_upgraded":3,"win_rate":0,"timestamp":1532492055,"path_taken":["M","?","M","$","M","R","M","M","T","R","?","M","?","M","R","BOSS","M","M","$","M","?","R","?","R","T","?","E"],"build_version":"2018-07-19v2","purchased_purges":2,"victory":false,"max_hp_per_floor":[75,75,75,75,75,75,75,75,75,75,75,75,75,75,75,75,75,75,75,75,75,80,80,80,80,80,80,80],"card_choices":[{"not_picked":["Glacier","Leap"],"picked":"Ball Lightning","floor":1},{"not_picked":["Barrage","Recycle"],"picked":"Beam Cell","floor":3},{"not_picked":["Ball Lightning","Leap"],"picked":"Compile Driver","floor":5},{"not_picked":["Barrage","Ball Lightning"],"picked":"Conserve Battery","floor":7},{"not_picked":["Go for the Eyes","Beam Cell"],"picked":"Reboot","floor":8},{"not_picked":["Chill","Redo"],"picked":"Genetic Algorithm","floor":11},{"not_picked":["Leap","Redo"],"picked":"Darkness","floor":12},{"not_picked":["Hello World","Steam Power"],"picked":"Tempest","floor":13},{"not_picked":["Heatsinks","Skim"],"picked":"Turbo","floor":14},{"not_picked":["Echo Form","Biased Cognition"],"picked":"Thunder Strike","floor":16},{"not_picked":["Coolheaded","Hologram","Sweeping Beam"],"picked":"SKIP","floor":18},{"not_picked":["Sweeping Beam+1","Stack"],"picked":"Ball Lightning","floor":19},{"not_picked":["Recycle","Hologram","Cold Snap"],"picked":"SKIP","floor":21},{"not_picked":["Stack","Redo"],"picked":"Loop","floor":24}],"player_experience":244127,"relics_obtained":[{"floor":9,"key":"Shuriken"},{"floor":13,"key":"Odd Mushroom"},{"floor":26,"key":"Bottled Flame"}],"event_choices":[{"event_name":"Golden Idol","player_choice":"Ignored","floor":2,"damage_taken":0},{"event_name":"Mushrooms","player_choice":"Fought Mushrooms","floor":13,"damage_taken":0},{"event_name":"Forgotten Altar","player_choice":"Shed Blood","floor":22,"damage_taken":0},{"event_name":"Beggar","player_choice":"Gave Gold","floor":27,"damage_taken":0}],"is_beta":false,"boss_relics":[{"not_picked":["Coffee Dripper","Velvet Choker"],"picked":"Sozu"}],"items_purged_floors":[4,20],"is_endless":false,"potions_floor_spawned":[1,8,11,14,18,24],"killed_by":"Book of Stabbing","ascension_level":5}