{"gold_per_floor":[119,132,142,67,82,110,126,126,126,126,159,159,184,202,202,297,297,310,327,338,350,361,361,394,394,394,394,408,146,146,83,83,183,183,197,211,221,232,232,232,252,252],"floor_reached":42,"playtime":2544,"items_purged":["Defend_B","Strike_B","Strike_B"],"score":516,"play_id":"e1a40ddb-3ba5-4986-9903-9df2a520da7e","local_time":"20190602013631","is_ascension_mode":true,"campfire_choices":[{"floor":10,"key":"REST"},{"floor":12,"key":"REST"},{"floor":15,"key":"REST"},{"floor":23,"key":"REST"},{"data":"Loop","floor":25,"key":"SMITH"},{"data":"Electrodynamics","floor":27,"key":"SMITH"},{"data":"Self Repair","floor":30,"key":"SMITH"},{"floor":32,"key":"REST"},{"floor":40,"key":"REST"}],"neow_cost":"NONE","seed_source_timestamp":22383379532700,"circlet_count":0,"master_deck":["Strike_B","Defend_B+1","Zap+1","Dualcast","Ball Lightning","Conserve Battery","Loop+1","Cold Snap","Cold Snap","Storm","Regret","Redo","Cold Snap","Conserve Battery","Electrodynamics+1","Cold Snap+1","Leap+1","Melter","Glacier","Self Repair+1","White Noise","Echo Form","Biased Cognition+1","Double Energy+1","Scrape+1","Static Discharge","Hologram","Parasite"],"relics":["Black Star","Meat on the Bone","Potion Belt","Sundial","Ancient Tea Set","Kunai","Singing Bowl","War Paint","Dream Catcher","Velvet Choker","Nunchaku","Bottled Tornado","Bag of Marbles","Membership Card","Astrolabe"],"potions_floor_usage":[6,11,13,24,33,41,42,42],"damage_taken":[{"damage":10,"enemies":"Cultist","floor":1,"turns":4},{"damage":6,"enemies":"Jaw Worm","floor":2,"turns":3},{"damage":3,"enemies":"Small Slimes","floor":3,"turns":3},{"damage":3,"enemies":"Looter","floor":5,"turns":3},{"damage":21,"enemies":"Gremlin Nob","floor":6,"turns":4},{"damage":11,"enemies":"Large Slime","floor":7,"turns":7},{"damage":19,"enemies":"Lagavulin","floor":11,"turns":5},{"damage":9,"enemies":"3 Sentries","floor":13,"turns":6},{"damage":27,"enemies":"Gremlin Gang","floor":14,"turns":4},{"damage":47,"enemies":"Slime Boss","floor":16,"turns":12},{"damage":11,"enemies":"Chosen","floor":18,"turns":5},{"damage":15,"enemies":"Spheric Guardian","floor":19,"turns":4},{"damage":9,"enemies":"3 Cultists","floor":20,"turns":4},{"damage":10,"enemies":"Chosen and Byrds","floor":21,"turns":5},{"damage":15,"enemies":"Snecko","floor":22,"turns":6},{"damage":30,"enemies":"Book of Stabbing","floor":24,"turns":9},{"damage":2,"enemies":"Centurion and Healer","floor":28,"turns":3},{"damage":57,"enemies":"Automaton","floor":33,"turns":15},{"damage":16,"enemies":"3 Shapes","floor":35,"turns":3},{"damage":20,"enemies":"3 Darklings","floor":36,"turns":5},{"damage":31,"enemies":"Jaw Worm Horde","floor":37,"turns":3},{"damage":27,"enemies":"4 Shapes","floor":38,"turns":5},{"damage":12,"enemies":"Writhing Mass","floor":41,"turns":6},{"damage":149,"enemies":"Giant Head","floor":42,"turns":12}],"seed_played":"-557421674081076795","potions_obtained":[{"floor":1,"key":"FairyPotion"},{"floor":5,"key":"PowerPotion"},{"floor":7,"key":"AttackPotion"},{"floor":11,"key":"AttackPotion"},{"floor":18,"key":"SpeedPotion"},{"floor":22,"key":"GamblersBrew"},{"floor":36,"key":"Dexterity Potion"},{"floor":37,"key":"Energy Potion"},{"floor":41,"key":"SneckoOil"}],"is_trial":false,"path_per_floor":["M","M","M","$","M","E","M","?","T","R","E","R","E","M","R","B",null,"M","M","M","M","M","R","E","R","T","R","M","$","R","$","R","B",null,"M","M","M","M","?","R","M","E"],"character_chosen":"DEFECT","items_purchased":["Membership Card","White Noise"],"campfire_rested":6,"item_purchase_floors":[29,29],"current_hp_per_floor":[65,59,56,56,53,32,33,33,33,55,48,70,63,48,71,36,77,66,51,42,46,45,69,51,51,51,51,49,49,49,49,75,40,83,79,71,64,49,49,75,75,0],"gold":252,"neow_bonus":"BOSS_RELIC","is_prod":false,"is_daily":false,"chose_seed":false,"campfire_upgraded":3,"win_rate":0,"timestamp":1559450191,"path_taken":["M","M","M","$","M","E","M","?","T","R","E","R","E","M","R","BOSS","M","M","M","M","M","R","E","R","T","R","M","$","R","$","R","BOSS","M","M","M","M","?","R","?","E"],"build_version":"2019-01-23","purchased_purges":3,"victory":false,"max_hp_per_floor":[75,75,75,75,75,75,75,75,75,75,75,75,77,77,77,77,77,77,77,77,79,81,81,81,81,81,81,81,81,81,81,83,83,83,85,87,89,89,89,89,91,91],"card_choices":[{"not_picked":["Steam","Redo"],"picked":"Ball Lightning","floor":1},{"not_picked":["Loop","Sweeping Beam"],"picked":"Conserve Battery","floor":2},{"not_picked":["Stack","Doom and Gloom"],"picked":"Loop","floor":3},{"not_picked":["Gash","Auto Shields"],"picked":"Cold Snap","floor":5},{"not_picked":["Reprogram","Streamline"],"picked":"Cold Snap","floor":6},{"not_picked":["Force Field","Streamline"],"picked":"Storm","floor":7},{"not_picked":["Stack","Go for the Eyes"],"picked":"Redo","floor":11},{"not_picked":["FTL","Hello World","Steam Power"],"picked":"Singing Bowl","floor":13},{"not_picked":["Streamline","Stack"],"picked":"Cold Snap","floor":14},{"not_picked":["Capacitor","Reboot"],"picked":"Conserve Battery","floor":15},{"not_picked":["Multi-Cast","Core Surge"],"picked":"Electrodynamics","floor":16},{"not_picked":["Rebound","Sweeping Beam"],"picked":"Cold Snap+1","floor":18},{"not_picked":["Sunder+1","Steam"],"picked":"Leap+1","floor":19},{"not_picked":["Turbo","Sweeping Beam+1"],"picked":"Melter","floor":20},{"not_picked":["Chill","Barrage","Redo"],"picked":"Singing Bowl","floor":21},{"not_picked":["Aggregate","Coolheaded+1","Stack"],"picked":"Singing Bowl","floor":22},{"not_picked":["Chill+1","Hologram+1"],"picked":"Glacier","floor":23},{"not_picked":["Chill","Hello World","Streamline"],"picked":"SKIP","floor":24},{"not_picked":["Reprogram","Electrodynamics"],"picked":"Self Repair","floor":28},{"not_picked":["Compile Driver","Recycle","Beam Cell"],"picked":"Singing Bowl","floor":32},{"not_picked":["Core Surge","Multi-Cast"],"picked":"Echo Form","floor":33},{"not_picked":["Redo","Rebound","Barrage"],"picked":"Singing Bowl","floor":35},{"not_picked":["Turbo+1","Steam Power","Aggregate"],"picked":"Singing Bowl","floor":36},{"not_picked":["Beam Cell","Recycle","Sunder"],"picked":"Singing Bowl","floor":37},{"not_picked":["Leap","Hologram"],"picked":"Static Discharge","floor":38},{"not_picked":["Steam+1","Hyperbeam"],"picked":"Hologram","floor":40},{"not_picked":["Rebound","Hologram+1","Doom and Gloom"],"picked":"Singing Bowl","floor":41}],"player_experience":214114,"relics_obtained":[{"floor":6,"key":"Meat on the Bone"},{"floor":6,"key":"Potion Belt"},{"floor":9,"key":"Ancient Tea Set"},{"floor":11,"key":"Kunai"},{"floor":11,"key":"Singing Bowl"},{"floor":13,"key":"War Paint"},{"floor":13,"key":"Dream Catcher"},{"floor":24,"key":"Nunchaku"},{"floor":24,"key":"Bottled Tornado"},{"floor":26,"key":"Bag of Marbles"}],"event_choices":[{"damage_healed":0,"gold_gain":0,"player_choice":"Box","damage_taken":0,"relics_obtained":["Sundial"],"max_hp_gain":0,"max_hp_loss":0,"event_name":"Big Fish","floor":8,"gold_loss":0,"cards_obtained":["Regret"]},{"damage_healed":0,"gold_gain":0,"player_choice":"Ignored","damage_taken":0,"max_hp_gain":0,"max_hp_loss":0,"event_name":"SecretPortal","floor":39,"gold_loss":0}],"is_beta":false,"boss_relics":[{"not_picked":["Eternal Feather","Orrery"],"picked":"Velvet Choker"},{"not_picked":["Cursed Key","Snecko Eye"],"picked":"Astrolabe"}],"items_purged_floors":[4,29,31],"is_endless":false,"potions_floor_spawned":[1,5,7,11,18,22,24,36,37,41],"killed_by":"Giant Head","ascension_level":1}