{"gold_per_floor":[110,35,35,35,35,64,64,80,80,80,110,135,35,54,54,149,149,169,194,69,81,81],"floor_reached":22,"playtime":1109,"items_purged":["Strike_B","Strike_B","Strike_B"],"score":190,"play_id":"46294565-a511-4576-acaf-8915f97eb546","local_time":"20180816164448","is_ascension_mode":false,"campfire_choices":[{"data":"Zap","floor":7,"key":"SMITH"},{"data":"Hologram","floor":10,"key":"SMITH"},{"floor":15,"key":"REST"}],"neow_cost":"NONE","seed_source_timestamp":31329917272648,"circlet_count":0,"master_deck":["Strike_B+1","Defend_B","Defend_B","Defend_B+1","Defend_B","Zap+1","Dualcast+1","Gash+1","Hologram+1","Gash","Conserve Battery","Biased Cognition","Melter","White Noise","Sunder"],"relics":["Cracked Core","Bottled Lightning","Blue Candle","Gremlin Horn","Odd Mushroom","Black Star","Red Mask"],"potions_floor_usage":[16,19],"damage_taken":[{"damage":0,"enemies":"2 Louse","floor":1,"turns":2},{"damage":17,"enemies":"3 Sentries","floor":6,"turns":7},{"damage":0,"enemies":"Cultist","floor":8,"turns":3},{"damage":15,"enemies":"Lagavulin","floor":11,"turns":5},{"damage":4,"floor":12,"turns":4},{"damage":0,"enemies":"Jaw Worm","floor":14,"turns":2},{"damage":30,"enemies":"Hexaghost","floor":16,"turns":10},{"damage":29,"enemies":"3 Byrds","floor":18,"turns":5},{"damage":21,"floor":19,"turns":6},{"damage":3,"enemies":"Shell Parasite","floor":21,"turns":4},{"damage":23,"enemies":"Centurion and Healer","floor":22,"turns":3}],"seed_played":"6983771906919187220","potions_obtained":[{"floor":12,"key":"Poison Potion"},{"floor":14,"key":"Energy Potion"},{"floor":16,"key":"Dexterity Potion"}],"is_trial":false,"path_per_floor":["M","$","?","?","$","E","R","M","T","R","E","?","$","M","R","B",null,"M","?","$","M"],"character_chosen":"DEFECT","items_purchased":[],"campfire_rested":1,"item_purchase_floors":[],"current_hp_per_floor":[75,75,75,60,60,43,43,43,43,43,28,24,24,24,46,16,75,46,25,25,22,0],"gold":81,"neow_bonus":"UPGRADE_CARD","is_prod":false,"is_daily":false,"chose_seed":false,"campfire_upgraded":2,"win_rate":0,"timestamp":1534409088,"path_taken":["M","$","?","?","?","E","R","M","T","R","E","?","?","M","R","BOSS","M","?","$","M","M"],"build_version":"2018-08-09","purchased_purges":3,"victory":false,"max_hp_per_floor":[75,75,75,75,75,75,75,75,75,75,75,75,75,75,75,75,75,75,75,75,75,75],"card_choices":[{"not_picked":["Ball Lightning","Barrage"],"picked":"Gash","floor":1},{"not_picked":["Ball Lightning","Self Repair","Lockon"],"picked":"SKIP","floor":6},{"not_picked":["Reinforced Body","Force Field"],"picked":"Hologram","floor":8},{"not_picked":["Chaos","Barrage"],"picked":"Gash","floor":11},{"not_picked":["Steam Power","Ball Lightning"],"picked":"Conserve Battery","floor":12},{"not_picked":["Barrage","Heatsinks","Chaos"],"picked":"SKIP","floor":14},{"not_picked":["All For One","Amplify"],"picked":"Biased Cognition","floor":16},{"not_picked":["Conserve Battery+1","Leap"],"picked":"Melter","floor":18},{"not_picked":["Go for the Eyes","Aggregate"],"picked":"White Noise","floor":19},{"not_picked":["Stack+1","Beam Cell"],"picked":"Sunder","floor":21}],"player_experience":477143,"relics_obtained":[{"floor":6,"key":"Bottled Lightning"},{"floor":9,"key":"Blue Candle"},{"floor":11,"key":"Gremlin Horn"},{"floor":12,"key":"Odd Mushroom"},{"floor":19,"key":"Red Mask"}],"event_choices":[{"event_name":"Accursed Blacksmith","player_choice":"Forge","floor":3,"damage_taken":0},{"event_name":"Shining Light","player_choice":"Entered Light","floor":4,"damage_taken":0},{"event_name":"Mushrooms","player_choice":"Fought Mushrooms","floor":12,"damage_taken":0},{"event_name":"Masked Bandits","player_choice":"Fought Bandits","floor":19,"damage_taken":0}],"is_beta":false,"boss_relics":[{"not_picked":["FrozenCore","Velvet Choker"],"picked":"Black Star"}],"items_purged_floors":[2,13,20],"is_endless":false,"potions_floor_spawned":[12,14,16],"killed_by":"Centurion and Healer","ascension_level":0}