{"gold_per_floor":[116,116,116,133,133,133,164,201,288,313,325,355,367,395,407,539,551,587,620,557,576,259,259],"floor_reached":23,"playtime":1487,"items_purged":["Strike_G","Strike_G"],"score":294,"play_id":"34b511d2-57b9-48df-a7f9-898a2ea7b28d","local_time":"20190609121142","is_ascension_mode":true,"campfire_choices":[{"data":"Blur","floor":6,"key":"SMITH"},{"data":"Blade Dance","floor":11,"key":"SMITH"},{"data":"Prepared","floor":15,"key":"SMITH"}],"neow_cost":"NONE","seed_source_timestamp":152165926485230,"circlet_count":0,"master_deck":["Defend_G","Defend_G+1","Defend_G","Defend_G","Defend_G","Strike_G","Strike_G+1","Strike_G","Survivor","Neutralize","Blade Dance+1","Blur+1","Backstab","Prepared+1","Slice","Backstab","Tactician","Corpse Explosion","Blade Dance+1","Catalyst","Acrobatics+1","Tactician","Bouncing Flask","Backstab"],"relics":["Ring of the Snake","NeowsBlessing","Golden Idol","MawBank","Sundial","Sozu"],"potions_floor_usage":[16,16,16],"damage_taken":[{"damage":0,"enemies":"Small Slimes","floor":1,"turns":1},{"damage":0,"enemies":"2 Louse","floor":4,"turns":1},{"damage":0,"enemies":"Gremlin Nob","floor":7,"turns":1},{"damage":0,"enemies":"Jaw Worm","floor":8,"turns":4},{"damage":1,"enemies":"Exordium Wildlife","floor":10,"turns":4},{"damage":1,"enemies":"3 Louse","floor":12,"turns":3},{"damage":0,"enemies":"Looter","floor":14,"turns":2},{"damage":45,"enemies":"The Guardian","floor":16,"turns":22},{"damage":2,"enemies":"Chosen","floor":18,"turns":6},{"damage":7,"enemies":"3 Byrds","floor":19,"turns":3},{"damage":35,"enemies":"Snecko","floor":21,"turns":8},{"damage":16,"enemies":"Book of Stabbing","floor":23,"turns":3}],"seed_played":"-4522596366979333693","potions_obtained":[{"floor":4,"key":"Ancient Potion"},{"floor":8,"key":"LiquidBronze"},{"floor":12,"key":"SkillPotion"},{"floor":14,"key":"Fire Potion"}],"is_trial":false,"path_per_floor":["M","?","?","M","?","R","E","M","T","M","R","M","?","M","R","B",null,"M","M","$","M","$","E"],"character_chosen":"THE_SILENT","items_purchased":["Tactician","Bouncing Flask","Backstab"],"campfire_rested":0,"item_purchase_floors":[22,22,22],"current_hp_per_floor":[63,68,53,53,53,53,53,53,53,52,52,51,51,51,51,6,53,51,44,44,9,9,0],"gold":259,"neow_bonus":"THREE_ENEMY_KILL","is_prod":false,"is_daily":false,"chose_seed":false,"campfire_upgraded":3,"win_rate":0,"timestamp":1560053502,"path_taken":["M","?","?","M","?","R","E","M","T","M","R","?","?","M","R","BOSS","M","M","$","M","$","E"],"build_version":"2019-01-23","purchased_purges":2,"victory":false,"max_hp_per_floor":[70,75,75,75,69,69,69,69,69,69,69,69,69,69,69,69,69,69,69,69,69,69,69],"card_choices":[{"not_picked":["Prepared","Outmaneuver"],"picked":"Blade Dance","floor":1},{"not_picked":["Slice","Outmaneuver"],"picked":"Blur","floor":4},{"not_picked":["Phantasmal Killer","Predator"],"picked":"Backstab","floor":7},{"not_picked":["Choke","Flying Knee"],"picked":"Prepared","floor":8},{"not_picked":["Outmaneuver","Dagger Throw"],"picked":"Slice","floor":10},{"not_picked":["Flying Knee","Deflect"],"picked":"Backstab","floor":12},{"not_picked":["Expertise","Backflip"],"picked":"Tactician","floor":14},{"not_picked":["Unload","Glass Knife"],"picked":"Corpse Explosion","floor":16},{"not_picked":["Quick Slash","Bane"],"picked":"Blade Dance+1","floor":18},{"not_picked":["Slice","Poisoned Stab+1"],"picked":"Catalyst","floor":19},{"not_picked":["Leg Sweep","Skewer+1"],"picked":"Acrobatics+1","floor":21}],"player_experience":716859,"relics_obtained":[{"floor":7,"key":"MawBank"},{"floor":9,"key":"Sundial"}],"event_choices":[{"damage_healed":0,"gold_gain":0,"player_choice":"Donut","damage_taken":0,"max_hp_gain":5,"max_hp_loss":0,"event_name":"Big Fish","floor":2,"gold_loss":0},{"damage_healed":0,"gold_gain":0,"player_choice":"Entered Light","damage_taken":15,"max_hp_gain":0,"max_hp_loss":0,"event_name":"Shining Light","floor":3,"gold_loss":0,"cards_upgraded":["Defend_G","Strike_G"]},{"damage_healed":0,"gold_gain":0,"player_choice":"Lose Max HP","damage_taken":0,"relics_obtained":["Golden Idol"],"max_hp_gain":0,"max_hp_loss":6,"event_name":"Golden Idol","floor":5,"gold_loss":0},{"damage_healed":0,"gold_gain":0,"player_choice":"Ignored","damage_taken":0,"max_hp_gain":0,"max_hp_loss":0,"event_name":"Liars Game","floor":13,"gold_loss":0}],"is_beta":false,"boss_relics":[{"not_picked":["HoveringKite","Black Star"],"picked":"Sozu"}],"items_purged_floors":[20,22],"is_endless":false,"potions_floor_spawned":[4,8,12,14,18,19],"killed_by":"Book of Stabbing","ascension_level":7}