{"gold_per_floor":[111,111,111,36,53,53,65,165,165,165,176,176,190,204,204,204],"floor_reached":16,"playtime":956,"items_purged":["Strike_G"],"score":133,"play_id":"f84d69a6-a11d-4481-901c-8e26b386da15","local_time":"20190611072822","is_ascension_mode":true,"campfire_choices":[{"data":"Crippling Poison","floor":6,"key":"SMITH"},{"data":"Tactician","floor":10,"key":"SMITH"},{"data":"Survivor","floor":12,"key":"SMITH"},{"data":"Bane","floor":15,"key":"SMITH"}],"neow_cost":"NONE","seed_source_timestamp":25197414782800,"circlet_count":0,"master_deck":["Defend_G","Defend_G","Defend_G","Defend_G","Strike_G","Strike_G","Strike_G","Survivor+1","Neutralize","Crippling Poison+1","Acrobatics","Tactician+1","Bane+1","Acrobatics","Prepared","Cloak And Dagger"],"relics":["Ring of the Snake","Ninja Scroll"],"potions_floor_usage":[16,16],"damage_taken":[{"damage":0,"enemies":"2 Louse","floor":1,"turns":3},{"damage":0,"enemies":"Small Slimes","floor":5,"turns":3},{"damage":0,"enemies":"Cultist","floor":7,"turns":4},{"damage":0,"enemies":"Large Slime","floor":11,"turns":5},{"damage":6,"enemies":"2 Fungi Beasts","floor":13,"turns":2},{"damage":0,"enemies":"Looter","floor":14,"turns":3},{"damage":75,"enemies":"The Guardian","floor":16,"turns":19}],"seed_played":"-2228042368980657822","potions_obtained":[{"floor":5,"key":"Energy Potion"},{"floor":7,"key":"Block Potion"}],"is_trial":false,"path_per_floor":["M","?","?","$","M","R","M","?","T","R","M","R","M","M","R","B"],"character_chosen":"THE_SILENT","items_purchased":[],"campfire_rested":0,"item_purchase_floors":[],"current_hp_per_floor":[63,56,61,61,61,61,61,61,61,61,61,61,55,55,55,0],"gold":204,"neow_bonus":"TRANSFORM_CARD","is_prod":false,"is_daily":false,"chose_seed":false,"campfire_upgraded":4,"win_rate":0,"timestamp":1560209302,"path_taken":["M","?","?","$","M","R","M","?","T","R","M","R","M","M","R","BOSS"],"build_version":"2019-01-23","purchased_purges":1,"victory":false,"max_hp_per_floor":[70,70,75,75,75,75,75,75,75,75,75,75,75,75,75,75],"card_choices":[{"not_picked":["Backflip","Eviscerate"],"picked":"Acrobatics","floor":1},{"not_picked":["PiercingWail","Bane"],"picked":"Tactician","floor":5},{"not_picked":["Dagger Spray","Backstab"],"picked":"Bane","floor":7},{"not_picked":["Infinite Blades","Flying Knee"],"picked":"Acrobatics","floor":11},{"not_picked":["Eviscerate","Dagger Spray"],"picked":"Prepared","floor":13},{"not_picked":["Terror","Underhanded Strike"],"picked":"Cloak And Dagger","floor":14}],"player_experience":768093,"relics_obtained":[{"floor":9,"key":"Ninja Scroll"}],"event_choices":[{"cards_removed":["Defend_G"],"damage_healed":0,"gold_gain":0,"player_choice":"Card Removal","damage_taken":7,"max_hp_gain":0,"max_hp_loss":0,"event_name":"Golden Wing","floor":2,"gold_loss":0},{"damage_healed":0,"gold_gain":0,"player_choice":"Donut","damage_taken":0,"max_hp_gain":5,"max_hp_loss":0,"event_name":"Big Fish","floor":3,"gold_loss":0},{"damage_healed":0,"gold_gain":100,"player_choice":"Pray","damage_taken":0,"max_hp_gain":0,"max_hp_loss":0,"event_name":"Golden Shrine","floor":8,"gold_loss":0}],"is_beta":false,"boss_relics":[],"items_purged_floors":[4],"is_endless":false,"potions_floor_spawned":[5,7],"killed_by":"The Guardian","ascension_level":9}