{"gold_per_floor":[16,31,47,47,61,61,71,71,71,86,121,46,46,46,46,151,151,165,179,79,97,110,140,140,140],"floor_reached":25,"playtime":2047,"items_purged":["Defend_R","Heavy Blade"],"score":350,"play_id":"6652781d-7d6a-4fa2-b3bf-9519fed5d781","local_time":"20180815113929","is_ascension_mode":true,"campfire_choices":[{"data":"Flame Barrier","floor":6,"key":"SMITH"},{"data":"Bash","floor":8,"key":"SMITH"},{"data":"Havoc","floor":13,"key":"SMITH"},{"data":"Shrug It Off","floor":15,"key":"SMITH"},{"data":"Double Tap","floor":24,"key":"SMITH"}],"neow_cost":"NO_GOLD","seed_source_timestamp":101505108066702,"circlet_count":0,"master_deck":["Bash+1","Havoc+1","Headbutt","Flame Barrier+1","Inflame","Shrug It Off+1","Double Tap+1","Cleave","Intimidate","Clothesline","Carnage","True Grit","Pommel Strike+1","Bloodletting+1"],"relics":["Burning Blood","Girya","Thread and Needle","Turnip","Pandora\u0027s Box","Vajra"],"potions_floor_usage":[21,22,25],"damage_taken":[{"damage":1,"enemies":"Cultist","floor":1,"turns":3},{"damage":7,"enemies":"Small Slimes","floor":2,"turns":4},{"damage":3,"enemies":"2 Louse","floor":3,"turns":3},{"damage":10,"enemies":"2 Fungi Beasts","floor":5,"turns":3},{"damage":7,"enemies":"Exordium Wildlife","floor":7,"turns":4},{"damage":0,"enemies":"Blue Slaver","floor":10,"turns":3},{"damage":6,"enemies":"Lagavulin","floor":11,"turns":10},{"damage":18,"enemies":"The Guardian","floor":16,"turns":11},{"damage":0,"enemies":"3 Byrds","floor":18,"turns":1},{"damage":10,"enemies":"2 Thieves","floor":19,"turns":4},{"damage":9,"enemies":"Centurion and Healer","floor":21,"turns":6},{"damage":10,"enemies":"Cultist and Chosen","floor":22,"turns":4},{"damage":3,"enemies":"Book of Stabbing","floor":23,"turns":6},{"damage":85,"enemies":"Slavers","floor":25,"turns":9}],"seed_played":"3092482319532097940","potions_obtained":[{"floor":5,"key":"Strength Potion"},{"floor":7,"key":"BloodPotion"},{"floor":10,"key":"Fire Potion"},{"floor":22,"key":"Energy Potion"}],"is_trial":false,"path_per_floor":["M","M","M","?","M","R","M","R","T","M","E","$","R","$","R","B",null,"M","M","$","M","M","E","R"],"character_chosen":"IRONCLAD","items_purchased":[],"campfire_rested":0,"item_purchase_floors":[],"current_hp_per_floor":[77,76,79,72,68,68,67,67,67,73,73,73,73,73,73,61,75,80,76,76,80,76,79,79,0],"gold":140,"neow_bonus":"TRANSFORM_TWO_CARDS","is_prod":false,"is_daily":false,"chose_seed":false,"campfire_upgraded":5,"win_rate":0,"timestamp":1534304369,"path_taken":["M","?","M","?","M","R","M","R","T","M","E","?","R","$","R","BOSS","M","M","$","M","M","E","R","E"],"build_version":"2018-08-09","purchased_purges":2,"victory":false,"max_hp_per_floor":[80,80,80,80,80,80,80,80,80,80,80,80,80,80,80,80,80,80,80,80,80,80,80,80,80],"card_choices":[{"not_picked":["Armaments","Heavy Blade","Wild Strike"],"picked":"SKIP","floor":1},{"not_picked":["Shockwave","Sword Boomerang","Clash"],"picked":"SKIP","floor":2},{"not_picked":["Headbutt","Corruption"],"picked":"Flame Barrier","floor":3},{"not_picked":["Headbutt","Iron Wave"],"picked":"Inflame","floor":5},{"not_picked":["Sword Boomerang","Flex"],"picked":"Shrug It Off","floor":7},{"not_picked":["Thunderclap","Anger","Flex"],"picked":"SKIP","floor":10},{"not_picked":["Brutality","Iron Wave","Searing Blow"],"picked":"SKIP","floor":11},{"not_picked":["Dark Embrace","Berserk"],"picked":"Double Tap","floor":16},{"not_picked":["Searing Blow","Iron Wave","Warcry"],"picked":"SKIP","floor":18},{"not_picked":["Havoc","Headbutt"],"picked":"Pommel Strike+1","floor":19},{"not_picked":["Body Slam","Burning Pact+1"],"picked":"Bloodletting+1","floor":21},{"not_picked":["Brutality","Perfected Strike","Uppercut+1"],"picked":"SKIP","floor":22},{"not_picked":["Fire Breathing","Warcry","Wild Strike"],"picked":"SKIP","floor":23}],"player_experience":448124,"relics_obtained":[{"floor":9,"key":"Thread and Needle"},{"floor":11,"key":"Turnip"},{"floor":23,"key":"Vajra"}],"event_choices":[{"event_name":"Scrap Ooze","player_choice":"success","floor":4,"damage_taken":7}],"is_beta":false,"boss_relics":[{"not_picked":["Snecko Eye","Black Blood"],"picked":"Pandora\u0027s Box"}],"items_purged_floors":[12,20],"is_endless":false,"potions_floor_spawned":[5,7,10,11,18,19,22],"killed_by":"Slavers","ascension_level":8}