{"path_per_floor":["M","M","?","M","M","R","M","R","T","E","M","?","R","M","R","B",null,"M","M","$","M","T","R","M","?","T","R","E","M","R","M","R","B",null,"M","?","?","$","M","R","M","M","T","M","M","R","$","?","R","B"],"character_chosen":"DEFECT","items_purchased":["DataDisk","Anchor","Symbiotic Virus"],"gold_per_floor":[115,131,131,145,159,159,179,179,179,205,221,175,175,186,186,287,287,306,318,25,44,114,114,129,129,183,183,248,258,258,276,276,378,378,398,398,398,76,86,86,104,117,169,185,199,199,99,99,99,99],"floor_reached":51,"campfire_rested":4,"playtime":2648,"current_hp_per_floor":[67,56,23,23,22,44,43,65,65,56,56,56,56,56,56,45,68,52,50,50,50,50,50,50,75,75,75,55,55,75,68,68,68,73,71,71,71,71,69,69,62,62,62,44,44,66,66,66,66,55],"items_purged":["Strike_B","Strike_B"],"gold":99,"score":1026,"play_id":"e3aefbe6-d3e1-4e00-9713-d5f5da2840b1","local_time":"20180430185542","is_prod":false,"is_daily":false,"chose_seed":false,"is_ascension_mode":true,"campfire_upgraded":7,"timestamp":1525132542,"path_taken":["M","M","?","?","M","R","M","R","T","E","M","?","R","M","R","BOSS","M","M","$","M","?","R","M","?","T","R","E","?","R","M","R","BOSS","M","?","?","$","M","R","M","?","T","M","M","R","?","?","R","BOSS"],"build_version":"2018-04-27v3","seed_source_timestamp":283021362536765,"purchased_purges":2,"victory":true,"master_deck":["Strike_B+1","Strike_B+1","Defend_B","Defend_B","Defend_B","Defend_B","Zap+1","Barrage+1","Chill","Glacier+1","Barrage+1","Echo Form+1","Sweeping Beam","Cold Snap","Leap","Leap","Glacier","Barrage+1","Impulse+1","Defragment+1","Blizzard+1"],"max_hp_per_floor":[75,75,75,75,75,75,75,75,75,75,75,75,75,75,75,75,75,75,75,75,75,75,75,75,75,75,75,75,75,75,75,75,75,75,75,75,75,75,75,75,75,75,75,75,75,75,75,75,75,75],"relics":["Cracked Core","Whetstone","Gambling Chip","Du-Vu Doll","Thread and Needle","Inserter","DataDisk","Anchor","Bottled Lightning","Orichalcum","Tiny Chest","Sozu","Symbiotic Virus","Juzu Bracelet"],"card_choices":[{"not_picked":["Capacitor","Stack"],"picked":"Barrage","floor":1},{"not_picked":["Axe Kick","Turbo"],"picked":"Chill","floor":2},{"not_picked":["Conserve Battery","Impulse"],"picked":"Glacier","floor":4},{"not_picked":["Leap","Go for the Eyes"],"picked":"Barrage","floor":5},{"not_picked":["Beam Cell","Rip and Tear"],"picked":"Echo Form","floor":7},{"not_picked":["Axe Kick","Storm"],"picked":"Sweeping Beam","floor":10},{"not_picked":["Skim","Sweeping Beam"],"picked":"Cold Snap","floor":11},{"not_picked":["Barrage","Scrape"],"picked":"Leap","floor":14},{"not_picked":["Capacitor","Impulse"],"picked":"Leap","floor":18},{"not_picked":["FTL","Blaster"],"picked":"Glacier","floor":24},{"not_picked":["Blaster","Static Discharge"],"picked":"Barrage","floor":28},{"not_picked":["Turbo","Machine Learning"],"picked":"Impulse","floor":29},{"not_picked":["Streamline","Turbo"],"picked":"Defragment","floor":31},{"not_picked":["Beam Cell","Stack"],"picked":"Blizzard","floor":44}],"player_experience":123450,"potions_floor_usage":[16,16,16,33],"damage_taken":[{"damage":1,"enemies":"Cultist","floor":1,"turns":3},{"damage":11,"enemies":"2 Louse","floor":2,"turns":3},{"damage":0,"enemies":"Small Slimes","floor":4,"turns":2},{"damage":1,"enemies":"Blue Slaver","floor":5,"turns":4},{"damage":1,"enemies":"Red Slaver","floor":7,"turns":3},{"damage":9,"enemies":"Lagavulin","floor":10,"turns":7},{"damage":0,"enemies":"Exordium Wildlife","floor":11,"turns":3},{"damage":0,"enemies":"Looter","floor":14,"turns":3},{"damage":11,"enemies":"Hexaghost","floor":16,"turns":7},{"damage":16,"enemies":"3 Byrds","floor":18,"turns":5},{"damage":2,"enemies":"Shell Parasite","floor":19,"turns":6},{"damage":0,"enemies":"Snake Plant","floor":21,"turns":6},{"damage":0,"enemies":"Cultist and Chosen","floor":24,"turns":5},{"damage":20,"enemies":"Book of Stabbing","floor":28,"turns":8},{"damage":0,"enemies":"Centurion and Healer","floor":29,"turns":6},{"damage":7,"enemies":"3 Cultists","floor":31,"turns":5},{"damage":0,"enemies":"Automaton","floor":33,"turns":10},{"damage":2,"enemies":"Flame Bruiser 1 Orb","floor":35,"turns":6},{"damage":2,"enemies":"3 Darklings","floor":39,"turns":5},{"damage":7,"enemies":"Spire Growth","floor":41,"turns":5},{"damage":0,"enemies":"Sphere and 2 Shapes","floor":42,"turns":5},{"damage":18,"enemies":"4 Shapes","floor":44,"turns":7},{"damage":0,"enemies":"3 Darklings","floor":45,"turns":7},{"damage":11,"enemies":"Donu and Deca","floor":50,"turns":12}],"event_choices":[{"event_name":"Scrap Ooze","player_choice":"success","floor":3,"damage_taken":33},{"event_name":"World of Goop","player_choice":"Left","floor":12,"damage_taken":0},{"event_name":"The Library","player_choice":"Heal","floor":25,"damage_taken":0},{"event_name":"Tomb of Lord Red Mask","player_choice":"Ignored","floor":37,"damage_taken":0},{"event_name":"Mysterious Sphere","player_choice":"Ignore","floor":48,"damage_taken":0}],"boss_relics":[{"not_picked":["Philosopher\u0027s Stone","Calling Bell"],"picked":"Inserter"},{"not_picked":["Black Star","Velvet Choker"],"picked":"Sozu"}],"potions_floor_spawned":[5,11,14,24,31,33,35,41],"seed_played":"-6265573105655105813","ascension_level":9,"is_trial":false}