{"path_per_floor":["M","?","$","M","M","R","M","R","T","E","R","$","?","?","R","B",null,"M","$","M","M","?","R","M","R","T","M","?","M","R","?","R"],"character_chosen":"THE_SILENT","items_purchased":[],"gold_per_floor":[119,119,44,60,80,80,100,100,100,133,133,33,33,33,33,110,110,128,3,19,34,34,34,54,54,79,89,89,99,99,99,99],"floor_reached":33,"campfire_rested":4,"playtime":1521,"current_hp_per_floor":[59,46,46,46,40,40,37,37,37,15,33,33,15,8,26,19,52,52,52,30,39,39,39,23,41,41,41,41,32,32,32,50],"items_purged":["Parasite","Strike_G","Strike_G"],"gold":99,"score":417,"play_id":"8f8023ae-e469-46fb-bef6-d2693acd3ade","local_time":"20180322153647","is_prod":false,"is_daily":false,"is_ascension_mode":true,"campfire_upgraded":4,"timestamp":1521751007,"path_taken":["M","?","$","?","M","R","M","R","T","E","R","?","?","?","R","BOSS","M","$","?","M","?","R","M","R","T","M","?","M","R","?","R","BOSS"],"build_version":"2018-03-15v3","purchased_purges":3,"victory":false,"master_deck":["Defend_G","Defend_G","Defend_G","Defend_G","Defend_G","Strike_G","Strike_G+1","Survivor","Neutralize+1","Dodge and Roll+1","Predator","Malaise+1","Noxious Fumes+1","Backflip+1"],"max_hp_per_floor":[66,66,63,63,63,63,63,63,63,63,63,63,63,63,63,63,63,63,63,63,63,63,63,63,63,63,63,63,63,63,63,63],"relics":["Ring of the Snake","Torii","Ninja Scroll","Dream Catcher","Snecko Eye","Snake Skull"],"card_choices":[{"not_picked":["Dagger Spray","Bane"],"picked":"Dodge and Roll"},{"not_picked":["Acrobatics","Dagger Spray"],"picked":"Predator"},{"not_picked":["Underhanded Strike","PiercingWail"],"picked":"Malaise"},{"not_picked":["Poisoned Stab","Blade Dance"],"picked":"Noxious Fumes"},{"not_picked":["Accuracy","Slice"],"picked":"Backflip"}],"player_experience":326781,"potions_floor_usage":[21,33,33,33],"damage_taken":[{"damage":0,"enemies":"2 Louse","floor":1,"turns":4},{"damage":0,"enemies":"Cultist","floor":4,"turns":4},{"damage":6,"enemies":"Small Slimes","floor":5,"turns":3},{"damage":3,"enemies":"Blue Slaver","floor":7,"turns":3},{"damage":22,"enemies":"3 Sentries","floor":10,"turns":7},{"damage":7,"enemies":"The Guardian","floor":16,"turns":12},{"damage":0,"enemies":"3 Byrds","floor":18,"turns":5},{"damage":22,"enemies":"Spheric Guardian","floor":20,"turns":7},{"damage":3,"enemies":"Centurion and Healer","floor":21,"turns":7},{"damage":16,"enemies":"Slaver and Parasite","floor":24,"turns":8},{"damage":0,"enemies":"Snecko","floor":27,"turns":6},{"damage":9,"enemies":"Centurion and Healer","floor":29,"turns":9},{"damage":54,"enemies":"Collector","floor":33,"turns":5}],"event_choices":[{"event_name":"Shining Light","player_choice":"Entered Light","floor":2,"damage_taken":0},{"event_name":"Scrap Ooze","player_choice":"success","floor":13,"damage_taken":18},{"event_name":"Golden Wing","player_choice":"Card Removal","floor":14,"damage_taken":0},{"event_name":"The Mausoleum","player_choice":"No","floor":22,"damage_taken":0},{"event_name":"Drug Dealer","player_choice":"Ignored","floor":28,"damage_taken":0},{"event_name":"Vampires","player_choice":"Ignored","floor":31,"damage_taken":0}],"boss_relics":[{"not_picked":["Black Star","Astrolabe"],"picked":"Snecko Eye"}],"potions_floor_spawned":[4,16,18,20,27],"seed_played":"5157235120856169818","killed_by":"Collector","ascension_level":14,"is_trial":false}