{"gold_per_floor":[110,35,46,46,58,58,87,87,87,114,114,146,164,144,144,243,243,254,154,170,45,58,58,93,93,93,119,119],"floor_reached":28,"playtime":1258,"items_purged":["Strike_B","Strike_B","Strike_B"],"score":318,"play_id":"0c063ad2-11b1-49e6-93ab-e38b544d45ac","local_time":"20180726181305","is_ascension_mode":true,"campfire_choices":[{"data":"Dualcast","floor":6,"key":"SMITH"},{"data":"Auto Shields","floor":8,"key":"SMITH"},{"data":"Sunder","floor":11,"key":"SMITH"},{"floor":15,"key":"REST"},{"data":"Gash","floor":23,"key":"SMITH"},{"floor":25,"key":"REST"}],"neow_cost":"NONE","seed_source_timestamp":419068202417886,"circlet_count":0,"master_deck":["Strike_B","Defend_B","Defend_B","Defend_B","Defend_B","Zap+1","Dualcast+1","Auto Shields+1","Gash","Gash","Gash+1","Sunder+1","Echo Form","FTL+1"],"relics":["Cracked Core","Symbiotic Virus","Shuriken","Blood Vial","Lantern","Nuclear Battery","Pen Nib","Bottled Flame","Red Mask"],"potions_floor_usage":[16,16,16,18,24,27],"damage_taken":[{"damage":9,"enemies":"Small Slimes","floor":1,"turns":3},{"damage":0,"enemies":"Jaw Worm","floor":3,"turns":3},{"damage":0,"enemies":"2 Louse","floor":5,"turns":3},{"damage":17,"enemies":"3 Sentries","floor":7,"turns":8},{"damage":5,"enemies":"Gremlin Nob","floor":10,"turns":3},{"damage":20,"enemies":"Lagavulin","floor":12,"turns":5},{"damage":0,"enemies":"Large Slime","floor":13,"turns":4},{"damage":38,"enemies":"Hexaghost","floor":16,"turns":6},{"damage":11,"enemies":"Spheric Guardian","floor":18,"turns":4},{"damage":11,"enemies":"3 Byrds","floor":20,"turns":4},{"damage":7,"enemies":"Cultist and Chosen","floor":22,"turns":4},{"damage":32,"enemies":"Book of Stabbing","floor":24,"turns":5},{"damage":0,"floor":27,"turns":2},{"damage":33,"enemies":"Slavers","floor":28,"turns":3}],"seed_played":"-8236154740699830734","potions_obtained":[{"floor":1,"key":"SpeedPotion"},{"floor":10,"key":"SteroidPotion"},{"floor":12,"key":"Fire Potion"},{"floor":16,"key":"Poison Potion"},{"floor":22,"key":"Weak Potion"},{"floor":24,"key":"Explosive Potion"}],"is_trial":false,"path_per_floor":["M","$","M","?","M","R","E","R","T","E","R","E","M","?","R","B",null,"M","$","M","$","M","R","E","R","T","?"],"character_chosen":"DEFECT","items_purchased":[],"campfire_rested":2,"item_purchase_floors":[],"current_hp_per_floor":[66,66,66,66,66,66,49,49,49,44,44,26,28,28,50,14,60,51,51,42,42,37,37,7,29,29,31,0],"gold":119,"neow_bonus":"UPGRADE_CARD","is_prod":false,"is_daily":false,"chose_seed":false,"campfire_upgraded":4,"win_rate":0,"timestamp":1532599985,"path_taken":["M","$","M","?","M","R","E","R","T","E","R","E","M","?","R","BOSS","M","$","M","$","M","R","E","R","T","?","E"],"build_version":"2018-07-19v2","purchased_purges":3,"victory":false,"max_hp_per_floor":[75,75,75,75,75,75,75,75,75,75,75,75,75,75,75,75,75,75,75,75,75,75,75,75,75,75,75,75],"card_choices":[{"not_picked":["Sweeping Beam","Rebound"],"picked":"Auto Shields","floor":1},{"not_picked":["Leap","Cold Snap"],"picked":"Gash","floor":3},{"not_picked":["Ball Lightning","Streamline"],"picked":"Gash","floor":5},{"not_picked":["Defragment","Lockon"],"picked":"Gash","floor":7},{"not_picked":["Genetic Algorithm","Cold Snap"],"picked":"Sunder","floor":10},{"not_picked":["Recycle","Sweeping Beam","Rebound"],"picked":"SKIP","floor":12},{"not_picked":["Stack","Double Energy","Meteor Strike"],"picked":"SKIP","floor":13},{"not_picked":["All For One","Biased Cognition"],"picked":"Echo Form","floor":16},{"not_picked":["Hologram","Beam Cell"],"picked":"FTL+1","floor":18},{"not_picked":["Stack","Steam","Barrage"],"picked":"SKIP","floor":20},{"not_picked":["Steam","Turbo","Barrage"],"picked":"SKIP","floor":22},{"not_picked":["Compile Driver","Streamline","Lockon"],"picked":"SKIP","floor":24}],"player_experience":254155,"relics_obtained":[{"floor":7,"key":"Symbiotic Virus"},{"floor":9,"key":"Shuriken"},{"floor":10,"key":"Blood Vial"},{"floor":12,"key":"Lantern"},{"floor":24,"key":"Pen Nib"},{"floor":26,"key":"Bottled Flame"},{"floor":27,"key":"Red Mask"}],"event_choices":[{"event_name":"Liars Game","player_choice":"disagreed","floor":4,"damage_taken":0},{"event_name":"World of Goop","player_choice":"Left","floor":14,"damage_taken":0},{"event_name":"Masked Bandits","player_choice":"Fought over 93 gold","floor":27,"damage_taken":0}],"is_beta":false,"boss_relics":[{"not_picked":["Empty Cage","Fusion Hammer"],"picked":"Nuclear Battery"}],"items_purged_floors":[2,19,21],"is_endless":false,"potions_floor_spawned":[1,10,12,16,22,24],"killed_by":"Slavers","ascension_level":5}