{"gold_per_floor":[12,32,32,46,63,63,82,92,92,92,92,107,119,44,44,44],"floor_reached":16,"playtime":856,"items_purged":["Strike_R"],"score":125,"play_id":"9b98976e-bba1-48c1-82f6-ba942000f627","local_time":"20180814182232","is_ascension_mode":true,"campfire_choices":[{"data":"Entrench","floor":6,"key":"SMITH"},{"data":"Body Slam","floor":10,"key":"SMITH"},{"data":"Defend_R","floor":15,"key":"SMITH"}],"neow_cost":"NO_GOLD","seed_source_timestamp":40484504781906,"circlet_count":0,"master_deck":["Strike_R","Strike_R","Defend_R+1","Defend_R","Defend_R","Bash","Carnage","Clash","Entrench+1","Body Slam","Body Slam+1"],"relics":["Burning Blood","Torii"],"potions_floor_usage":[5,12,16,16],"damage_taken":[{"damage":0,"enemies":"Small Slimes","floor":1,"turns":3},{"damage":2,"enemies":"Jaw Worm","floor":2,"turns":3},{"damage":0,"enemies":"2 Louse","floor":4,"turns":2},{"damage":5,"enemies":"2 Fungi Beasts","floor":5,"turns":4},{"damage":24,"enemies":"Exordium Thugs","floor":7,"turns":6},{"damage":13,"enemies":"Large Slime","floor":8,"turns":7},{"damage":1,"enemies":"2 Fungi Beasts","floor":12,"turns":3},{"damage":6,"enemies":"Lots of Slimes","floor":13,"turns":5},{"damage":56,"enemies":"Hexaghost","floor":16,"turns":11}],"seed_played":"3160202611826767379","potions_obtained":[{"floor":1,"key":"EssenceOfSteel"},{"floor":2,"key":"Swift Potion"},{"floor":4,"key":"SkillPotion"},{"floor":12,"key":"PowerPotion"},{"floor":13,"key":"Energy Potion"}],"is_trial":false,"path_per_floor":["M","M","$","M","M","R","M","M","T","R","?","M","M","$","R"],"character_chosen":"IRONCLAD","items_purchased":[],"campfire_rested":0,"item_purchase_floors":[],"current_hp_per_floor":[78,80,80,80,80,80,62,55,55,55,48,53,53,53,53,0],"gold":44,"neow_bonus":"REMOVE_TWO","is_prod":false,"is_daily":false,"chose_seed":false,"campfire_upgraded":3,"win_rate":0,"timestamp":1534242152,"path_taken":["M","M","$","M","M","R","M","M","T","R","?","M","M","$","R","BOSS"],"build_version":"2018-08-09","purchased_purges":1,"victory":false,"max_hp_per_floor":[80,80,80,80,80,80,80,80,80,80,80,80,80,80,80,80],"card_choices":[{"not_picked":["Spot Weakness","Anger"],"picked":"Carnage","floor":1},{"not_picked":["Perfected Strike","Heavy Blade"],"picked":"Clash","floor":2},{"not_picked":["Limit Break","Shrug It Off"],"picked":"Entrench","floor":4},{"not_picked":["Anger","Burning Pact"],"picked":"Body Slam","floor":5},{"not_picked":["Carnage","Iron Wave","Feel No Pain"],"picked":"SKIP","floor":7},{"not_picked":["Iron Wave","Thunderclap"],"picked":"Body Slam","floor":8},{"not_picked":["Reckless Charge","Warcry","Sword Boomerang"],"picked":"SKIP","floor":12},{"not_picked":["Flex","Reckless Charge","Heavy Blade"],"picked":"SKIP","floor":13}],"player_experience":433345,"relics_obtained":[{"floor":9,"key":"Torii"}],"event_choices":[{"event_name":"Golden Wing","player_choice":"Card Removal","floor":11,"damage_taken":0}],"is_beta":false,"boss_relics":[],"items_purged_floors":[14],"is_endless":false,"potions_floor_spawned":[1,2,4,12,13],"killed_by":"Hexaghost","ascension_level":6}