{"gold_per_floor":[110,110,120,38,38,69,85,101,126,11,11,28,40,60,60,60],"floor_reached":16,"playtime":1275,"items_purged":[],"score":129,"play_id":"848054a8-b457-4b86-9b39-03b0f0b07c6e","local_time":"20190121085107","is_ascension_mode":false,"campfire_choices":[{"floor":15,"key":"REST"}],"neow_cost":"NONE","seed_source_timestamp":194867321993300,"circlet_count":0,"master_deck":["Defend_G+1","Defend_G","Defend_G","Defend_G","Strike_G","Strike_G","Strike_G","Strike_G","Strike_G","Survivor","Neutralize","Well Laid Plans+1","Prepared+1","Outmaneuver","Endless Agony","Dagger Spray","Dagger Spray","Underhanded Strike","Infinite Blades","Escape Plan","PiercingWail","Bouncing Flask","Quick Slash"],"relics":["Ring of the Snake","NeowsBlessing","Lantern","War Paint"],"potions_floor_usage":[13,13,16],"damage_taken":[{"damage":0,"enemies":"Jaw Worm","floor":1,"turns":1},{"damage":0,"enemies":"Cultist","floor":3,"turns":1},{"damage":0,"enemies":"3 Sentries","floor":6,"turns":1},{"damage":0,"enemies":"Small Slimes","floor":7,"turns":5},{"damage":5,"enemies":"Looter","floor":8,"turns":3},{"damage":10,"enemies":"Exordium Wildlife","floor":12,"turns":2},{"damage":1,"enemies":"Gremlin Gang","floor":13,"turns":2},{"damage":18,"enemies":"Exordium Thugs","floor":14,"turns":3},{"damage":52,"enemies":"Slime Boss","floor":16,"turns":9}],"seed_played":"599356376785679999","potions_obtained":[{"floor":3,"key":"Strength Potion"},{"floor":8,"key":"Strength Potion"},{"floor":11,"key":"AttackPotion"},{"floor":11,"key":"FearPotion"}],"is_trial":false,"path_per_floor":["M","?","M","$","?","E","M","M","T","$","?","M","M","M","R","B"],"character_chosen":"THE_SILENT","items_purchased":["Outmaneuver","Endless Agony","Infinite Blades","Escape Plan"],"campfire_rested":1,"item_purchase_floors":[4,4,10,10],"current_hp_per_floor":[70,70,70,70,63,63,63,58,58,58,58,48,47,29,50,0],"gold":60,"neow_bonus":"THREE_ENEMY_KILL","is_prod":false,"is_daily":false,"chose_seed":false,"campfire_upgraded":0,"win_rate":0.0,"timestamp":1548057067,"path_taken":["M","?","?","$","?","E","M","M","T","$","?","M","M","?","R","BOSS"],"build_version":"2019-01-17v2","purchased_purges":0,"victory":false,"max_hp_per_floor":[70,70,70,70,70,70,70,70,70,70,70,70,70,70,70,70],"card_choices":[{"not_picked":["Slice","Dagger Throw"],"picked":"Well Laid Plans","floor":1},{"not_picked":["Slice","Dodge and Roll"],"picked":"Prepared","floor":3},{"not_picked":["Blur","Expertise"],"picked":"Dagger Spray","floor":6},{"not_picked":["Caltrops","Eviscerate"],"picked":"Dagger Spray","floor":7},{"not_picked":["Slice","PiercingWail"],"picked":"Underhanded Strike","floor":8},{"not_picked":["Outmaneuver","Leg Sweep"],"picked":"PiercingWail","floor":12},{"not_picked":["Underhanded Strike","Heel Hook"],"picked":"Bouncing Flask","floor":13},{"not_picked":["PiercingWail","Reflex"],"picked":"Quick Slash","floor":14}],"player_experience":7871,"relics_obtained":[{"floor":6,"key":"Lantern"},{"floor":9,"key":"War Paint"}],"event_choices":[{"damage_healed":0,"gold_gain":0,"player_choice":"Forge","damage_taken":0,"max_hp_gain":0,"max_hp_loss":0,"event_name":"Accursed Blacksmith","floor":2,"gold_loss":0,"cards_upgraded":["Well Laid Plans"]},{"cards_removed":["Defend_G"],"damage_healed":0,"gold_gain":0,"player_choice":"Card Removal","damage_taken":7,"max_hp_gain":0,"max_hp_loss":0,"event_name":"Golden Wing","floor":5,"gold_loss":0},{"damage_healed":0,"gold_gain":0,"player_choice":"Got Potions","damage_taken":0,"max_hp_gain":0,"max_hp_loss":0,"event_name":"Lab","floor":11,"gold_loss":0}],"is_beta":false,"boss_relics":[],"items_purged_floors":[],"is_endless":false,"potions_floor_spawned":[3,8,12],"killed_by":"Slime Boss","ascension_level":0}