{"gold_per_floor":[214,139,83,103,117,117,117,143,143,143,176,231,231,245,245,317,317,337,337,354,369,207,207,218,218,218,218],"floor_reached":27,"playtime":873,"items_purged":["Defend_B"],"score":409,"play_id":"bab1e17b-c7a2-491e-99ee-8c04e48bef55","local_time":"20190602125200","is_ascension_mode":true,"campfire_choices":[{"data":"Dualcast","floor":6,"key":"SMITH"},{"floor":10,"key":"REST"},{"floor":13,"key":"REST"},{"floor":15,"key":"REST"},{"floor":23,"key":"REST"}],"neow_cost":"NONE","seed_source_timestamp":52014101857274,"circlet_count":0,"master_deck":["AscendersBane","Strike_B+1","Strike_B+1","Defend_B+1","Zap","Dualcast+1","Ball Lightning","Conserve Battery","Capacitor","Barrage+1","Electrodynamics","Buffer","Aggregate+1","Static Discharge+1","Melter+1","FTL","Loop","White Noise","Glacier"],"relics":["Cracked Core","Blood Vial","Question Card","Bottled Flame","Whetstone","Astrolabe","The Courier"],"potions_floor_usage":[8,11,16,16,20,21,21],"damage_taken":[{"damage":4,"enemies":"Small Slimes","floor":1,"turns":3},{"damage":0,"enemies":"2 Louse","floor":4,"turns":2},{"damage":0,"enemies":"Cultist","floor":5,"turns":3},{"damage":15,"enemies":"3 Sentries","floor":8,"turns":5},{"damage":20,"enemies":"Lagavulin","floor":11,"turns":7},{"damage":27,"enemies":"Lagavulin Event","floor":12,"turns":6},{"damage":1,"enemies":"Exordium Thugs","floor":14,"turns":4},{"damage":35,"enemies":"Hexaghost","floor":16,"turns":8},{"damage":0,"enemies":"Spheric Guardian","floor":18,"turns":1},{"damage":26,"enemies":"2 Thieves","floor":20,"turns":3},{"damage":19,"enemies":"Snake Plant","floor":21,"turns":4},{"damage":28,"enemies":"Snecko","floor":24,"turns":5},{"damage":28,"enemies":"Cultist and Chosen","floor":27,"turns":5}],"seed_played":"3111449261495516255","potions_obtained":[{"floor":4,"key":"SteroidPotion"},{"floor":8,"key":"LiquidBronze"},{"floor":12,"key":"Strength Potion"},{"floor":18,"key":"SkillPotion"},{"floor":19,"key":"SkillPotion"},{"floor":20,"key":"Regen Potion"}],"is_trial":false,"path_per_floor":["M","?","$","M","M","R","?","E","T","R","E","?","R","M","R","B",null,"M","?","M","M","$","R","M","$","T","M"],"character_chosen":"DEFECT","items_purchased":["Fire Potion","Glacier"],"campfire_rested":4,"item_purchase_floors":[3,22],"current_hp_per_floor":[60,60,60,60,60,60,39,24,24,45,27,2,23,24,45,12,56,58,58,34,31,31,52,26,26,26,0],"gold":218,"neow_bonus":"HUNDRED_GOLD","is_prod":false,"is_daily":false,"chose_seed":false,"campfire_upgraded":1,"win_rate":0,"timestamp":1559451120,"path_taken":["M","?","$","M","M","R","?","E","T","R","E","?","R","M","R","BOSS","M","?","M","M","$","R","?","$","T","M"],"build_version":"2019-01-23","purchased_purges":1,"victory":false,"max_hp_per_floor":[71,71,71,71,71,71,71,71,71,71,71,71,71,71,71,71,71,71,71,71,71,71,71,71,71,71,71],"card_choices":[{"not_picked":["Stack","Sweeping Beam"],"picked":"Ball Lightning","floor":1},{"not_picked":["Redo","Leap"],"picked":"Conserve Battery","floor":4},{"not_picked":["Amplify","Rebound","Sweeping Beam"],"picked":"SKIP","floor":5},{"not_picked":["White Noise","Coolheaded"],"picked":"Capacitor","floor":8},{"not_picked":["Reprogram","Go for the Eyes","Stack"],"picked":"Barrage","floor":11},{"not_picked":["Turbo","Ball Lightning","BootSequence"],"picked":"Electrodynamics","floor":12},{"not_picked":["Lockon","Steam Power","Redo","Static Discharge"],"picked":"SKIP","floor":14},{"not_picked":["Machine Learning","Rainbow","Hyperbeam"],"picked":"Buffer","floor":16},{"not_picked":["Rip and Tear","Rebound","Static Discharge"],"picked":"FTL","floor":18},{"not_picked":["Recycle","Steam","Beam Cell"],"picked":"Loop","floor":20},{"not_picked":["Steam","Aggregate","Double Energy"],"picked":"White Noise","floor":21},{"not_picked":["Cold Snap","Redo","Conserve Battery","Hello World"],"picked":"SKIP","floor":24}],"player_experience":622838,"relics_obtained":[{"floor":8,"key":"Blood Vial"},{"floor":9,"key":"Question Card"},{"floor":11,"key":"Bottled Flame"},{"floor":12,"key":"Whetstone"},{"floor":26,"key":"The Courier"}],"event_choices":[{"cards_removed":["Strike_B"],"damage_healed":0,"gold_gain":0,"player_choice":"Card Removal","damage_taken":0,"max_hp_gain":0,"max_hp_loss":0,"event_name":"The Cleric","floor":2,"gold_loss":75},{"damage_healed":0,"gold_gain":0,"player_choice":"Entered Light","damage_taken":21,"max_hp_gain":0,"max_hp_loss":0,"event_name":"Shining Light","floor":7,"gold_loss":0,"cards_upgraded":["Strike_B","Defend_B"]},{"damage_healed":0,"gold_gain":0,"player_choice":"Searched \u00271\u0027 times","damage_taken":0,"max_hp_gain":0,"max_hp_loss":0,"event_name":"Dead Adventurer","floor":12,"gold_loss":0},{"damage_healed":0,"gold_gain":0,"player_choice":"Got Potions","damage_taken":0,"max_hp_gain":0,"max_hp_loss":0,"event_name":"Lab","floor":19,"gold_loss":0}],"is_beta":false,"boss_relics":[{"not_picked":["Orrery","Nuclear Battery"],"picked":"Astrolabe"}],"items_purged_floors":[22],"is_endless":false,"potions_floor_spawned":[4,8,12,14,18,20],"killed_by":"Cultist and Chosen","ascension_level":17}