{"path_per_floor":["M","$","M","M","M","R","M","?","T","R","?","R","$","M","R","B",null,"M","?","M","M","?","E","R","M","T","?","$","E","R","M","R"],"character_chosen":"DEFECT","items_purchased":["Barrage","Leap","Blood Vial","Barrage","Reinforced Body","Leap"],"gold_per_floor":[117,46,59,77,94,94,114,114,138,138,213,213,15,25,25,99,99,117,117,131,143,143,170,170,189,189,189,65,94,94,108,108,108],"floor_reached":33,"campfire_rested":2,"playtime":2034,"current_hp_per_floor":[68,68,67,55,48,48,48,48,55,55,44,44,44,46,46,24,68,63,47,39,4,4,1,13,12,12,12,12,14,26,28,28,0],"items_purged":[],"gold":108,"score":523,"play_id":"da75fcba-a6cb-4d9a-9fe8-e11dbdfc1779","local_time":"20180507205608","is_prod":false,"is_daily":false,"chose_seed":false,"is_ascension_mode":true,"campfire_upgraded":5,"timestamp":1525744568,"path_taken":["M","$","?","M","M","R","M","?","T","R","?","R","$","M","R","BOSS","M","?","M","M","?","E","R","?","T","?","$","E","R","?","R","BOSS"],"build_version":"2018-05-03","seed_source_timestamp":895770785019683,"purchased_purges":0,"victory":false,"master_deck":["Strike_B","Strike_B","Defend_B","Defend_B","Defend_B","Defend_B","Zap+1","Dualcast+1","AscendersBane","Axe Kick","Darkness+1","Barrage+1","Leap","Ball Lightning","Go for the Eyes","Zap+1","Barrage+1","Ghostly","Ghostly+1","Ghostly","Ghostly","Ghostly","Stack","Reinforced Body","Leap"],"max_hp_per_floor":[75,75,75,75,75,75,75,75,82,82,82,82,82,82,82,82,82,82,82,82,82,41,41,41,41,41,41,41,41,41,41,41,41],"relics":["Cracked Core","Strawberry","Blood Vial","Nuclear Battery","Nilry\u0027s Codex","Lantern","Gambling Chip","War Paint"],"card_choices":[{"not_picked":["Loop","Hologram"],"picked":"Darkness","floor":1},{"not_picked":["Streamline","Sunder"],"picked":"Ball Lightning","floor":5},{"not_picked":["Aggregate","Skim"],"picked":"Go for the Eyes","floor":7},{"not_picked":["Streamline","Doom and Gloom"],"picked":"Stack","floor":25}],"player_experience":188339,"potions_floor_usage":[18,33,33],"damage_taken":[{"damage":0,"enemies":"Cultist","floor":1,"turns":4},{"damage":1,"enemies":"2 Louse","floor":3,"turns":3},{"damage":12,"enemies":"Jaw Worm","floor":4,"turns":3},{"damage":7,"enemies":"Exordium Wildlife","floor":5,"turns":5},{"damage":0,"enemies":"2 Fungi Beasts","floor":7,"turns":2},{"damage":0,"enemies":"Looter","floor":14,"turns":1},{"damage":24,"enemies":"The Guardian","floor":16,"turns":9},{"damage":7,"enemies":"3 Byrds","floor":18,"turns":4},{"damage":10,"enemies":"Chosen","floor":20,"turns":3},{"damage":38,"enemies":"Sentry and Sphere","floor":21,"turns":6},{"damage":5,"enemies":"Slavers","floor":23,"turns":7},{"damage":3,"enemies":"Snecko","floor":25,"turns":5},{"damage":0,"enemies":"Gremlin Leader","floor":29,"turns":12},{"damage":0,"enemies":"Snake Plant","floor":31,"turns":5},{"damage":49,"enemies":"Champ","floor":33,"turns":10}],"event_choices":[{"event_name":"Match and Keep!","player_choice":"1 cards matched","floor":8,"damage_taken":0},{"event_name":"World of Goop","player_choice":"Gather Gold","floor":11,"damage_taken":0},{"event_name":"Cursed Tome","player_choice":"Obtained Book","floor":19,"damage_taken":0},{"event_name":"Ghosts","player_choice":"Became a Ghost","floor":22,"damage_taken":0},{"event_name":"Bonfire Elementals","player_choice":"BASIC","floor":27,"damage_taken":0}],"boss_relics":[{"not_picked":["White Beast Statue","Inserter"],"picked":"Nuclear Battery"}],"potions_floor_spawned":[1,4,5,21,23,31],"seed_played":"-88089679177300194","killed_by":"Champ","ascension_level":13,"is_trial":false}