{"gold_per_floor":[112,112,112,123,142,175,175,202,202,228,238,238,179,179,179,251,251,268,268,294,28,46,46,46,46],"floor_reached":25,"playtime":1127,"items_purged":[],"score":404,"play_id":"7cc1a5f4-6ac1-4dc0-b1b1-b15e708d2ee0","local_time":"20190614040138","is_ascension_mode":true,"campfire_choices":[{"floor":7,"key":"REST"},{"floor":12,"key":"REST"},{"floor":15,"key":"REST"},{"floor":23,"key":"REST"}],"neow_cost":"NONE","seed_source_timestamp":86871012919970,"circlet_count":0,"master_deck":["AscendersBane","Strike_B","Strike_B","Strike_B","Defend_B","Defend_B","Defend_B","Defend_B","Zap","Dualcast+1","Gash","Coolheaded","Cold Snap","Loop","Cold Snap","Seek","Chill","Conserve Battery+1","Genetic Algorithm","Heatsinks"],"special_seed":0,"relics":["Cracked Core","FaceOfCleric","Dodecahedron","Thread and Needle","Dead Branch","Odd Mushroom","Runic Pyramid","Red Mask","Membership Card"],"potions_floor_usage":[6,22],"damage_taken":[{"damage":7.0,"enemies":"Small Slimes","floor":1.0,"turns":3.0},{"damage":3.0,"enemies":"2 Louse","floor":4.0,"turns":3.0},{"damage":0.0,"enemies":"Cultist","floor":5.0,"turns":3.0},{"damage":25,"enemies":"3 Sentries","floor":6,"turns":6},{"damage":25,"enemies":"Lagavulin","floor":8,"turns":9},{"damage":20,"enemies":"The Mushroom Lair","floor":10,"turns":6},{"damage":0,"enemies":"3 Louse","floor":11,"turns":4},{"damage":6,"enemies":"The Guardian","floor":16,"turns":15},{"damage":6,"enemies":"Spheric Guardian","floor":18,"turns":4},{"damage":24,"enemies":"Colosseum Slavers","floor":19,"turns":5},{"damage":29,"enemies":"Masked Bandits","floor":20,"turns":6},{"damage":0,"enemies":"2 Thieves","floor":22,"turns":4},{"damage":57,"enemies":"Gremlin Leader","floor":25,"turns":6}],"seed_played":"4728010339120914071","potions_obtained":[{"floor":1.0,"key":"AttackPotion"},{"floor":11,"key":"Block Potion"}],"is_trial":false,"path_per_floor":["M","?","?","M","M","E","R","E","T","?","M","R","$","$","R","B",null,"M","?","?","$","M","R","?","E"],"character_chosen":"DEFECT","items_purchased":["Cold Snap","Membership Card","Genetic Algorithm"],"campfire_rested":4,"item_purchase_floors":[13,21,21],"current_hp_per_floor":[57,50,50,48,49,25,47,23,23,4,5,28,28,28,51,46,70,65,42,14,14,15,39,55,0],"gold":46,"neow_bonus":"UPGRADE_CARD","is_prod":false,"is_daily":false,"chose_seed":false,"campfire_upgraded":0,"win_rate":0,"timestamp":1560456098,"path_taken":["M","?","?","M","?","E","R","E","T","?","M","R","?","$","R","BOSS","M","?","?","$","M","R","?","E"],"build_version":"2019-01-23","purchased_purges":0,"victory":false,"max_hp_per_floor":[71,71,71,72,73,74,74,75,75,76,77,77,77,77,77,78,78,79,80,81,81,82,82,82,82],"card_choices":[{"not_picked":["Auto Shields","Sweeping Beam"],"picked":"Gash","floor":1.0},{"not_picked":["Steam","Ball Lightning"],"picked":"Coolheaded","floor":4.0},{"not_picked":["Barrage","Go for the Eyes","Turbo"],"picked":"SKIP","floor":5.0},{"not_picked":["Go for the Eyes","Ball Lightning"],"picked":"Cold Snap","floor":6},{"not_picked":["Stack","Go for the Eyes","Redo"],"picked":"SKIP","floor":8},{"not_picked":["Hologram","Double Energy"],"picked":"Loop","floor":11},{"not_picked":["Buffer","Multi-Cast"],"picked":"Seek","floor":16},{"not_picked":["Reinforced Body","Rip and Tear"],"picked":"Chill","floor":18},{"not_picked":["Chaos","Darkness"],"picked":"Conserve Battery+1","floor":20},{"not_picked":["Sweeping Beam","BootSequence"],"picked":"Heatsinks","floor":22}],"player_experience":676528,"relics_obtained":[{"floor":6,"key":"Dodecahedron"},{"floor":8,"key":"Thread and Needle"},{"floor":9,"key":"Dead Branch"},{"floor":10,"key":"Odd Mushroom"},{"floor":20,"key":"Red Mask"}],"event_choices":[{"cards_removed":["Strike_B"],"damage_healed":0.0,"max_hp_gain":0.0,"max_hp_loss":0.0,"gold_gain":0.0,"event_name":"Golden Wing","player_choice":"Card Removal","floor":2.0,"gold_loss":0.0,"damage_taken":7.0},{"damage_healed":0.0,"max_hp_gain":0.0,"max_hp_loss":0.0,"gold_gain":0.0,"event_name":"FaceTrader","player_choice":"Trade","floor":3.0,"gold_loss":0.0,"damage_taken":0.0,"relics_obtained":["FaceOfCleric"]},{"damage_healed":0,"gold_gain":0,"player_choice":"Fought Mushrooms","damage_taken":0,"max_hp_gain":0,"max_hp_loss":0,"event_name":"Mushrooms","floor":10,"gold_loss":0},{"damage_healed":0,"gold_gain":0,"player_choice":"Fight","damage_taken":0,"max_hp_gain":0,"max_hp_loss":0,"event_name":"Colosseum","floor":19,"gold_loss":0},{"damage_healed":0,"gold_gain":0,"player_choice":"Fled From Nobs","damage_taken":0,"max_hp_gain":0,"max_hp_loss":0,"event_name":"Colosseum","floor":19,"gold_loss":0},{"damage_healed":0,"gold_gain":0,"player_choice":"Fought Bandits","damage_taken":0,"max_hp_gain":0,"max_hp_loss":0,"event_name":"Masked Bandits","floor":20,"gold_loss":0},{"damage_healed":16,"gold_gain":0,"player_choice":"Heal","damage_taken":0,"max_hp_gain":0,"max_hp_loss":0,"event_name":"The Library","floor":24,"gold_loss":0}],"is_beta":false,"boss_relics":[{"not_picked":["White Beast Statue","Eternal Feather"],"picked":"Runic Pyramid"}],"items_purged_floors":[],"is_endless":false,"potions_floor_spawned":[1,11],"killed_by":"Gremlin Leader","ascension_level":19}