{"path_per_floor":["M","?","$","M","?","E","R","E","T","M","M","?","?","M","R","B",null,"M","$","M","?","M","R","M","M","T","R","?","M","R","$","R","B",null,"M","M","?","M","?","R","M","R","T","$","R","$","?","M","R","B"],"character_chosen":"THE_SILENT","items_purchased":["Well Laid Plans","Envenom"],"gold_per_floor":[109,109,34,52,52,80,80,108,108,125,138,138,138,150,150,249,249,266,128,145,145,163,163,183,201,224,224,224,235,235,99,99,196,196,209,219,219,219,219,219,233,233,233,108,108,108,0,13,13,13],"floor_reached":51,"campfire_rested":5,"playtime":3185,"current_hp_per_floor":[70,70,70,70,63,73,73,46,46,46,46,30,27,27,51,45,80,79,79,74,58,56,56,56,43,43,43,43,40,64,64,64,44,80,76,58,58,54,44,68,47,71,71,71,71,71,71,51,75,29],"items_purged":["Defend_G","Strike_G","Strike_G"],"gold":13,"score":507,"play_id":"3ea00b93-6e30-41cd-ab71-c03df553c8b4","is_prod":false,"is_daily":false,"is_ascension_mode":false,"campfire_upgraded":2,"path_taken":["M","?","?","M","?","E","R","E","T","?","M","?","?","?","R","BOSS","M","$","M","?","M","R","M","M","T","R","?","M","R","$","R","BOSS","M","M","?","M","?","R","M","R","T","$","R","$","?","M","R","BOSS"],"build_version":"2018-02-15-PROD1","purchased_purges":3,"victory":true,"master_deck":["Defend_G","Defend_G+1","Defend_G","Defend_G+1","Strike_G+1","Survivor+1","Neutralize","Dagger Spray+1","Noxious Fumes+1","All Out Attack+1","Dash","Backflip+1","Well Laid Plans+1","Deflect+1","Catalyst+1","Envenom","Flechettes+1","Bouncing Flask+1","Madness","Madness","Footwork"],"max_hp_per_floor":[70,70,70,70,70,80,80,80,80,80,80,80,80,80,80,80,80,80,80,80,80,80,80,80,80,80,80,80,80,80,80,80,80,80,80,80,80,80,80,80,80,80,80,80,80,80,80,80,80,80],"relics":["Ring of the Snake","NeowsBlessing","Pear","Paper Crane","Girya","War Paint","Sozu","Enchiridion","Whetstone","Velvet Choker","Blood Vial","Red Mask"],"card_choices":[{"not_picked":["Distraction","Flying Knee"],"picked":"Dagger Spray"},{"not_picked":["Flying Knee","Sucker Punch"],"picked":"Noxious Fumes"},{"not_picked":["Infinite Blades","Flying Knee"],"picked":"All Out Attack"},{"not_picked":["Finisher","Outmaneuver"],"picked":"Dash"},{"not_picked":["Bane","Dodge and Roll"],"picked":"Venomology"},{"not_picked":["Dodge and Roll","Dagger Spray"],"picked":"Backflip"},{"not_picked":["Dagger Spray","Predator"],"picked":"Deflect"},{"not_picked":["Bouncing Flask","Well Laid Plans"],"picked":"Catalyst"},{"not_picked":["Deadly Poison","Bane"],"picked":"Flechettes"},{"not_picked":["Deadly Poison","Quick Slash"],"picked":"Bouncing Flask"},{"not_picked":["Dagger Throw","Flying Knee"],"picked":"Footwork"}],"player_experience":108076,"potions_floor_usage":[11,16],"damage_taken":[{"damage":0,"enemies":"Jaw Worm","floor":1,"turns":1},{"damage":0,"enemies":"Cultist","floor":4,"turns":1},{"damage":0,"enemies":"3 Sentries","floor":6,"turns":1},{"damage":27,"enemies":"Lagavulin","floor":8,"turns":8},{"damage":0,"enemies":"Small Slimes","floor":10,"turns":3},{"damage":0,"enemies":"Exordium Wildlife","floor":11,"turns":4},{"damage":0,"enemies":"Looter","floor":14,"turns":4},{"damage":21,"enemies":"The Guardian","floor":16,"turns":12},{"damage":1,"enemies":"3 Byrds","floor":18,"turns":4},{"damage":5,"enemies":"Shell Parasite","floor":20,"turns":6},{"damage":2,"enemies":"Snake Plant","floor":22,"turns":5},{"damage":0,"enemies":"Centurion and Healer","floor":24,"turns":7},{"damage":13,"enemies":"Chosen and Byrds","floor":25,"turns":5},{"damage":3,"enemies":"Snake Plant","floor":29,"turns":4},{"damage":20,"enemies":"Automaton","floor":33,"turns":7},{"damage":4,"enemies":"3 Shapes","floor":35,"turns":3},{"damage":18,"enemies":"Orb Walker","floor":36,"turns":3},{"damage":4,"enemies":"Maw","floor":38,"turns":5},{"damage":21,"enemies":"3 Darklings","floor":41,"turns":4},{"damage":22,"enemies":"4 Shapes","floor":48,"turns":3},{"damage":48,"enemies":"Time Eater","floor":50,"turns":12}],"event_choices":[{"event_name":"The Lab","player_choice":"Got Potions","floor":2,"damage_taken":0},{"event_name":"Golden Wing","player_choice":"Card Removal","floor":5,"damage_taken":0},{"event_name":"Shining Light","player_choice":"Entered Light","floor":12,"damage_taken":0},{"event_name":"Scrap Ooze","player_choice":"success","floor":13,"damage_taken":3},{"event_name":"Cursed Tome","player_choice":"Obtained Book","floor":21,"damage_taken":0},{"event_name":"Wheel of Change","player_choice":"Card Removal","floor":28,"damage_taken":0},{"event_name":"Winding Halls","player_choice":"Embrace Madness","floor":39,"damage_taken":0},{"event_name":"Tomb of Lord Red Mask","player_choice":"Paid","floor":47,"damage_taken":0}],"boss_relics":[{"not_picked":["Black Star","Astrolabe"],"picked":"Sozu"},{"not_picked":["Eternal Feather","Question Card"],"picked":"Velvet Choker"}],"potions_floor_spawned":[4,10,11,22,24,33,36,48],"seed_played":"-6800838157865793089","ascension_level":0,"is_trial":false}