{"gold_per_floor":[15,15,15,31,46,46,76,76,76,103,28,28,28,44,44,169,169,183,108,108,108,108,108,123,141,192,216,236,236,261,280,280,280],"floor_reached":33,"playtime":3295,"items_purged":["Strike_R"],"score":295,"play_id":"7f4f5961-f5f1-4148-b741-a8ea08dcd6a9","local_time":"20181208213459","is_ascension_mode":true,"campfire_choices":[{"data":"Body Slam","floor":6,"key":"SMITH"},{"data":"Bash","floor":8,"key":"SMITH"},{"data":"Defend_R","floor":15,"key":"SMITH"},{"data":"Bite","floor":23,"key":"SMITH"},{"data":"Offering","floor":29,"key":"SMITH"},{"data":"Cleave","floor":32,"key":"SMITH"}],"neow_cost":"NO_GOLD","seed_source_timestamp":478305615043701,"circlet_count":0,"master_deck":["Defend_R","Defend_R+1","Bash+1","Intimidate","Body Slam+1","Offering+1","Feed","Clash","Bite+1","Bite","Bite","Bite","Bite","Cleave+1","Rampage+1"],"relics":["Burning Blood","Calipers","FossilizedHelix","Pen Nib","Golden Idol","Sozu","Dream Catcher"],"potions_floor_usage":[10,10,16,33,33,33],"damage_taken":[{"damage":5,"enemies":"2 Louse","floor":1,"turns":3},{"damage":1,"enemies":"Cultist","floor":4,"turns":3},{"damage":3,"enemies":"Jaw Worm","floor":5,"turns":4},{"damage":33,"enemies":"Lagavulin","floor":7,"turns":8},{"damage":8,"enemies":"3 Sentries","floor":10,"turns":8},{"damage":0,"enemies":"Looter","floor":14,"turns":3},{"damage":27,"enemies":"Hexaghost","floor":16,"turns":9},{"damage":0,"enemies":"Spheric Guardian","floor":18,"turns":3},{"damage":6,"enemies":"Chosen","floor":24,"turns":2},{"damage":36,"enemies":"Snecko","floor":25,"turns":5},{"damage":14,"enemies":"Centurion and Healer","floor":27,"turns":4},{"damage":17,"enemies":"Shelled Parasite and Fungi","floor":28,"turns":3},{"damage":6,"enemies":"Chosen and Byrds","floor":30,"turns":3},{"damage":11,"enemies":"3 Cultists","floor":31,"turns":4},{"damage":77,"enemies":"Automaton","floor":33,"turns":6}],"seed_played":"-1043206325355724876","potions_obtained":[{"floor":4,"key":"EntropicBrew"},{"floor":14,"key":"Fire Potion"},{"floor":16,"key":"PowerPotion"}],"is_trial":false,"path_per_floor":["M","?","?","M","M","R","E","R","T","E","$","?","?","M","R","B",null,"M","?","?","$","?","R","M","M","T","M","M","R","M","M","R","B"],"character_chosen":"IRONCLAD","items_purchased":[],"campfire_rested":0,"item_purchase_floors":[],"current_hp_per_floor":[80,73,73,78,80,80,53,53,53,51,51,51,51,57,57,36,74,74,74,51,51,51,51,51,28,28,37,33,33,44,54,54,0],"gold":280,"neow_bonus":"REMOVE_TWO","is_prod":false,"is_daily":false,"chose_seed":false,"campfire_upgraded":6,"win_rate":0,"timestamp":1544276099,"path_taken":["M","?","?","M","?","R","E","R","T","E","$","?","?","M","R","BOSS","M","?","?","$","?","R","M","M","T","M","M","R","?","?","R","BOSS"],"build_version":"2018-12-06","purchased_purges":1,"victory":false,"max_hp_per_floor":[80,80,80,80,80,80,80,80,80,80,80,80,74,74,74,74,74,74,74,51,51,51,51,51,51,51,51,51,51,51,54,54,54],"card_choices":[{"not_picked":["Shrug It Off","Perfected Strike","Wild Strike"],"picked":"SKIP","floor":1},{"not_picked":["Heavy Blade","Iron Wave"],"picked":"Intimidate","floor":4},{"not_picked":["Bloodletting","Metallicize"],"picked":"Body Slam","floor":5},{"not_picked":["Fire Breathing","Flex","Second Wind"],"picked":"SKIP","floor":7},{"not_picked":["Warcry","Evolve","Perfected Strike"],"picked":"SKIP","floor":10},{"not_picked":["Flex","Clash"],"picked":"Offering","floor":14},{"not_picked":["Offering","Reaper"],"picked":"Feed","floor":16},{"not_picked":["Body Slam","Shrug It Off"],"picked":"Clash","floor":18},{"not_picked":["Armaments","Inflame+1"],"picked":"Cleave","floor":24},{"not_picked":["Pummel","Thunderclap","Heavy Blade"],"picked":"SKIP","floor":25},{"not_picked":["Iron Wave","Havoc"],"picked":"Rampage+1","floor":27},{"not_picked":["Offering","Headbutt","Fire Breathing"],"picked":"SKIP","floor":28},{"not_picked":["Armaments+1","Clothesline+1","Wild Strike"],"picked":"SKIP","floor":30},{"not_picked":["Flex","Shockwave","Sentinel"],"picked":"SKIP","floor":31}],"player_experience":500828,"relics_obtained":[{"floor":7,"key":"Calipers"},{"floor":9,"key":"FossilizedHelix"},{"floor":10,"key":"Pen Nib"},{"floor":26,"key":"Dream Catcher"}],"event_choices":[{"cards_removed":["Defend_R"],"damage_healed":0,"gold_gain":0,"player_choice":"Card Removal","damage_taken":7,"max_hp_gain":0,"max_hp_loss":0,"event_name":"Golden Wing","floor":2,"gold_loss":0},{"cards_removed":["Strike_R"],"damage_healed":0,"gold_gain":0,"player_choice":"Card Removal","damage_taken":0,"max_hp_gain":0,"max_hp_loss":0,"event_name":"Wheel of Change","floor":3,"gold_loss":0},{"cards_removed":["Defend_R"],"damage_healed":0,"gold_gain":0,"player_choice":"Forget","damage_taken":0,"max_hp_gain":0,"max_hp_loss":0,"event_name":"Living Wall","floor":12,"gold_loss":0},{"damage_healed":0,"gold_gain":0,"player_choice":"Lose Max HP","damage_taken":0,"relics_obtained":["Golden Idol"],"max_hp_gain":0,"max_hp_loss":6,"event_name":"Golden Idol","floor":13,"gold_loss":0},{"cards_removed":["Strike_R"],"damage_healed":0,"gold_gain":0,"player_choice":"Gave Gold","damage_taken":0,"max_hp_gain":0,"max_hp_loss":0,"event_name":"Beggar","floor":19,"gold_loss":75},{"damage_healed":0,"gold_gain":0,"player_choice":"Became a vampire","damage_taken":0,"max_hp_gain":0,"max_hp_loss":23,"event_name":"Vampires","floor":20,"gold_loss":0,"cards_obtained":["Bite","Bite","Bite","Bite","Bite"]},{"damage_healed":0,"gold_gain":0,"player_choice":"Got Potions","damage_taken":0,"max_hp_gain":0,"max_hp_loss":0,"event_name":"Lab","floor":22,"gold_loss":0}],"is_beta":false,"boss_relics":[{"not_picked":["Calling Bell","Runic Dome"],"picked":"Sozu"}],"items_purged_floors":[11],"is_endless":false,"potions_floor_spawned":[4,14,16,27,30,31],"killed_by":"Automaton","ascension_level":1}