{"gold_per_floor":[117,117,61,26,46,46,46,79,79,108,134,134,168,181,181,259,259,274,274,199,215,215,215,228,228],"floor_reached":25,"playtime":1376,"items_purged":[],"score":472,"play_id":"c50e0fb2-7c67-496d-be19-c8c060464cfe","local_time":"20190614034201","is_ascension_mode":true,"campfire_choices":[{"data":"Consume","floor":6,"key":"SMITH"},{"data":"Glacier","floor":12,"key":"SMITH"},{"data":"Dualcast","floor":15,"key":"SMITH"},{"data":"Skim","floor":23,"key":"SMITH"}],"neow_cost":"NONE","seed_source_timestamp":85477968444917,"circlet_count":0,"master_deck":["AscendersBane","Strike_B","Strike_B","Strike_B","Strike_B","Defend_B","Defend_B","Defend_B","Zap","Dualcast+1","Cold Snap","Cold Snap","Consume+1","Glacier+1","Skim+1","All For One"],"relics":["Cracked Core","NeowsBlessing","Dream Catcher","Shuriken","Omamori","Pen Nib","Boot","Snecko Eye"],"potions_floor_usage":[13,16,24,25],"damage_taken":[{"damage":0,"enemies":"2 Louse","floor":1,"turns":1},{"damage":0,"enemies":"Jaw Worm","floor":5,"turns":1},{"damage":0,"enemies":"Gremlin Nob","floor":8,"turns":1},{"damage":1,"enemies":"Lagavulin","floor":10,"turns":11},{"damage":20,"enemies":"3 Sentries","floor":13,"turns":14},{"damage":5,"enemies":"Small Slimes","floor":14,"turns":4},{"damage":45,"enemies":"Slime Boss","floor":16,"turns":17},{"damage":0,"enemies":"2 Thieves","floor":18,"turns":4},{"damage":2,"enemies":"Chosen","floor":21,"turns":7},{"damage":2,"enemies":"3 Cultists","floor":24,"turns":4},{"damage":81,"enemies":"Gremlin Leader","floor":25,"turns":9}],"seed_played":"5829749954094591413","potions_obtained":[{"floor":10,"key":"Regen Potion"},{"floor":13,"key":"Explosive Potion"},{"floor":16,"key":"GamblersBrew"},{"floor":18,"key":"Block Potion"}],"is_trial":false,"path_per_floor":["M","?","$","?","M","R","$","E","T","E","T","R","E","M","R","B",null,"M","?","?","M","?","R","M","E"],"character_chosen":"DEFECT","items_purchased":["Cold Snap"],"campfire_rested":0,"item_purchase_floors":[3],"current_hp_per_floor":[64,69,69,76,76,76,76,76,76,75,75,75,66,61,61,16,61,61,61,61,59,59,59,57,0],"gold":228,"neow_bonus":"THREE_ENEMY_KILL","is_prod":false,"is_daily":false,"chose_seed":false,"campfire_upgraded":4,"win_rate":0,"timestamp":1560454921,"path_taken":["M","?","$","?","M","R","$","E","T","E","?","R","E","M","R","BOSS","M","?","?","M","?","R","M","E"],"build_version":"2019-01-23","purchased_purges":0,"victory":false,"max_hp_per_floor":[71,76,76,76,76,76,76,76,76,76,76,76,76,76,76,76,76,76,76,76,76,76,76,76,76],"card_choices":[{"not_picked":["Sweeping Beam","Lockon"],"picked":"Cold Snap","floor":1},{"not_picked":["Streamline","Meteor Strike"],"picked":"Consume","floor":5},{"not_picked":["Conserve Battery","Consume"],"picked":"Glacier","floor":8},{"not_picked":["Stack","Heatsinks","Double Energy"],"picked":"SKIP","floor":10},{"not_picked":["Conserve Battery","Ball Lightning"],"picked":"Skim","floor":13},{"not_picked":["Darkness","Compile Driver","Reprogram"],"picked":"SKIP","floor":14},{"not_picked":["Hyperbeam","Machine Learning"],"picked":"All For One","floor":16},{"not_picked":["Beam Cell","Go for the Eyes","Ball Lightning"],"picked":"SKIP","floor":18},{"not_picked":["Redo","Turbo","Rebound"],"picked":"SKIP","floor":21},{"not_picked":["Conserve Battery","Steam","Chaos"],"picked":"SKIP","floor":24}],"player_experience":675152,"relics_obtained":[{"floor":8,"key":"Dream Catcher"},{"floor":9,"key":"Shuriken"},{"floor":10,"key":"Omamori"},{"floor":11,"key":"Pen Nib"},{"floor":13,"key":"Boot"}],"event_choices":[{"damage_healed":0,"gold_gain":0,"player_choice":"Donut","damage_taken":0,"max_hp_gain":5,"max_hp_loss":0,"event_name":"Big Fish","floor":2,"gold_loss":0},{"damage_healed":19,"gold_gain":0,"player_choice":"Healed","damage_taken":0,"max_hp_gain":0,"max_hp_loss":0,"event_name":"The Cleric","floor":4,"gold_loss":35},{"damage_healed":0,"gold_gain":0,"player_choice":"Ignored","damage_taken":0,"max_hp_gain":0,"max_hp_loss":0,"event_name":"The Mausoleum","floor":19,"gold_loss":0},{"cards_removed":["Defend_B"],"damage_healed":0,"gold_gain":0,"player_choice":"Gave Gold","damage_taken":0,"max_hp_gain":0,"max_hp_loss":0,"event_name":"Beggar","floor":20,"gold_loss":75},{"damage_healed":0,"gold_gain":0,"player_choice":"Ignored","damage_taken":0,"max_hp_gain":0,"max_hp_loss":0,"event_name":"Vampires","floor":22,"gold_loss":0}],"is_beta":false,"boss_relics":[{"not_picked":["Runic Dome","FrozenCore"],"picked":"Snecko Eye"}],"items_purged_floors":[],"is_endless":false,"potions_floor_spawned":[10,13,16,18],"killed_by":"Gremlin Leader","ascension_level":19}