{"gold_per_floor":[17,35,35,35,48,48,63,82,106,106,106,119,44,64,64,166,166,176,176,176,8,8,8,19,19,19,39,56,89,108,122,122,122],"floor_reached":33,"playtime":1002,"items_purged":["Strike_R","Strike_R"],"score":261,"play_id":"9befa03d-9be2-408d-ab47-823a8c9a9789","local_time":"20180816134056","is_ascension_mode":false,"campfire_choices":[{"data":"Barricade","floor":6,"key":"SMITH"},{"data":"Havoc","floor":10,"key":"SMITH"},{"data":"Carnage","floor":15,"key":"SMITH"},{"data":"Immolate","floor":23,"key":"SMITH"},{"floor":32,"key":"REST"}],"neow_cost":"NO_GOLD","seed_source_timestamp":20406381858522,"circlet_count":0,"master_deck":["Strike_R","Defend_R","Defend_R","Defend_R","Bash","Barricade+1","Pommel Strike","Seeing Red","Iron Wave","Havoc+1","Carnage+1","Immolate+1","Feel No Pain+1","Dropkick","Cleave","True Grit","Uppercut","Shrug It Off+1","Cleave"],"relics":["Burning Blood","Bag of Marbles","Runic Cube","Art of War","Question Card","Anchor"],"potions_floor_usage":[16,16,31,33],"damage_taken":[{"damage":7,"enemies":"Small Slimes","floor":1,"turns":5},{"damage":8,"enemies":"Jaw Worm","floor":2,"turns":3},{"damage":1,"enemies":"Cultist","floor":5,"turns":3},{"damage":17,"enemies":"Looter","floor":7,"turns":4},{"damage":42,"enemies":"Large Slime","floor":8,"turns":7},{"damage":8,"enemies":"2 Fungi Beasts","floor":12,"turns":4},{"damage":0,"enemies":"Exordium Wildlife","floor":14,"turns":3},{"damage":41,"enemies":"Slime Boss","floor":16,"turns":14},{"damage":10,"enemies":"Chosen","floor":18,"turns":4},{"damage":15,"enemies":"2 Thieves","floor":24,"turns":2},{"damage":10,"enemies":"Snake Plant","floor":27,"turns":2},{"damage":6,"enemies":"Cultist and Chosen","floor":28,"turns":3},{"damage":43,"enemies":"Slavers","floor":29,"turns":3},{"damage":2,"enemies":"Centurion and Healer","floor":30,"turns":2},{"damage":8,"enemies":"Snecko","floor":31,"turns":4},{"damage":82,"enemies":"Automaton","floor":33,"turns":8}],"seed_played":"5487643116154610117","potions_obtained":[{"floor":1,"key":"GamblersBrew"},{"floor":2,"key":"LiquidBronze"},{"floor":5,"key":"Ancient Potion"},{"floor":12,"key":"FairyPotion"},{"floor":18,"key":"LiquidBronze"},{"floor":24,"key":"Ancient Potion"}],"is_trial":false,"path_per_floor":["M","M","?","$","M","R","M","M","T","R","?","M","$","M","R","B",null,"M","?","?","$","?","R","M","?","T","M","M","E","M","M","R"],"character_chosen":"IRONCLAD","items_purchased":["Dropkick"],"campfire_rested":1,"item_purchase_floors":[21],"current_hp_per_floor":[79,77,82,82,85,85,74,38,38,38,38,36,36,42,42,7,85,81,85,85,85,85,85,76,76,76,72,72,35,39,37,62,0],"gold":122,"neow_bonus":"TRANSFORM_TWO_CARDS","is_prod":false,"is_daily":false,"chose_seed":false,"campfire_upgraded":4,"win_rate":0,"timestamp":1534398056,"path_taken":["M","M","?","$","M","R","?","M","T","R","?","M","?","M","R","BOSS","M","?","?","$","?","R","?","?","T","M","M","E","M","M","R","BOSS"],"build_version":"2018-08-09","purchased_purges":2,"victory":false,"max_hp_per_floor":[80,80,85,85,85,85,85,85,85,85,85,85,85,85,85,85,85,85,85,85,85,85,85,85,85,85,85,85,85,85,85,85,85],"card_choices":[{"not_picked":["Infernal Blade","Wild Strike"],"picked":"Sentinel","floor":1},{"not_picked":["Sword Boomerang","Corruption","Clash"],"picked":"SKIP","floor":2},{"not_picked":["Armaments","Iron Wave"],"picked":"Seeing Red","floor":5},{"not_picked":["Sword Boomerang","Havoc"],"picked":"Iron Wave","floor":7},{"not_picked":["Fire Breathing","Sever Soul"],"picked":"Havoc","floor":8},{"not_picked":["Havoc","Rage"],"picked":"Carnage","floor":12},{"not_picked":["Thunderclap","Havoc","Sword Boomerang"],"picked":"SKIP","floor":14},{"not_picked":["Barricade","Demon Form"],"picked":"Immolate","floor":16},{"not_picked":["Carnage","Warcry"],"picked":"Feel No Pain+1","floor":18},{"not_picked":["Thunderclap","Dual Wield"],"picked":"True Grit","floor":24},{"not_picked":["Body Slam+1","Clothesline","Rage"],"picked":"Uppercut","floor":27},{"not_picked":["True Grit","Wild Strike+1","Flex","Clothesline+1"],"picked":"SKIP","floor":28},{"not_picked":["Sword Boomerang+1","Brutality","Dark Embrace"],"picked":"Shrug It Off+1","floor":29},{"not_picked":["Sword Boomerang","Ghostly Armor","Thunderclap"],"picked":"Cleave","floor":30},{"not_picked":["Wild Strike","Twin Strike","Clothesline","Heavy Blade+1"],"picked":"SKIP","floor":31}],"player_experience":474166,"relics_obtained":[{"floor":9,"key":"Bag of Marbles"},{"floor":26,"key":"Question Card"},{"floor":29,"key":"Anchor"}],"event_choices":[{"event_name":"Big Fish","player_choice":"Donut","floor":3,"damage_taken":0},{"event_name":"Liars Game","player_choice":"disagreed","floor":11,"damage_taken":0},{"event_name":"Bonfire Elementals","player_choice":"UNCOMMON","floor":19,"damage_taken":0},{"event_name":"Back to Basics","player_choice":"Elegance","floor":20,"damage_taken":0},{"event_name":"The Library","player_choice":"Read","floor":22,"damage_taken":0},{"event_name":"Wheel of Change","player_choice":"Relic","floor":25,"damage_taken":0}],"is_beta":false,"boss_relics":[{"not_picked":["Lizard Tail","Cursed Key"],"picked":"Runic Cube"}],"items_purged_floors":[13,21],"is_endless":false,"potions_floor_spawned":[1,2,5,12,18,24,27],"killed_by":"Automaton","ascension_level":0}