{"gold_per_floor":[117,117,117,117,131,164,164,179,251,251,176,195,227,92,92,188,188,204,216,216,91,106,106,140,140,140,175,175,175,25,97,97,97],"floor_reached":33,"playtime":1069,"items_purged":["Bash","Strike_R","Defend_R","Bite"],"score":567,"play_id":"25f4e244-d744-4d15-a1c3-9029e3db00e5","local_time":"20181215122946","is_ascension_mode":true,"campfire_choices":[{"data":"Whirlwind","floor":7,"key":"SMITH"},{"data":"Uppercut","floor":10,"key":"SMITH"},{"data":"Rampage","floor":15,"key":"SMITH"},{"data":"Seeing Red","floor":23,"key":"SMITH"},{"data":"Double Tap","floor":25,"key":"SMITH"},{"data":"Seeing Red","floor":28,"key":"SMITH"},{"floor":32,"key":"REST"}],"neow_cost":"NONE","seed_source_timestamp":237545387231309,"circlet_count":0,"master_deck":["AscendersBane","Defend_R","Defend_R","Defend_R","Jack Of All Trades","Whirlwind+1","Uppercut+1","Rampage+1","Pommel Strike","Rampage","Double Tap+1","Pommel Strike+1","Seeing Red+1","Seeing Red+1","Seeing Red","Bite","Bite","Bite","Bite"],"relics":["Burning Blood","NeowsBlessing","Pen Nib","Self Forming Clay","Mummified Hand","Empty Cage","Ice Cream","Dodecahedron","Oddly Smooth Stone","The Courier"],"potions_floor_usage":[16,16,33],"damage_taken":[{"damage":0,"enemies":"Cultist","floor":1,"turns":1},{"damage":0,"enemies":"Small Slimes","floor":5,"turns":1},{"damage":0,"enemies":"Gremlin Nob","floor":6,"turns":1},{"damage":0,"enemies":"2 Louse","floor":8,"turns":2},{"damage":0,"enemies":"Gremlin Gang","floor":12,"turns":1},{"damage":15,"enemies":"Lagavulin","floor":13,"turns":5},{"damage":26,"enemies":"The Guardian","floor":16,"turns":10},{"damage":2,"enemies":"Chosen","floor":18,"turns":3},{"damage":19,"enemies":"2 Thieves","floor":19,"turns":4},{"damage":23,"enemies":"Shelled Parasite and Fungi","floor":22,"turns":3},{"damage":0,"enemies":"Gremlin Leader","floor":24,"turns":4},{"damage":34,"enemies":"Slavers","floor":27,"turns":2},{"damage":70,"enemies":"Champ","floor":33,"turns":9}],"seed_played":"4936892006744287897","potions_obtained":[{"floor":1,"key":"Swift Potion"},{"floor":8,"key":"SkillPotion"},{"floor":16,"key":"Strength Potion"},{"floor":22,"key":"SpeedPotion"}],"is_trial":false,"path_per_floor":["M","?","?","?","M","E","R","M","T","R","$","M","E","$","R","B",null,"M","M","?","$","M","R","E","R","T","E","R","?","$","T","R","B"],"character_chosen":"IRONCLAD","items_purchased":["Rampage"],"campfire_rested":1,"item_purchase_floors":[14],"current_hp_per_floor":[78,78,78,78,80,80,80,80,80,80,80,80,71,71,71,51,73,77,64,64,64,47,47,53,53,53,25,25,25,25,25,41,0],"gold":97,"neow_bonus":"THREE_ENEMY_KILL","is_prod":false,"is_daily":false,"chose_seed":false,"campfire_upgraded":6,"win_rate":0,"timestamp":1544848186,"path_taken":["M","?","?","?","M","E","R","?","T","R","$","M","E","$","R","BOSS","M","M","?","$","M","R","E","R","T","E","R","?","$","?","R","BOSS"],"build_version":"2018-12-13","purchased_purges":4,"victory":false,"max_hp_per_floor":[80,80,80,80,80,80,80,80,80,80,80,80,80,80,80,80,80,80,80,80,80,80,80,80,80,80,80,80,56,56,56,56,56],"card_choices":[{"not_picked":["Corruption","Shockwave","True Grit"],"picked":"SKIP","floor":1},{"not_picked":["Headbutt","Wild Strike"],"picked":"Whirlwind","floor":5},{"not_picked":["Shrug It Off","Impervious"],"picked":"Uppercut","floor":6},{"not_picked":["True Grit","Pommel Strike"],"picked":"Rampage","floor":8},{"not_picked":["Combust","Heavy Blade"],"picked":"Pommel Strike","floor":12},{"not_picked":["Entrench","Rage","Evolve"],"picked":"SKIP","floor":13},{"not_picked":["Bludgeon","Reaper"],"picked":"Double Tap","floor":16},{"not_picked":["Armaments","Flex","Body Slam"],"picked":"SKIP","floor":18},{"not_picked":["Havoc","Wild Strike"],"picked":"Pommel Strike+1","floor":19},{"not_picked":["Searing Blow","Intimidate"],"picked":"Seeing Red","floor":22},{"not_picked":["Reaper","Body Slam"],"picked":"Seeing Red","floor":24},{"not_picked":["Heavy Blade","Sword Boomerang","Rage"],"picked":"SKIP","floor":27}],"player_experience":567887,"relics_obtained":[{"floor":6,"key":"Pen Nib"},{"floor":9,"key":"Self Forming Clay"},{"floor":13,"key":"Mummified Hand"},{"floor":24,"key":"Ice Cream"},{"floor":26,"key":"Dodecahedron"},{"floor":27,"key":"Oddly Smooth Stone"},{"floor":31,"key":"The Courier"}],"event_choices":[{"cards_removed":["Strike_R"],"damage_healed":0,"gold_gain":0,"player_choice":"Forget","damage_taken":0,"max_hp_gain":0,"max_hp_loss":0,"event_name":"Living Wall","floor":2,"gold_loss":0},{"damage_healed":0,"gold_gain":0,"player_choice":"Ignored","damage_taken":0,"max_hp_gain":0,"max_hp_loss":0,"event_name":"Liars Game","floor":3,"gold_loss":0},{"damage_healed":0,"gold_gain":0,"player_choice":"1 cards matched","damage_taken":0,"max_hp_gain":0,"max_hp_loss":0,"event_name":"Match and Keep!","floor":4,"gold_loss":0,"cards_obtained":["Jack Of All Trades"]},{"damage_healed":0,"gold_gain":0,"player_choice":"Read","damage_taken":0,"max_hp_gain":0,"max_hp_loss":0,"event_name":"The Library","floor":20,"gold_loss":0,"cards_obtained":["Seeing Red"]},{"damage_healed":0,"gold_gain":0,"player_choice":"Became a vampire","damage_taken":0,"max_hp_gain":0,"max_hp_loss":24,"event_name":"Vampires","floor":29,"gold_loss":0,"cards_obtained":["Bite","Bite","Bite","Bite","Bite"]}],"is_beta":false,"boss_relics":[{"not_picked":["Fusion Hammer","Astrolabe"],"picked":"Empty Cage"}],"items_purged_floors":[11,14,21,30],"is_endless":false,"potions_floor_spawned":[1,8,16,22,24],"killed_by":"Champ","ascension_level":12}