{"path_per_floor":["M","$","?","?","M","R","M","M","T","?","M","R","M","?","R","B"],"character_chosen":"THE_SILENT","items_purchased":[],"gold_per_floor":[110,35,35,35,55,55,66,78,378,378,395,395,408,472,472,575,575],"floor_reached":17,"campfire_rested":1,"playtime":746,"current_hp_per_floor":[69,69,70,63,63,63,63,63,63,49,49,49,47,6,27,13,70],"items_purged":["Strike_G"],"gold":575,"score":147,"play_id":"43062520-6a85-43de-8514-e3aac52d8388","local_time":"20180324172351","is_prod":false,"is_daily":false,"is_ascension_mode":false,"campfire_upgraded":2,"timestamp":1521930231,"path_taken":["M","$","?","?","M","R","M","M","T","?","M","R","?","?","R","BOSS"],"build_version":"2018-03-22v2","purchased_purges":1,"victory":false,"master_deck":["Defend_G","Defend_G","Defend_G","Defend_G","Defend_G+1","Strike_G","Strike_G+1","Strike_G","Strike_G","Survivor","Neutralize","Noxious Fumes+1","Backflip+1","Blade Dance","Venomology"],"max_hp_per_floor":[70,70,70,70,70,70,70,70,70,70,70,70,70,70,70,70,70],"relics":["Ring of the Snake","Omamori","Old Coin","Bag of Marbles","Snecko Eye"],"card_choices":[{"not_picked":["Backflip","Calculated Gamble"],"picked":"Noxious Fumes","floor":1},{"not_picked":["Blur","Dagger Throw"],"picked":"Backflip","floor":7},{"not_picked":["Noxious Fumes","Finisher"],"picked":"Blade Dance","floor":14},{"not_picked":["Tactician","After Image"],"picked":"Venomology","floor":16}],"player_experience":336697,"potions_floor_usage":[14,14,16],"damage_taken":[{"damage":1,"enemies":"Cultist","floor":1,"turns":4},{"damage":0,"enemies":"Jaw Worm","floor":5,"turns":4},{"damage":0,"enemies":"2 Louse","floor":7,"turns":3},{"damage":0,"enemies":"Blue Slaver","floor":8,"turns":5},{"damage":0,"enemies":"Exordium Thugs","floor":11,"turns":5},{"damage":2,"enemies":"Looter","floor":13,"turns":4},{"damage":41,"enemies":"Lagavulin Event","floor":14,"turns":6},{"damage":14,"enemies":"Hexaghost","floor":16,"turns":11}],"event_choices":[{"event_name":"Wheel of Change","player_choice":"Full Heal","floor":3,"damage_taken":0},{"event_name":"Scrap Ooze","player_choice":"success","floor":4,"damage_taken":7},{"event_name":"Shining Light","player_choice":"Entered Light","floor":10,"damage_taken":0},{"event_name":"Dead Adventurer","player_choice":"Searched \u00272\u0027 times","floor":14,"damage_taken":0}],"boss_relics":[{"not_picked":["Black Star","Calling Bell"],"picked":"Snecko Eye"}],"potions_floor_spawned":[5,7,14],"seed_played":"-733618183595518669","ascension_level":0,"is_trial":false}