{"gold_per_floor":[119,129,148,73,93,93,93,93,93,93,112,112],"floor_reached":12,"playtime":968,"items_purged":["Regret"],"score":126,"play_id":"eb0184ee-0e23-4696-8132-475a594f1932","local_time":"20190109220643","is_ascension_mode":true,"campfire_choices":[{"data":"Rage","floor":6,"key":"SMITH"},{"data":"Chrysalis","floor":8,"key":"SMITH"}],"neow_cost":"CURSE","seed_source_timestamp":195143200661887,"circlet_count":0,"master_deck":["AscendersBane","Strike_R","Strike_R","Strike_R","Strike_R+1","Strike_R","Defend_R","Defend_R+1","Defend_R","Defend_R","Bash","Chrysalis+1","PanicButton","Twin Strike","Flame Barrier","Rage+1"],"relics":["Burning Blood","Blue Candle"],"potions_floor_usage":[],"damage_taken":[{"damage":16,"enemies":"Cultist","floor":1,"turns":5},{"damage":11,"enemies":"Jaw Worm","floor":2,"turns":4},{"damage":0,"enemies":"2 Louse","floor":3,"turns":2},{"damage":1,"enemies":"Blue Slaver","floor":5,"turns":3},{"damage":6,"enemies":"Looter","floor":11,"turns":3},{"damage":60,"enemies":"Gremlin Nob","floor":12,"turns":6}],"seed_played":"6752613601790529182","potions_obtained":[{"floor":2,"key":"Dexterity Potion"}],"is_trial":false,"path_per_floor":["M","M","M","$","M","R","?","R","T","$","M","E"],"character_chosen":"IRONCLAD","items_purchased":[],"campfire_rested":0,"item_purchase_floors":[],"current_hp_per_floor":[58,53,59,59,64,64,41,41,41,41,41,0],"gold":112,"neow_bonus":"RANDOM_COLORLESS_2","is_prod":false,"is_daily":false,"chose_seed":false,"campfire_upgraded":2,"win_rate":0,"timestamp":1547042803,"path_taken":["M","?","M","$","M","R","?","R","T","$","M","E"],"build_version":"2019-01-03v4","purchased_purges":1,"victory":false,"max_hp_per_floor":[75,75,75,75,75,75,75,75,75,75,75,75],"card_choices":[{"not_picked":["Pommel Strike","Perfected Strike","Warcry"],"picked":"SKIP","floor":1},{"not_picked":["Sentinel","Iron Wave"],"picked":"Twin Strike","floor":2},{"not_picked":["Hemokinesis","Flex"],"picked":"Flame Barrier","floor":3},{"not_picked":["Sword Boomerang","Clash"],"picked":"Rage","floor":5},{"not_picked":["Heavy Blade","Rage","Burning Pact"],"picked":"SKIP","floor":11}],"player_experience":654894,"relics_obtained":[{"floor":9,"key":"Blue Candle"}],"event_choices":[{"damage_healed":0,"gold_gain":0,"player_choice":"Entered Light","damage_taken":23,"max_hp_gain":0,"max_hp_loss":0,"event_name":"Shining Light","floor":7,"gold_loss":0,"cards_upgraded":["Defend_R","Strike_R"]}],"is_beta":false,"boss_relics":[],"items_purged_floors":[4],"is_endless":false,"potions_floor_spawned":[2],"killed_by":"Gremlin Nob","ascension_level":16}