{"gold_per_floor":[113,131,143,159,171,171,206,224,249,249,174,191,191,202,202,202],"floor_reached":16,"playtime":1036,"items_purged":["Strike_R"],"score":127,"play_id":"045177a0-525c-4180-a212-e2130f55bd26","local_time":"20180810165721","is_ascension_mode":true,"campfire_choices":[{"data":"Double Tap","floor":6,"key":"SMITH"},{"data":"Reaper","floor":10,"key":"SMITH"},{"data":"Cleave","floor":13,"key":"SMITH"},{"floor":15,"key":"REST"}],"neow_cost":"NONE","seed_source_timestamp":379017289779363,"circlet_count":0,"master_deck":["Strike_R","Strike_R","Strike_R","Strike_R","Defend_R","Defend_R","Defend_R","Defend_R","Bash","Double Tap+1","Headbutt","Sword Boomerang","Feel No Pain","Flex","Metallicize","Reaper+1","Cleave+1","Shrug It Off","Cleave"],"relics":["Burning Blood","StoneCalendar","Pen Nib"],"potions_floor_usage":[8,14,14,16,16],"damage_taken":[{"damage":0,"enemies":"2 Louse","floor":1,"turns":2},{"damage":0,"enemies":"Small Slimes","floor":2,"turns":3},{"damage":2,"enemies":"Jaw Worm","floor":3,"turns":3},{"damage":17,"enemies":"3 Louse","floor":4,"turns":5},{"damage":34,"enemies":"Exordium Thugs","floor":5,"turns":5},{"damage":35,"enemies":"3 Sentries","floor":7,"turns":9},{"damage":4,"enemies":"Large Slime","floor":8,"turns":3},{"damage":14,"enemies":"Exordium Wildlife","floor":12,"turns":4},{"damage":10,"enemies":"Red Slaver","floor":14,"turns":2},{"damage":41,"enemies":"The Guardian","floor":16,"turns":14}],"seed_played":"-4427778567800010604","potions_obtained":[{"floor":1,"key":"Weak Potion"},{"floor":7,"key":"SkillPotion"},{"floor":8,"key":"AttackPotion"},{"floor":12,"key":"Dexterity Potion"},{"floor":14,"key":"Dexterity Potion"}],"is_trial":false,"path_per_floor":["M","M","M","M","M","R","E","M","T","R","$","M","R","M","R"],"character_chosen":"IRONCLAD","items_purchased":[],"campfire_rested":1,"item_purchase_floors":[],"current_hp_per_floor":[80,80,80,69,41,41,12,14,14,14,14,12,12,8,32,0],"gold":202,"neow_bonus":"ONE_RANDOM_RARE_CARD","is_prod":false,"is_daily":false,"chose_seed":false,"campfire_upgraded":3,"win_rate":0,"timestamp":1533891441,"path_taken":["M","M","M","M","M","R","E","M","T","R","$","M","R","M","R","BOSS"],"build_version":"2018-08-09","purchased_purges":1,"victory":false,"max_hp_per_floor":[80,80,80,80,80,80,80,80,80,80,80,80,80,80,80,80],"card_choices":[{"not_picked":["Carnage","Sword Boomerang"],"picked":"Headbutt","floor":1},{"not_picked":["Hemokinesis","Wild Strike"],"picked":"Sword Boomerang","floor":2},{"not_picked":["Pummel","Wild Strike"],"picked":"Feel No Pain","floor":3},{"not_picked":["Armaments","Headbutt"],"picked":"Flex","floor":4},{"not_picked":["Sentinel","Armaments"],"picked":"Metallicize","floor":5},{"not_picked":["Reckless Charge","Bloodletting"],"picked":"Reaper","floor":7},{"not_picked":["Iron Wave","Thunderclap"],"picked":"Cleave","floor":8},{"not_picked":["Pommel Strike","Headbutt"],"picked":"Shrug It Off","floor":12},{"not_picked":["Pommel Strike","Impervious"],"picked":"Cleave","floor":14}],"player_experience":332061,"relics_obtained":[{"floor":7,"key":"StoneCalendar"},{"floor":9,"key":"Pen Nib"}],"event_choices":[],"is_beta":false,"boss_relics":[],"items_purged_floors":[11],"is_endless":false,"potions_floor_spawned":[1,7,8,12,14],"killed_by":"The Guardian","ascension_level":4}