{"gold_per_floor":[110,32,32,42,54,86,86,118,143,143,67,67,82,100,100,176,176,193,193,193,173,184,184,209,209,232,232,244,73,106,31,31,31],"floor_reached":33,"playtime":977,"items_purged":["Defend_B"],"score":567,"play_id":"6fe3b021-a559-4b18-8d2f-9d3f6da6d797","local_time":"20190614004422","is_ascension_mode":true,"campfire_choices":[{"floor":7.0,"key":"REST"},{"floor":10.0,"key":"REST"},{"floor":15.0,"key":"REST"},{"floor":23,"key":"REST"},{"floor":25,"key":"REST"},{"data":"Recycle","floor":27,"key":"SMITH"},{"floor":32,"key":"REST"}],"neow_cost":"NONE","seed_source_timestamp":75170250454290,"circlet_count":0,"master_deck":["AscendersBane","Strike_B","Defend_B+1","Zap","Dualcast+1","Loop","Loop","Ball Lightning","Conserve Battery+1","Cold Snap","Cold Snap","Defragment","Defragment","Loop","Double Energy","Force Field+1","Cold Snap+1","Thunder Strike+1","BootSequence+1","FTL","Chill","Recycle+1","Blizzard+1","Ball Lightning"],"special_seed":0,"relics":["Cracked Core","Dream Catcher","Centennial Puzzle","War Paint","Astrolabe","Oddly Smooth Stone","Boot","Lantern","Anchor"],"potions_floor_usage":[16,30,30],"damage_taken":[{"damage":8.0,"enemies":"2 Louse","floor":1.0,"turns":2.0},{"damage":1.0,"enemies":"Cultist","floor":4.0,"turns":3.0},{"damage":7.0,"enemies":"Jaw Worm","floor":5.0,"turns":3.0},{"damage":35.0,"enemies":"Gremlin Nob","floor":6.0,"turns":4.0},{"damage":16.0,"enemies":"3 Sentries","floor":8.0,"turns":8.0},{"damage":16.0,"enemies":"Lots of Slimes","floor":13.0,"turns":4.0},{"damage":1.0,"enemies":"2 Fungi Beasts","floor":14.0,"turns":3.0},{"damage":18,"enemies":"Slime Boss","floor":16,"turns":7},{"damage":12,"enemies":"Chosen","floor":18,"turns":5},{"damage":17,"enemies":"3 Byrds","floor":22,"turns":5},{"damage":31,"enemies":"Book of Stabbing","floor":24,"turns":8},{"damage":14,"enemies":"Snecko","floor":28,"turns":6},{"damage":23,"enemies":"Gremlin Leader","floor":30,"turns":6},{"damage":51,"enemies":"Collector","floor":33,"turns":7}],"seed_played":"-7841362678379727698","potions_obtained":[{"floor":4.0,"key":"Fire Potion"},{"floor":6.0,"key":"Strength Potion"},{"floor":8.0,"key":"SneckoOil"},{"floor":21,"key":"SmokeBomb"},{"floor":24,"key":"Poison Potion"},{"floor":28,"key":"AttackPotion"}],"is_trial":false,"path_per_floor":["M","$","?","M","M","E","R","E","T","R","$","?","M","M","R","B",null,"M","?","?","?","M","R","E","R","T","R","M","$","E","$","R","B"],"character_chosen":"DEFECT","items_purchased":["FocusPotion","Defragment","Lantern"],"campfire_rested":6,"item_purchase_floors":[2,11,29],"current_hp_per_floor":[56,56,56,55,48,13,34,18,18,39,39,39,23,22,43,25,60,48,48,48,48,31,52,21,42,42,42,28,28,5,5,26,0],"gold":31,"neow_bonus":"UPGRADE_CARD","is_prod":false,"is_daily":false,"chose_seed":false,"campfire_upgraded":1,"win_rate":0,"timestamp":1560444262,"path_taken":["M","$","?","?","M","E","R","E","T","R","?","?","M","?","R","BOSS","M","?","?","?","M","R","E","R","T","R","?","$","E","?","R","BOSS"],"build_version":"2019-01-23","purchased_purges":1,"victory":false,"max_hp_per_floor":[71,71,71,71,71,71,71,71,71,71,71,71,71,71,71,71,71,71,71,71,71,71,71,71,71,71,71,71,71,71,71,71,71],"card_choices":[{"not_picked":["Sweeping Beam","Steam"],"picked":"Loop","floor":1.0},{"not_picked":["Sweeping Beam","FTL"],"picked":"Ball Lightning","floor":4.0},{"not_picked":["Go for the Eyes","Lockon"],"picked":"Conserve Battery","floor":5.0},{"not_picked":["Steam","Amplify","Rebound"],"picked":"SKIP","floor":6.0},{"not_picked":["Streamline","Stack"],"picked":"Cold Snap","floor":7.0},{"not_picked":["Storm","Gash"],"picked":"Cold Snap","floor":8.0},{"not_picked":["Undo","Sweeping Beam"],"picked":"Defragment","floor":10.0},{"not_picked":["Turbo","Gash","Lockon"],"picked":"SKIP","floor":13.0},{"not_picked":["Hologram","Steam Power"],"picked":"Loop","floor":14.0},{"not_picked":["Go for the Eyes","Hello World"],"picked":"Double Energy","floor":15.0},{"not_picked":["Darkness","Conserve Battery"],"picked":"BootSequence+1","floor":18},{"not_picked":["Rebound+1","Aggregate"],"picked":"FTL","floor":22},{"not_picked":["Recycle","Sweeping Beam"],"picked":"Chill","floor":23},{"not_picked":["Coolheaded","Barrage"],"picked":"Recycle","floor":24},{"not_picked":["Coolheaded","Compile Driver"],"picked":"Blizzard+1","floor":28},{"not_picked":["Scrape","Consume","Stack+1"],"picked":"SKIP","floor":30},{"not_picked":["Barrage","Reboot"],"picked":"Ball Lightning","floor":32}],"player_experience":670831,"relics_obtained":[{"floor":6.0,"key":"Dream Catcher"},{"floor":8.0,"key":"Centennial Puzzle"},{"floor":9.0,"key":"War Paint"},{"floor":24,"key":"Oddly Smooth Stone"},{"floor":26,"key":"Boot"},{"floor":30,"key":"Anchor"}],"event_choices":[{"damage_healed":0.0,"max_hp_gain":0.0,"max_hp_loss":0.0,"gold_gain":0.0,"cards_transformed":["Strike_B"],"event_name":"Transmorgrifier","player_choice":"Transformed","floor":3.0,"gold_loss":0.0,"damage_taken":0.0,"cards_obtained":["Loop"]},{"damage_healed":0.0,"max_hp_gain":0.0,"max_hp_loss":0.0,"gold_gain":0.0,"event_name":"Match and Keep!","player_choice":"0 cards matched","floor":12.0,"gold_loss":0.0,"damage_taken":0.0,"cards_obtained":[]},{"cards_removed":["Defend_B"],"damage_healed":0,"gold_gain":0,"player_choice":"Elegance","damage_taken":0,"max_hp_gain":0,"max_hp_loss":0,"event_name":"Back to Basics","floor":19,"gold_loss":0},{"damage_healed":0,"gold_gain":0,"player_choice":"Ignored","damage_taken":0,"max_hp_gain":0,"max_hp_loss":0,"event_name":"The Mausoleum","floor":20,"gold_loss":0},{"damage_healed":0,"gold_gain":0,"player_choice":"Bought 1 Potion","damage_taken":0,"max_hp_gain":0,"max_hp_loss":0,"event_name":"The Woman in Blue","floor":21,"gold_loss":0}],"is_beta":false,"boss_relics":[{"not_picked":["White Beast Statue","Black Star"],"picked":"Astrolabe"}],"items_purged_floors":[31],"is_endless":false,"potions_floor_spawned":[4,6,8,22,24,28],"killed_by":"Collector","ascension_level":19}