{"path_per_floor":["M","?","?","M","T","E","M","R","T","$","M","M","M","M","R","B",null,"M","M"],"character_chosen":"THE_SILENT","items_purchased":["Noxious Fumes"],"gold_per_floor":[118,118,118,131,131,160,180,180,251,95,115,128,145,157,157,258,258,276,216],"floor_reached":20,"campfire_rested":2,"playtime":1442,"current_hp_per_floor":[61,54,40,27,27,13,13,49,49,49,49,38,35,32,67,36,59,54,50],"items_purged":["Parasite"],"gold":216,"score":267,"play_id":"42b04105-6430-46e7-a179-4e73163ae068","local_time":"20180307234339","is_prod":false,"is_daily":false,"is_ascension_mode":true,"campfire_upgraded":0,"timestamp":1520487819,"path_taken":["M","?","?","?","?","E","M","R","T","$","?","M","M","?","R","BOSS","M","?","M"],"build_version":"2018-03-01-PROD1","purchased_purges":1,"victory":false,"master_deck":["Defend_G","Defend_G","Defend_G","Defend_G","Defend_G","Strike_G+1","Strike_G","Strike_G","Strike_G","Strike_G+1","Survivor","Neutralize","Dagger Throw","Deflect","Cloak And Dagger","Noxious Fumes","Escape Plan","Deflect+1"],"max_hp_per_floor":[70,70,70,70,70,70,70,70,70,67,67,67,67,67,67,67,67,67,67],"relics":["Ring of the Snake","Blue Candle","Oddly Smooth Stone","Regal Pillow","Bottled Lightning","Cursed Key"],"card_choices":[{"not_picked":["PiercingWail","Reflex"],"picked":"Dagger Throw"},{"not_picked":["Dash","Infinite Blades"],"picked":"Deflect"},{"not_picked":["Dodge and Roll","Dagger Throw"],"picked":"Cloak And Dagger"},{"not_picked":["Quick Slash","Skewer"],"picked":"Escape Plan"},{"not_picked":["Slice","PiercingWail"],"picked":"Deflect"}],"player_experience":260200,"potions_floor_usage":[6,6,6,12,14,16],"damage_taken":[{"damage":2,"enemies":"2 Louse","floor":1,"turns":3},{"damage":13,"enemies":"Jaw Worm","floor":4,"turns":5},{"damage":14,"enemies":"Lagavulin","floor":6,"turns":5},{"damage":0,"enemies":"Small Slimes","floor":7,"turns":4},{"damage":0,"enemies":"2 Fungi Beasts","floor":11,"turns":4},{"damage":11,"enemies":"Exordium Wildlife","floor":12,"turns":5},{"damage":3,"enemies":"Gremlin Gang","floor":13,"turns":5},{"damage":3,"enemies":"Exordium Thugs","floor":14,"turns":5},{"damage":31,"enemies":"The Guardian","floor":16,"turns":14},{"damage":5,"enemies":"Shell Parasite","floor":18,"turns":8},{"damage":4,"enemies":"2 Thieves","floor":19,"turns":4},{"damage":51,"enemies":"Cultist and Chosen","floor":20,"turns":11}],"event_choices":[{"event_name":"Scrap Ooze","player_choice":"success","floor":2,"damage_taken":7},{"event_name":"Shining Light","player_choice":"Entered Light","floor":3,"damage_taken":0}],"boss_relics":[{"not_picked":["Philosopher\u0027s Stone","Black Star"],"picked":"Cursed Key"}],"potions_floor_spawned":[1,6,12,14,19],"seed_played":"-7116490524376217374","killed_by":"Cultist and Chosen","ascension_level":10,"is_trial":false}