{"gold_per_floor":[111,111,186,196,146,181,197,228,228,241,257,281,301,331,331,426,426,436,436,28,43,60,60,160,186,186,215,231,231,256,269,269,366,366],"floor_reached":34,"playtime":2572,"items_purged":["Strike_B"],"score":973,"play_id":"981169c6-934a-45f1-a8b5-86569affb57f","local_time":"20190613091114","is_ascension_mode":true,"campfire_choices":[{"data":"Reboot","floor":15,"key":"SMITH"},{"data":"Amplify","floor":23,"key":"SMITH"},{"data":"Defend_B","floor":32,"key":"PURGE"}],"neow_cost":"NONE","seed_source_timestamp":225835823872700,"circlet_count":0,"master_deck":["AscendersBane","Defend_B","Zap","Dualcast","Buffer","Streamline","Creative AI","Scrape","Hologram","Reboot+1","Gash","Rebound","Conserve Battery","Amplify+1","Static Discharge","BootSequence","Heatsinks","Bite","Bite","Bite","Bite","Bite","Static Discharge","Hello World","Seek"],"relics":["Cracked Core","Bag of Marbles","Dodecahedron","Omamori","Odd Mushroom","Meat on the Bone","Sozu","Enchiridion","Letter Opener","Dead Branch","Sundial","Kunai","Bottled Tornado","Lantern","Peace Pipe","Empty Cage"],"potions_floor_usage":[6,16],"damage_taken":[{"damage":5,"enemies":"Small Slimes","floor":1,"turns":3},{"damage":0,"enemies":"2 Louse","floor":4,"turns":2},{"damage":28,"enemies":"Lagavulin","floor":6,"turns":6},{"damage":7,"enemies":"Jaw Worm","floor":7,"turns":2},{"damage":20,"enemies":"Gremlin Nob","floor":8,"turns":6},{"damage":1,"enemies":"Looter","floor":10,"turns":2},{"damage":0,"enemies":"Blue Slaver","floor":11,"turns":4},{"damage":0,"enemies":"The Mushroom Lair","floor":12,"turns":3},{"damage":0,"enemies":"2 Fungi Beasts","floor":13,"turns":3},{"damage":0,"enemies":"3 Sentries","floor":14,"turns":5},{"damage":0,"enemies":"The Guardian","floor":16,"turns":7},{"damage":0,"enemies":"2 Thieves","floor":18,"turns":3},{"damage":0,"enemies":"Shell Parasite","floor":21,"turns":2},{"damage":0,"enemies":"Snake Plant","floor":22,"turns":3},{"damage":0,"enemies":"Colosseum Slavers","floor":24,"turns":2},{"damage":0,"enemies":"Colosseum Nobs","floor":24,"turns":4},{"damage":0,"enemies":"Slavers","floor":25,"turns":2},{"damage":0,"enemies":"Book of Stabbing","floor":27,"turns":4},{"damage":0,"enemies":"Centurion and Healer","floor":28,"turns":3},{"damage":0,"enemies":"Gremlin Leader","floor":30,"turns":5},{"damage":0,"enemies":"Snecko","floor":31,"turns":2},{"damage":0,"enemies":"Champ","floor":33,"turns":10}],"seed_played":"-6541188512243442825","potions_obtained":[{"floor":4,"key":"SkillPotion"},{"floor":6,"key":"Explosive Potion"},{"floor":8,"key":"SneckoOil"},{"floor":11,"key":"EntropicBrew"}],"is_trial":false,"path_per_floor":["M","?","?","M","?","E","M","E","T","M","M","?","M","E","R","B",null,"M","?","$","M","M","R","?","E","T","E","M","?","E","M","R","B",null],"character_chosen":"DEFECT","items_purchased":["Letter Opener","Static Discharge"],"campfire_rested":0,"item_purchase_floors":[20,20],"current_hp_per_floor":[63,68,57,57,57,29,22,2,2,1,1,1,1,1,1,13,63,63,47,47,47,47,47,47,47,47,47,47,47,56,56,56,56,56],"gold":366,"neow_bonus":"ONE_RANDOM_RARE_CARD","is_prod":false,"is_daily":false,"chose_seed":false,"campfire_upgraded":2,"win_rate":0,"timestamp":1560409874,"path_taken":["M","?","?","M","?","E","?","E","T","M","M","?","M","E","R","BOSS","M","?","$","M","M","R","?","E","T","E","M","?","E","M","R","BOSS"],"build_version":"2019-01-23","purchased_purges":1,"victory":false,"max_hp_per_floor":[75,80,80,80,80,80,80,80,80,80,80,80,80,80,80,80,80,80,80,80,80,80,80,80,80,80,80,80,56,56,56,56,56,56],"card_choices":[{"not_picked":["Steam","Leap"],"picked":"Streamline","floor":1},{"not_picked":["Storm","Recycle"],"picked":"Creative AI","floor":4},{"not_picked":["Leap","Tempest"],"picked":"Scrape","floor":6},{"not_picked":["Beam Cell","Steam"],"picked":"Hologram","floor":7},{"not_picked":["Rebound","Barrage"],"picked":"Reboot","floor":8},{"not_picked":["FTL","Redo"],"picked":"Gash","floor":10},{"not_picked":["Go for the Eyes","Ball Lightning"],"picked":"Rebound","floor":11},{"not_picked":["Leap","Fusion","Hologram"],"picked":"SKIP","floor":13},{"not_picked":["Auto Shields","Steam"],"picked":"Conserve Battery","floor":14},{"not_picked":["Thunder Strike","Multi-Cast"],"picked":"Amplify","floor":16},{"not_picked":["Turbo","Barrage","Coolheaded"],"picked":"SKIP","floor":18},{"not_picked":["Coolheaded","Stack","Streamline"],"picked":"SKIP","floor":21},{"not_picked":["Turbo+1","Undo+1","Redo"],"picked":"SKIP","floor":22},{"not_picked":["Chaos","Ball Lightning+1"],"picked":"BootSequence","floor":24},{"not_picked":["Rip and Tear","Chill","Scrape+1"],"picked":"SKIP","floor":25},{"not_picked":["Aggregate+1","Steam Power","Barrage"],"picked":"SKIP","floor":27},{"not_picked":["Lockon","Cold Snap"],"picked":"Heatsinks","floor":28},{"not_picked":["Sweeping Beam","Beam Cell+1"],"picked":"Static Discharge","floor":30},{"not_picked":["Compile Driver+1","Streamline"],"picked":"Hello World","floor":31},{"not_picked":["All For One","Thunder Strike"],"picked":"Seek","floor":33}],"player_experience":211529,"relics_obtained":[{"floor":6,"key":"Bag of Marbles"},{"floor":8,"key":"Dodecahedron"},{"floor":9,"key":"Omamori"},{"floor":12,"key":"Odd Mushroom"},{"floor":14,"key":"Meat on the Bone"},{"floor":19,"key":"Enchiridion"},{"floor":24,"key":"Dead Branch"},{"floor":24,"key":"Sundial"},{"floor":25,"key":"Kunai"},{"floor":26,"key":"Bottled Tornado"},{"floor":27,"key":"Lantern"},{"floor":30,"key":"Peace Pipe"}],"event_choices":[{"damage_healed":0,"gold_gain":0,"player_choice":"Donut","damage_taken":0,"max_hp_gain":5,"max_hp_loss":0,"event_name":"Big Fish","floor":2,"gold_loss":0},{"damage_healed":0,"gold_gain":75,"player_choice":"Gather Gold","damage_taken":11,"max_hp_gain":0,"max_hp_loss":0,"event_name":"World of Goop","floor":3,"gold_loss":0},{"cards_removed":["Strike_B"],"damage_healed":0,"gold_gain":0,"player_choice":"Card Removal","damage_taken":0,"max_hp_gain":0,"max_hp_loss":0,"event_name":"The Cleric","floor":5,"gold_loss":50},{"damage_healed":0,"gold_gain":0,"player_choice":"Fought Mushrooms","damage_taken":0,"max_hp_gain":0,"max_hp_loss":0,"event_name":"Mushrooms","floor":12,"gold_loss":0},{"damage_healed":0,"gold_gain":0,"player_choice":"Obtained Book","damage_taken":16,"max_hp_gain":0,"max_hp_loss":0,"event_name":"Cursed Tome","floor":19,"gold_loss":0},{"damage_healed":0,"gold_gain":0,"player_choice":"Fight","damage_taken":0,"max_hp_gain":0,"max_hp_loss":0,"event_name":"Colosseum","floor":24,"gold_loss":0},{"damage_healed":0,"gold_gain":0,"player_choice":"Fought Nobs","damage_taken":0,"max_hp_gain":0,"max_hp_loss":0,"event_name":"Colosseum","floor":24,"gold_loss":0},{"damage_healed":0,"gold_gain":0,"player_choice":"Became a vampire","damage_taken":0,"max_hp_gain":0,"max_hp_loss":24,"event_name":"Vampires","floor":29,"gold_loss":0,"cards_obtained":["Bite","Bite","Bite","Bite","Bite"]}],"is_beta":false,"boss_relics":[{"not_picked":["Busted Crown","Ectoplasm"],"picked":"Sozu"},{"not_picked":["Orrery","Eternal Feather"],"picked":"Empty Cage"}],"items_purged_floors":[20],"is_endless":false,"potions_floor_spawned":[4,6,8,11,13,18,21,22,27,28],"ascension_level":10}