{"gold_per_floor":[111,186,111,111,129,129,154,154,154,181,191,211,211,225,225,321,321,340,340,351,201,215,215,245,120,120,134,162,162,186,36,36,132,132,146,146,146],"floor_reached":38,"playtime":3022,"items_purged":["Strike_R","Strike_R+1","Defend_R","Bash+1"],"score":960,"play_id":"50236160-1c66-4531-a560-7d0834a2d9fe","local_time":"20180816084235","is_ascension_mode":true,"campfire_choices":[{"data":"Shrug It Off","floor":6,"key":"SMITH"},{"data":"Body Slam","floor":8,"key":"SMITH"},{"floor":15,"key":"REST"},{"data":"Body Slam","floor":23,"key":"SMITH"},{"data":"Barricade","floor":29,"key":"SMITH"},{"data":"Entrench","floor":32,"key":"SMITH"}],"neow_cost":"NONE","seed_source_timestamp":468726577378,"circlet_count":0,"master_deck":["Defend_R","Defend_R","Defend_R","Body Slam+1","Shrug It Off+1","Metallicize","Metallicize","Body Slam+1","Juggernaut","Shrug It Off+1","Shrug It Off","Barricade+1","Entrench+1"],"relics":["Burning Blood","Torii","Bronze Scales","Regal Pillow","Empty Cage","Vajra","Singing Bowl","Kunai","Red Skull","Cursed Key"],"potions_floor_usage":[16,24,24,24,24,24,37],"damage_taken":[{"damage":9,"enemies":"2 Louse","floor":1,"turns":2},{"damage":4,"enemies":"Small Slimes","floor":5,"turns":4},{"damage":35,"enemies":"Lagavulin","floor":7,"turns":6},{"damage":2,"enemies":"3 Sentries","floor":10,"turns":10},{"damage":0,"enemies":"Jaw Worm","floor":11,"turns":4},{"damage":1,"enemies":"Looter","floor":12,"turns":3},{"damage":0,"enemies":"Blue Slaver","floor":14,"turns":4},{"damage":2,"enemies":"The Guardian","floor":16,"turns":10},{"damage":1,"enemies":"Chosen","floor":18,"turns":4},{"damage":8,"enemies":"Shell Parasite","floor":20,"turns":4},{"damage":0,"enemies":"Chosen and Byrds","floor":22,"turns":6},{"damage":17,"enemies":"Slavers","floor":24,"turns":6},{"damage":1,"enemies":"Centurion and Healer","floor":27,"turns":6},{"damage":16,"enemies":"Gremlin Leader","floor":28,"turns":7},{"damage":0,"enemies":"Collector","floor":33,"turns":11},{"damage":14,"enemies":"3 Darklings","floor":35,"turns":4},{"damage":13,"enemies":"Awakened One","floor":37,"turns":6}],"seed_played":"-8206313842571790080","potions_obtained":[{"floor":10,"key":"Energy Potion"},{"floor":11,"key":"Weak Potion"},{"floor":22,"key":"EntropicBrew"},{"floor":27,"key":"Poison Potion"}],"is_trial":false,"path_per_floor":["M","?","$","?","M","R","E","R","T","E","M","M","?","M","R","B",null,"M","?","M","$","M","R","E","$","T","M","E","R","T","$","R","B",null,"M","?","B"],"character_chosen":"IRONCLAD","items_purchased":["Shrug It Off"],"campfire_rested":1,"item_purchase_floors":[21],"current_hp_per_floor":[69,58,58,42,44,44,15,15,15,19,25,30,23,29,68,72,78,80,80,78,78,80,80,69,69,69,76,66,66,66,66,66,74,82,76,76,69],"gold":146,"neow_bonus":"THREE_CARDS","is_prod":false,"is_daily":false,"chose_seed":false,"campfire_upgraded":5,"win_rate":0,"timestamp":1534380155,"path_taken":["M","?","$","?","M","R","E","R","T","E","M","M","?","M","R","BOSS","M","?","M","?","M","R","E","$","T","M","E","R","?","$","R","BOSS","M","?","BOSS"],"build_version":"2018-08-09","purchased_purges":4,"victory":true,"max_hp_per_floor":[80,80,80,80,80,80,80,80,80,80,80,80,80,80,80,80,80,80,80,80,80,80,80,80,80,80,82,82,82,82,82,82,84,84,86,86,86],"card_choices":[{"not_picked":["Fire Breathing","Flex"],"picked":"Body Slam","floor":1},{"not_picked":["Anger","Warcry"],"picked":"Shrug It Off","floor":5},{"not_picked":["Wild Strike","Armaments","Anger"],"picked":"SKIP","floor":7},{"not_picked":["Corruption","Iron Wave","Blood for Blood"],"picked":"SKIP","floor":10},{"not_picked":["Iron Wave","Hemokinesis"],"picked":"Metallicize","floor":11},{"not_picked":["Corruption","Power Through"],"picked":"Metallicize","floor":12},{"not_picked":["Clothesline","Dropkick"],"picked":"Body Slam","floor":14},{"not_picked":["Exhume","Fiend Fire"],"picked":"Juggernaut","floor":16},{"not_picked":["Sword Boomerang","Body Slam","Anger"],"picked":"SKIP","floor":18},{"not_picked":["Rampage","Combust","Carnage"],"picked":"SKIP","floor":20},{"not_picked":["Wild Strike","Pommel Strike","Anger"],"picked":"SKIP","floor":22},{"not_picked":["Entrench","Pummel"],"picked":"Barricade","floor":24},{"not_picked":["Clash","Perfected Strike+1","Corruption+1"],"picked":"Singing Bowl","floor":27},{"not_picked":["Intimidate","Cleave"],"picked":"Entrench","floor":28},{"not_picked":["Dark Embrace","Berserk","Barricade"],"picked":"Singing Bowl","floor":33},{"not_picked":["Second Wind+1","Havoc","Cleave"],"picked":"Singing Bowl","floor":35}],"player_experience":457326,"relics_obtained":[{"floor":7,"key":"Torii"},{"floor":9,"key":"Bronze Scales"},{"floor":10,"key":"Regal Pillow"},{"floor":24,"key":"Vajra"},{"floor":26,"key":"Singing Bowl"},{"floor":28,"key":"Kunai"},{"floor":30,"key":"Red Skull"}],"event_choices":[{"event_name":"World of Goop","player_choice":"Gather Gold","floor":2,"damage_taken":0},{"event_name":"Shining Light","player_choice":"Entered Light","floor":4,"damage_taken":0},{"event_name":"Golden Wing","player_choice":"Card Removal","floor":13,"damage_taken":0},{"event_name":"Duplicator","player_choice":"One dupe","floor":19,"damage_taken":0},{"event_name":"SecretPortal","player_choice":"Took Portal.","floor":36,"damage_taken":0}],"is_beta":false,"boss_relics":[{"not_picked":["Pandora\u0027s Box","Black Star"],"picked":"Empty Cage"},{"not_picked":["Calling Bell","Fusion Hammer"],"picked":"Cursed Key"}],"items_purged_floors":[3,21,25,31],"is_endless":false,"potions_floor_spawned":[10,11,22,27],"ascension_level":9}