{"gold_per_floor":[118,3,3,20,20,20,39,39,65,65,78,93,122,22,22,123,123,140,15,30,30,30,30,59,59,113,143,163,163,163,183,183,286,286,297,297,147,164,180,212,212,239,265,90,100,100,100,118,118,118],"floor_reached":51,"playtime":1886,"items_purged":["Strike_R","Strike_R","Defend_R","Corruption+1","Combust+1"],"score":937,"play_id":"aaa026d3-de9f-4940-933d-e7a1822d62c3","local_time":"20180810200145","is_ascension_mode":true,"campfire_choices":[{"data":"Rampage","floor":6,"key":"SMITH"},{"data":"Bash","floor":8,"key":"SMITH"},{"data":"Defend_R","floor":10,"key":"SMITH"},{"data":"Inflame","floor":15,"key":"SMITH"},{"data":"Defend_R","floor":23,"key":"SMITH"},{"data":"Strike_R","floor":29,"key":"SMITH"},{"floor":32,"key":"REST"},{"floor":41,"key":"REST"},{"floor":49,"key":"REST"}],"neow_cost":"NONE","seed_source_timestamp":389209040157951,"circlet_count":0,"master_deck":["Bash+1","Rampage+1","Inflame+1","Rampage+1","Bludgeon+1","Seeing Red+1","Madness","Madness"],"relics":["Burning Blood","FaceOfCleric","Bronze Scales","Orichalcum","Velvet Choker","Lantern","Boot","Thread and Needle","Astrolabe","Turnip","Champion Belt","Frozen Egg 2","Ancient Tea Set"],"potions_floor_usage":[16,24,24,27,31,40,48,50],"damage_taken":[{"damage":19,"enemies":"Small Slimes","floor":1,"turns":5},{"damage":8,"enemies":"2 Louse","floor":4,"turns":3},{"damage":1,"enemies":"Cultist","floor":7,"turns":3},{"damage":18,"enemies":"Large Slime","floor":11,"turns":2},{"damage":0,"enemies":"3 Louse","floor":12,"turns":3},{"damage":16,"enemies":"Gremlin Nob","floor":13,"turns":3},{"damage":9,"enemies":"The Guardian","floor":16,"turns":6},{"damage":4,"enemies":"3 Byrds","floor":18,"turns":3},{"damage":7,"enemies":"Chosen","floor":20,"turns":3},{"damage":19,"enemies":"Slavers","floor":24,"turns":5},{"damage":41,"enemies":"Book of Stabbing","floor":27,"turns":5},{"damage":0,"enemies":"Snecko","floor":28,"turns":3},{"damage":0,"enemies":"Cultist and Chosen","floor":31,"turns":3},{"damage":8,"enemies":"Champ","floor":33,"turns":6},{"damage":11,"enemies":"Orb Walker","floor":35,"turns":3},{"damage":15,"floor":36,"turns":4},{"damage":20,"enemies":"3 Shapes","floor":38,"turns":3},{"damage":30,"enemies":"Flame Bruiser 2 Orb","floor":39,"turns":4},{"damage":13,"enemies":"2 Orb Walkers","floor":40,"turns":3},{"damage":3,"enemies":"Giant Head","floor":42,"turns":5},{"damage":14,"enemies":"Maw","floor":45,"turns":5},{"damage":0,"enemies":"Spire Growth","floor":48,"turns":2},{"damage":43,"enemies":"Awakened One","floor":50,"turns":5}],"seed_played":"-3224660823823998218","potions_obtained":[{"floor":1,"key":"Fire Potion"},{"floor":7,"key":"Weak Potion"},{"floor":11,"key":"EssenceOfSteel"},{"floor":18,"key":"Explosive Potion"},{"floor":24,"key":"PowerPotion"},{"floor":28,"key":"BloodPotion"},{"floor":31,"key":"AttackPotion"},{"floor":36,"key":"PowerPotion"},{"floor":42,"key":"AttackPotion"},{"floor":48,"key":"Weak Potion"}],"is_trial":false,"path_per_floor":["M","$","?","M","?","R","M","R","T","R","M","M","E","$","R","B",null,"M","$","M","?","?","R","E","$","T","E","M","R","?","M","R","B",null,"M","?","$","M","M","E","R","E","T","$","M","$","?","M","R","B"],"character_chosen":"IRONCLAD","items_purchased":["Rampage"],"campfire_rested":3,"item_purchase_floors":[2],"current_hp_per_floor":[67,67,67,65,65,65,71,71,71,71,60,67,58,58,58,56,85,86,86,86,86,87,87,75,75,75,41,48,48,30,46,74,73,97,93,85,85,72,49,43,73,77,77,77,70,70,57,64,95,59],"gold":118,"neow_bonus":"REMOVE_CARD","is_prod":false,"is_daily":false,"chose_seed":false,"campfire_upgraded":6,"win_rate":0,"timestamp":1533902505,"path_taken":["M","$","?","M","?","R","M","R","T","R","M","M","E","$","R","BOSS","M","$","M","?","?","R","E","$","T","E","?","R","?","M","R","BOSS","M","?","$","M","M","E","R","E","T","?","M","$","?","M","R","BOSS"],"build_version":"2018-08-09","purchased_purges":5,"victory":true,"max_hp_per_floor":[80,80,80,80,80,80,81,81,81,81,82,83,84,84,84,85,85,86,86,87,87,87,87,88,88,88,89,90,90,95,96,96,97,97,98,99,99,100,101,102,102,103,103,103,104,104,104,105,105,106],"card_choices":[{"not_picked":["Carnage","Dual Wield","Sentinel"],"picked":"SKIP","floor":1},{"not_picked":["Havoc","Pummel","Shockwave"],"picked":"SKIP","floor":4},{"not_picked":["Warcry","Burning Pact","Flex"],"picked":"SKIP","floor":7},{"not_picked":["Entrench","Twin Strike","True Grit"],"picked":"SKIP","floor":11},{"not_picked":["Shrug It Off","Heavy Blade","Headbutt"],"picked":"SKIP","floor":12},{"not_picked":["Cleave","Thunderclap"],"picked":"Inflame","floor":13},{"not_picked":["Iron Wave","Heavy Blade","Reckless Charge"],"picked":"SKIP","floor":18},{"not_picked":["Rage","Thunderclap","Corruption"],"picked":"SKIP","floor":20},{"not_picked":["Twin Strike","Pummel","Whirlwind"],"picked":"SKIP","floor":24},{"not_picked":["Spot Weakness","Dropkick+1"],"picked":"Rampage+1","floor":27},{"not_picked":["Twin Strike","Sword Boomerang","Havoc+1"],"picked":"SKIP","floor":28},{"not_picked":["Perfected Strike","Clash","Havoc"],"picked":"SKIP","floor":31},{"not_picked":["Feel No Pain+1","Wild Strike","Burning Pact+1"],"picked":"SKIP","floor":35},{"not_picked":["Sword Boomerang+1","Corruption"],"picked":"Seeing Red+1","floor":38},{"not_picked":["Intimidate+1","Dropkick+1","Corruption+1"],"picked":"SKIP","floor":39},{"not_picked":["Brutality","Entrench","Spot Weakness+1"],"picked":"SKIP","floor":40},{"not_picked":["Rampage+1","Seeing Red","Iron Wave"],"picked":"SKIP","floor":42},{"not_picked":["Anger","Warcry","Spot Weakness+1"],"picked":"SKIP","floor":45},{"not_picked":["Shrug It Off+1","Clothesline","Power Through"],"picked":"SKIP","floor":48}],"player_experience":342082,"relics_obtained":[{"floor":9,"key":"Bronze Scales"},{"floor":13,"key":"Orichalcum"},{"floor":24,"key":"Lantern"},{"floor":26,"key":"Boot"},{"floor":27,"key":"Thread and Needle"},{"floor":36,"key":"Turnip"},{"floor":40,"key":"Champion Belt"},{"floor":42,"key":"Frozen Egg 2"},{"floor":43,"key":"Ancient Tea Set"}],"event_choices":[{"event_name":"Living Wall","player_choice":"Forget","floor":3,"damage_taken":0},{"event_name":"FaceTrader","player_choice":"Trade","floor":5,"damage_taken":0},{"event_name":"Purifier","player_choice":"One Purge","floor":21,"damage_taken":0},{"event_name":"The Library","player_choice":"Heal","floor":22,"damage_taken":0},{"event_name":"Forgotten Altar","player_choice":"Shed Blood","floor":30,"damage_taken":0},{"event_name":"MindBloom","player_choice":"Fight","floor":36,"damage_taken":0},{"event_name":"Winding Halls","player_choice":"Embrace Madness","floor":47,"damage_taken":0}],"is_beta":false,"boss_relics":[{"not_picked":["Orrery","Sozu"],"picked":"Velvet Choker"},{"not_picked":["Eternal Feather","Pandora\u0027s Box"],"picked":"Astrolabe"}],"items_purged_floors":[2,14,19,37,44],"is_endless":false,"potions_floor_spawned":[1,7,11,18,24,28,31,36,42,48],"ascension_level":4}