{"gold_per_floor":[117,67,21,21,21,21,40,65,89,176,188,213,255,277,289,301],"floor_reached":16,"playtime":761,"items_purged":[],"score":162,"play_id":"5a37d22b-7fbd-4f1e-94c9-6290f6f55932","local_time":"20180816085844","is_ascension_mode":true,"campfire_choices":[{"data":"Bash","floor":6,"key":"SMITH"},{"floor":11,"key":"REST"},{"data":"Body Slam","floor":15,"key":"SMITH"}],"neow_cost":"NONE","seed_source_timestamp":3716232215068,"circlet_count":0,"master_deck":["Strike_R","Strike_R","Strike_R","Strike_R","Defend_R","Defend_R","Bash+1","AscendersBane","Pommel Strike","True Grit","Shrug It Off","Shrug It Off","Uppercut","Body Slam+1","Shrug It Off"],"relics":["Burning Blood","Anchor","MawBank","Ancient Tea Set"],"potions_floor_usage":[16,16],"damage_taken":[{"damage":18,"enemies":"Jaw Worm","floor":1,"turns":4},{"damage":1,"enemies":"2 Louse","floor":7,"turns":3},{"damage":42,"enemies":"3 Sentries","floor":8,"turns":13},{"damage":10,"enemies":"Cultist","floor":12,"turns":4},{"damage":41,"enemies":"Gremlin Nob","floor":13,"turns":5},{"damage":2,"enemies":"Blue Slaver","floor":14,"turns":3},{"damage":14,"enemies":"Hexaghost","floor":16,"turns":9}],"seed_played":"8594556273308916500","potions_obtained":[{"floor":8,"key":"GamblersBrew"},{"floor":13,"key":"Poison Potion"},{"floor":14,"key":"Ancient Potion"}],"is_trial":false,"path_per_floor":["M","?","$","?","?","R","M","E","T","?","R","M","E","M","R"],"character_chosen":"IRONCLAD","items_purchased":["Shrug It Off"],"campfire_rested":1,"item_purchase_floors":[3],"current_hp_per_floor":[60,60,60,60,65,65,70,34,34,23,48,44,9,13,13,0],"gold":301,"neow_bonus":"TRANSFORM_CARD","is_prod":false,"is_daily":false,"chose_seed":false,"campfire_upgraded":2,"win_rate":0,"timestamp":1534381124,"path_taken":["M","?","$","?","?","R","M","E","T","?","R","M","E","M","R","BOSS"],"build_version":"2018-08-09","purchased_purges":0,"victory":false,"max_hp_per_floor":[80,80,80,80,85,85,85,85,85,85,85,85,85,85,85,85],"card_choices":[{"not_picked":["Perfected Strike","Combust"],"picked":"True Grit","floor":1},{"not_picked":["Thunderclap","Brutality"],"picked":"Shrug It Off","floor":7},{"not_picked":["Havoc","Pummel"],"picked":"Uppercut","floor":8},{"not_picked":["Sever Soul","Inflame","Spot Weakness"],"picked":"SKIP","floor":12},{"not_picked":["Thunderclap","Feed"],"picked":"Body Slam","floor":13},{"not_picked":["Hemokinesis","Combust"],"picked":"Shrug It Off","floor":14}],"player_experience":460348,"relics_obtained":[{"floor":8,"key":"Anchor"},{"floor":9,"key":"MawBank"},{"floor":13,"key":"Ancient Tea Set"}],"event_choices":[{"event_name":"The Cleric","player_choice":"Card Removal","floor":2,"damage_taken":0},{"event_name":"Living Wall","player_choice":"Forget","floor":4,"damage_taken":0},{"event_name":"Big Fish","player_choice":"Donut","floor":5,"damage_taken":0},{"event_name":"World of Goop","player_choice":"Gather Gold","floor":10,"damage_taken":0}],"is_beta":false,"boss_relics":[],"items_purged_floors":[],"is_endless":false,"potions_floor_spawned":[8,13,14],"killed_by":"Hexaghost","ascension_level":10}