{"gold_per_floor":[111,123,48,61,73,73,105,105,105,105,116,143,143,154,154,249,249,260,248,71,71,88,88,123,123,123,123,136,161,181,181,181,277,277,297,397,397,410,410],"floor_reached":39,"playtime":2864,"items_purged":["Strike_G","Strike_G"],"score":700,"play_id":"b925f3f3-b058-429c-9f29-1ead8497ffb2","local_time":"20190610192356","is_ascension_mode":true,"campfire_choices":[{"data":"Choke","floor":6,"key":"SMITH"},{"data":"Glass Knife","floor":8,"key":"SMITH"},{"data":"Dodge and Roll","floor":13,"key":"SMITH"},{"data":"Survivor","floor":15,"key":"SMITH"},{"data":"Blade Dance","floor":23,"key":"SMITH"},{"data":"Blur","floor":25,"key":"SMITH"},{"data":"Caltrops","floor":27,"key":"SMITH"},{"data":"Accuracy","floor":32,"key":"SMITH"}],"neow_cost":"TEN_PERCENT_HP_LOSS","seed_source_timestamp":263122400435349,"circlet_count":0,"master_deck":["Defend_G","Defend_G","Defend_G+1","Defend_G","Defend_G","Survivor+1","Neutralize+1","Dark Shackles","Purity","Slice","Cloak And Dagger+1","Choke+1","Glass Knife+1","Dodge and Roll+1","Escape Plan","Die Die Die","Blade Dance","Blade Dance+1","Blur+1","Ghostly","Ghostly","Ghostly","Ghostly","Ghostly","Backflip+1","Caltrops+1","Blur+1","Dodge and Roll+1","Accuracy+1","Bite","Bite","Bite","Bite","Bite","Corpse Explosion","Dagger Spray+1","Terror+1","Blade Dance"],"relics":["Ring of the Snake","War Paint","Paper Crane","FossilizedHelix","Sozu","Matryoshka","Omamori","Dodecahedron","Girya","WristBlade","WingedGreaves"],"potions_floor_usage":[2,12,16,33],"damage_taken":[{"damage":0,"enemies":"Small Slimes","floor":1,"turns":4},{"damage":1,"enemies":"Cultist","floor":2,"turns":4},{"damage":0,"enemies":"2 Louse","floor":4,"turns":3},{"damage":0,"enemies":"Looter","floor":5,"turns":3},{"damage":19,"enemies":"Lagavulin","floor":7,"turns":6},{"damage":0,"enemies":"3 Louse","floor":11,"turns":4},{"damage":5,"enemies":"Gremlin Nob","floor":12,"turns":4},{"damage":0,"enemies":"Large Slime","floor":14,"turns":5},{"damage":34,"enemies":"Hexaghost","floor":16,"turns":15},{"damage":0,"enemies":"Chosen","floor":18,"turns":4},{"damage":0,"enemies":"2 Thieves","floor":19,"turns":4},{"damage":2,"enemies":"Snecko","floor":22,"turns":8},{"damage":2,"enemies":"Slavers","floor":24,"turns":7},{"damage":1,"enemies":"3 Cultists","floor":28,"turns":5},{"damage":2,"enemies":"Gremlin Leader","floor":29,"turns":6},{"damage":2,"enemies":"Chosen and Byrds","floor":30,"turns":7},{"damage":1,"enemies":"Champ","floor":33,"turns":13},{"damage":0,"enemies":"Orb Walker","floor":35,"turns":4},{"damage":0,"enemies":"Mind Bloom Boss Battle","floor":36,"turns":10},{"damage":1,"enemies":"3 Shapes","floor":38,"turns":4},{"damage":30,"enemies":"Writhing Mass","floor":39,"turns":7}],"seed_played":"7459995916240129042","potions_obtained":[{"floor":1,"key":"FearPotion"},{"floor":7,"key":"LiquidBronze"},{"floor":14,"key":"Energy Potion"},{"floor":16,"key":"Ancient Potion"}],"is_trial":false,"path_per_floor":["M","M","$","M","M","R","E","R","T","?","M","E","R","M","R","B",null,"M","M","$","?","M","R","E","R","T","R","M","E","M","?","R","B",null,"M","?","?","M","M"],"character_chosen":"THE_SILENT","items_purchased":["Blur"],"campfire_rested":0,"item_purchase_floors":[20],"current_hp_per_floor":[63,62,62,62,62,62,43,43,43,43,43,38,38,38,38,4,48,48,48,48,31,29,29,27,27,27,27,26,24,22,21,21,21,21,21,21,21,20,0],"gold":410,"neow_bonus":"RANDOM_COLORLESS_2","is_prod":false,"is_daily":false,"chose_seed":false,"campfire_upgraded":8,"win_rate":0,"timestamp":1560165836,"path_taken":["M","M","$","M","M","R","E","R","T","?","?","E","R","M","R","BOSS","M","M","$","?","M","R","E","R","T","R","M","E","M","?","R","BOSS","M","?","?","M","M"],"build_version":"2019-01-23","purchased_purges":2,"victory":false,"max_hp_per_floor":[63,63,63,63,63,63,63,63,63,63,63,63,63,63,63,63,63,63,63,63,31,31,31,31,31,31,31,31,31,31,21,21,21,21,21,21,21,21,21],"card_choices":[{"not_picked":["Bane","Sucker Punch"],"picked":"Slice","floor":1},{"not_picked":["Outmaneuver","Bane"],"picked":"Cloak And Dagger","floor":2},{"not_picked":["Underhanded Strike","Flying Knee"],"picked":"Choke","floor":4},{"not_picked":["Terror","Dagger Throw"],"picked":"Glass Knife","floor":5},{"not_picked":["Sucker Punch","Outmaneuver","Flechettes"],"picked":"SKIP","floor":7},{"not_picked":["Concentrate","PiercingWail"],"picked":"Dodge and Roll","floor":11},{"not_picked":["Choke","Bullet Time","Dagger Throw"],"picked":"SKIP","floor":12},{"not_picked":["Infinite Blades","Bane"],"picked":"Escape Plan","floor":14},{"not_picked":["Malaise","Phantasmal Killer"],"picked":"Die Die Die","floor":16},{"not_picked":["Underhanded Strike","Outmaneuver"],"picked":"Blade Dance","floor":18},{"not_picked":["Bouncing Flask","Dagger Throw"],"picked":"Blade Dance","floor":19},{"not_picked":["Acrobatics","Bane"],"picked":"Backflip+1","floor":22},{"not_picked":["Doppelganger","Blade Dance"],"picked":"Caltrops","floor":24},{"not_picked":["Prepared","Skewer+1"],"picked":"Blur+1","floor":28},{"not_picked":["Deflect","Prepared"],"picked":"Dodge and Roll+1","floor":29},{"not_picked":["Caltrops","Flying Knee"],"picked":"Accuracy","floor":30},{"not_picked":["Glass Knife","Bullet Time"],"picked":"Corpse Explosion","floor":33},{"not_picked":["Deadly Poison+1","Flying Knee"],"picked":"Dagger Spray+1","floor":35},{"not_picked":["Riddle With Holes","Underhanded Strike"],"picked":"Terror+1","floor":36},{"not_picked":["Cloak And Dagger","All Out Attack"],"picked":"Blade Dance","floor":38}],"player_experience":761998,"relics_obtained":[{"floor":7,"key":"War Paint"},{"floor":9,"key":"Paper Crane"},{"floor":12,"key":"FossilizedHelix"},{"floor":24,"key":"Matryoshka"},{"floor":26,"key":"Omamori"},{"floor":26,"key":"Dodecahedron"},{"floor":29,"key":"Girya"},{"floor":36,"key":"WingedGreaves"}],"event_choices":[{"damage_healed":0,"gold_gain":0,"player_choice":"Upgraded","damage_taken":0,"max_hp_gain":0,"max_hp_loss":0,"event_name":"Upgrade Shrine","floor":10,"gold_loss":0,"cards_upgraded":["Neutralize"]},{"damage_healed":0,"gold_gain":0,"player_choice":"Became a Ghost","damage_taken":0,"max_hp_gain":0,"max_hp_loss":32,"event_name":"Ghosts","floor":21,"gold_loss":0,"cards_obtained":["Ghostly","Ghostly","Ghostly","Ghostly","Ghostly"]},{"damage_healed":0,"gold_gain":0,"player_choice":"Became a vampire","damage_taken":0,"max_hp_gain":0,"max_hp_loss":10,"event_name":"Vampires","floor":31,"gold_loss":0,"cards_obtained":["Bite","Bite","Bite","Bite","Bite"]},{"damage_healed":0,"gold_gain":0,"player_choice":"Fight","damage_taken":0,"max_hp_gain":0,"max_hp_loss":0,"event_name":"MindBloom","floor":36,"gold_loss":0},{"damage_healed":0,"gold_gain":0,"player_choice":"Ignored","damage_taken":0,"max_hp_gain":0,"max_hp_loss":0,"event_name":"Tomb of Lord Red Mask","floor":37,"gold_loss":0}],"is_beta":false,"boss_relics":[{"not_picked":["HoveringKite","Cursed Key"],"picked":"Sozu"},{"not_picked":["Runic Dome","Eternal Feather"],"picked":"WristBlade"}],"items_purged_floors":[3,20],"is_endless":false,"potions_floor_spawned":[1,7,14,16,19,24,29],"killed_by":"Writhing Mass","ascension_level":9}