{"gold_per_floor":[13,13,30,40,40,65,75,75,100,126,138,138],"floor_reached":12,"playtime":429,"items_purged":[],"score":135,"play_id":"011b5c7f-ee93-4940-b683-ac07187ec188","local_time":"20180816101203","is_ascension_mode":true,"campfire_choices":[{"data":"Rampage","floor":8,"key":"SMITH"}],"neow_cost":"NO_GOLD","seed_source_timestamp":8446990034562,"circlet_count":0,"master_deck":["Strike_R","Strike_R","Strike_R","Strike_R","Defend_R","Defend_R","Defend_R","Bash","AscendersBane","Cleave","Cleave","Rampage+1","Rampage"],"relics":["Burning Blood","Blood Vial","Juzu Bracelet","Pen Nib"],"potions_floor_usage":[6,12,12],"damage_taken":[{"damage":6,"enemies":"Cultist","floor":1,"turns":4},{"damage":3,"enemies":"2 Louse","floor":3,"turns":3},{"damage":3,"enemies":"Jaw Worm","floor":4,"turns":4},{"damage":35,"enemies":"Lagavulin","floor":6,"turns":6},{"damage":7,"enemies":"Looter","floor":7,"turns":3},{"damage":24,"enemies":"Gremlin Nob","floor":10,"turns":4},{"damage":13,"enemies":"Blue Slaver","floor":11,"turns":2},{"damage":35,"enemies":"Lagavulin","floor":12,"turns":5}],"seed_played":"-1480307974712351229","potions_obtained":[{"floor":3,"key":"AttackPotion"},{"floor":6,"key":"Poison Potion"},{"floor":10,"key":"AttackPotion"}],"is_trial":false,"path_per_floor":["M","?","M","M","?","E","M","R","T","E","M"],"character_chosen":"IRONCLAD","items_purchased":[],"campfire_rested":0,"item_purchase_floors":[],"current_hp_per_floor":[72,72,75,78,78,49,50,50,50,34,29,0],"gold":138,"neow_bonus":"REMOVE_TWO","is_prod":false,"is_daily":false,"chose_seed":false,"campfire_upgraded":1,"win_rate":0,"timestamp":1534385523,"path_taken":["M","?","?","?","?","E","M","R","T","E","M","E"],"build_version":"2018-08-09","purchased_purges":0,"victory":false,"max_hp_per_floor":[80,80,80,80,80,80,80,80,80,80,80,80],"card_choices":[{"not_picked":["Iron Wave","Pommel Strike"],"picked":"Cleave","floor":1},{"not_picked":["Flex","Metallicize","Wild Strike"],"picked":"SKIP","floor":3},{"not_picked":["Disarm","Uppercut"],"picked":"Cleave","floor":4},{"not_picked":["Disarm","Armaments"],"picked":"Rampage","floor":6},{"not_picked":["Armaments","Thunderclap","Body Slam"],"picked":"SKIP","floor":7},{"not_picked":["Body Slam","Sentinel","Evolve"],"picked":"SKIP","floor":10},{"not_picked":["Dual Wield","Battle Trance"],"picked":"Rampage","floor":11}],"player_experience":463545,"relics_obtained":[{"floor":6,"key":"Blood Vial"},{"floor":9,"key":"Juzu Bracelet"},{"floor":10,"key":"Pen Nib"}],"event_choices":[{"event_name":"The Cleric","player_choice":"Leave","floor":2,"damage_taken":0},{"event_name":"Liars Game","player_choice":"disagreed","floor":5,"damage_taken":0}],"is_beta":false,"boss_relics":[],"items_purged_floors":[],"is_endless":false,"potions_floor_spawned":[3,6,10],"killed_by":"Lagavulin","ascension_level":10}