{"gold_per_floor":[114,129,129,144,159,159,189,189,189,204,234,205,205],"floor_reached":13,"playtime":586,"items_purged":[],"score":145,"play_id":"6db1050a-66a4-4d21-b581-194a49b25457","local_time":"20190614092325","daily_mods":["Insanity","Blue Cards","Binary"],"is_ascension_mode":false,"campfire_choices":[{"floor":6,"key":"REST"},{"floor":8,"key":"REST"}],"neow_cost":"","seed_source_timestamp":0,"circlet_count":0,"master_deck":["Noxious Fumes","Deflect","Hologram","Cold Snap","Turbo","Eviscerate","Slice","Leap","Endless Agony","Skewer","Genetic Algorithm","Outmaneuver","Deadly Poison+1","Bane","Gash","Poisoned Stab","Leap","Gash","Backflip","Beam Cell","Well Laid Plans","Underhanded Strike","Deflect","Melter","Consume","Slice","Dodge and Roll","Compile Driver","Outmaneuver","Darkness","Riddle With Holes","Dagger Spray","Redo","Prepared","Flying Knee","PiercingWail","Sucker Punch","Predator","Finisher","Skewer","Accuracy","Sweeping Beam","Poisoned Stab","Stack","Consume","Hello World","Consume","Recycle","Expertise","Riddle With Holes+1","PiercingWail","Finisher","Hello World","Undo","Concentrate","Cloak And Dagger"],"special_seed":18061,"relics":["Ring of the Snake","Omamori","Potion Belt","Darkstone Periapt"],"potions_floor_usage":[11],"damage_taken":[{"damage":11,"enemies":"Jaw Worm","floor":1,"turns":2},{"damage":0,"enemies":"Small Slimes","floor":2,"turns":2},{"damage":7,"enemies":"2 Louse","floor":4,"turns":2},{"damage":0,"enemies":"Large Slime","floor":5,"turns":3},{"damage":12,"enemies":"3 Sentries","floor":7,"turns":6},{"damage":13,"enemies":"Lots of Slimes","floor":10,"turns":3},{"damage":20,"enemies":"Gremlin Nob","floor":11,"turns":4},{"damage":13,"enemies":"Lagavulin","floor":13,"turns":4}],"seed_played":"-7662607748894199459","potions_obtained":[{"floor":1,"key":"Ancient Potion"},{"floor":7,"key":"AttackPotion"}],"is_trial":false,"path_per_floor":["M","M","?","M","M","R","E","R","T","M","E","?","E"],"character_chosen":"THE_SILENT","items_purchased":[],"campfire_rested":2,"item_purchase_floors":[],"current_hp_per_floor":[59,59,45,38,38,59,47,68,68,55,35,35,22],"gold":205,"neow_bonus":"","is_prod":false,"is_daily":true,"chose_seed":false,"campfire_upgraded":0,"win_rate":0,"timestamp":1560471805,"path_taken":["M","M","?","M","M","R","E","R","T","M","E","?","E"],"build_version":"2019-01-23","purchased_purges":0,"victory":false,"max_hp_per_floor":[70,70,70,70,70,70,70,70,70,70,70,70,70],"card_choices":[{"not_picked":["Go for the Eyes"],"picked":"PiercingWail","floor":1},{"not_picked":["Steam"],"picked":"Finisher","floor":2},{"not_picked":["Expertise"],"picked":"Hello World","floor":4},{"not_picked":["Stack"],"picked":"Undo","floor":5},{"not_picked":["Thunder Strike"],"picked":"Concentrate","floor":7},{"not_picked":["Compile Driver","Streamline"],"picked":"SKIP","floor":10},{"not_picked":["Coolheaded"],"picked":"Cloak And Dagger","floor":11}],"player_experience":422857,"relics_obtained":[{"floor":7,"key":"Omamori"},{"floor":9,"key":"Potion Belt"},{"floor":11,"key":"Darkstone Periapt"}],"event_choices":[{"damage_healed":0,"gold_gain":0,"player_choice":"Entered Light","damage_taken":14,"max_hp_gain":0,"max_hp_loss":0,"event_name":"Shining Light","floor":3,"gold_loss":0,"cards_upgraded":["Riddle With Holes","Deadly Poison"]},{"damage_healed":0,"gold_gain":0,"player_choice":"Left Gold","damage_taken":0,"max_hp_gain":0,"max_hp_loss":0,"event_name":"World of Goop","floor":12,"gold_loss":29}],"is_beta":false,"boss_relics":[],"items_purged_floors":[],"is_endless":false,"potions_floor_spawned":[1,7],"killed_by":"Lagavulin","ascension_level":0}