{"gold_per_floor":[110,35,35,53,72,98,173,173,196,196,196,96,96,121,121,121],"floor_reached":16,"playtime":354,"items_purged":["Bash","Strike_R"],"score":185,"play_id":"09454339-058e-40cd-9d13-0f6a448e5561","local_time":"20190113170617","is_ascension_mode":true,"campfire_choices":[{"floor":11,"key":"REST"},{"data":"Uppercut","floor":13,"key":"SMITH"},{"floor":15,"key":"REST"}],"neow_cost":"NONE","seed_source_timestamp":67166171546853,"circlet_count":0,"master_deck":["AscendersBane","Strike_R","Strike_R","Strike_R","Strike_R","Defend_R","Defend_R","Defend_R","Defend_R","Uppercut+1","Seeing Red","True Grit"],"relics":["Burning Blood","NeowsBlessing","Centennial Puzzle","Golden Idol","Boot"],"potions_floor_usage":[6,10,10],"damage_taken":[{"damage":0,"enemies":"Small Slimes","floor":1,"turns":1},{"damage":0,"enemies":"Cultist","floor":4,"turns":1},{"damage":0,"enemies":"2 Louse","floor":5,"turns":1},{"damage":60,"enemies":"Lagavulin","floor":6,"turns":8},{"damage":5,"enemies":"Gremlin Gang","floor":10,"turns":3},{"damage":16,"enemies":"Lots of Slimes","floor":14,"turns":5},{"damage":44,"enemies":"Slime Boss","floor":16,"turns":8}],"seed_played":"2484744001515923971","potions_obtained":[{"floor":1,"key":"Weak Potion"},{"floor":3,"key":"Energy Potion"},{"floor":3,"key":"LiquidBronze"},{"floor":6,"key":"SmokeBomb"}],"is_trial":false,"path_per_floor":["M","$","?","M","M","E","?","?","T","M","R","$","R","M","R","B"],"character_chosen":"IRONCLAD","items_purchased":[],"campfire_rested":2,"item_purchase_floors":[],"current_hp_per_floor":[74,74,74,75,75,21,10,10,10,11,31,31,31,21,41,0],"gold":121,"neow_bonus":"THREE_ENEMY_KILL","is_prod":false,"is_daily":false,"chose_seed":false,"campfire_upgraded":1,"win_rate":0,"timestamp":1547370377,"path_taken":["M","$","?","M","?","E","?","?","T","M","R","$","R","M","R","BOSS"],"build_version":"2019-01-10","purchased_purges":2,"victory":false,"max_hp_per_floor":[75,75,75,75,75,75,75,68,68,68,68,68,68,68,68,68],"card_choices":[{"not_picked":["Thunderclap","Shockwave"],"picked":"Uppercut","floor":1},{"not_picked":["Wild Strike","Havoc","Entrench"],"picked":"SKIP","floor":4},{"not_picked":["Headbutt","Corruption","Reckless Charge"],"picked":"SKIP","floor":5},{"not_picked":["Fiend Fire","Heavy Blade"],"picked":"Seeing Red","floor":6},{"not_picked":["Thunderclap","Clothesline"],"picked":"True Grit","floor":14}],"player_experience":669313,"relics_obtained":[{"floor":6,"key":"Centennial Puzzle"},{"floor":9,"key":"Boot"}],"event_choices":[{"damage_healed":0,"gold_gain":0,"player_choice":"Got Potions","damage_taken":0,"max_hp_gain":0,"max_hp_loss":0,"event_name":"Lab","floor":3,"gold_loss":0},{"damage_healed":0,"gold_gain":75,"player_choice":"Gather Gold","damage_taken":11,"max_hp_gain":0,"max_hp_loss":0,"event_name":"World of Goop","floor":7,"gold_loss":0},{"damage_healed":0,"gold_gain":0,"player_choice":"Lose Max HP","damage_taken":0,"relics_obtained":["Golden Idol"],"max_hp_gain":0,"max_hp_loss":7,"event_name":"Golden Idol","floor":8,"gold_loss":0}],"is_beta":false,"boss_relics":[],"items_purged_floors":[2,12],"is_endless":false,"potions_floor_spawned":[1,6],"killed_by":"Slime Boss","ascension_level":17}