{"gold_per_floor":[17,36,51,71,171,171,188,220,220,220,232,250,261,261,261,261],"floor_reached":16,"playtime":529,"items_purged":[],"score":127,"play_id":"626c908d-ded3-4f0d-a5e9-ffa456a57063","local_time":"20190520004917","is_ascension_mode":true,"campfire_choices":[{"data":"Immolate","floor":6,"key":"SMITH"},{"data":"Spot Weakness","floor":10,"key":"SMITH"},{"floor":15,"key":"REST"}],"neow_cost":"NO_GOLD","seed_source_timestamp":202300108771600,"circlet_count":0,"master_deck":["Strike_R","Strike_R","Strike_R","Strike_R","Defend_R","Defend_R","Defend_R","Defend_R","Bash","Immolate+1","Body Slam","Cleave","Cleave","Spot Weakness+1","Inflame","Cleave"],"relics":["Burning Blood","Dodecahedron","Art of War"],"potions_floor_usage":[12,12,16],"damage_taken":[{"damage":0,"enemies":"2 Louse","floor":1,"turns":1},{"damage":6,"enemies":"Cultist","floor":2,"turns":3},{"damage":8,"enemies":"Small Slimes","floor":3,"turns":3},{"damage":0,"enemies":"2 Fungi Beasts","floor":4,"turns":2},{"damage":0,"enemies":"Large Slime","floor":7,"turns":3},{"damage":42,"enemies":"Gremlin Nob","floor":8,"turns":5},{"damage":11,"enemies":"Looter","floor":11,"turns":2},{"damage":25,"enemies":"Exordium Thugs","floor":12,"turns":2},{"damage":17,"enemies":"3 Louse","floor":13,"turns":2},{"damage":47,"enemies":"Hexaghost","floor":16,"turns":7}],"seed_played":"-2703511675004379145","potions_obtained":[{"floor":2,"key":"Strength Potion"},{"floor":7,"key":"BloodPotion"},{"floor":8,"key":"Ancient Potion"},{"floor":12,"key":"Swift Potion"}],"is_trial":false,"path_per_floor":["M","M","M","M","?","R","M","E","T","R","M","M","M","?","R","B"],"character_chosen":"IRONCLAD","items_purchased":[],"campfire_rested":1,"item_purchase_floors":[],"current_hp_per_floor":[80,80,78,80,80,80,80,44,44,44,39,28,17,17,41,0],"gold":261,"neow_bonus":"THREE_RARE_CARDS","is_prod":false,"is_daily":false,"chose_seed":false,"campfire_upgraded":2,"win_rate":0,"timestamp":1558324157,"path_taken":["M","M","M","M","?","R","?","E","T","R","M","M","M","?","R","BOSS"],"build_version":"2019-01-23","purchased_purges":0,"victory":false,"max_hp_per_floor":[80,80,80,80,80,80,80,80,80,80,80,80,80,80,80,80],"card_choices":[{"not_picked":["Berserk","Fiend Fire"],"picked":"Immolate","floor":0},{"not_picked":["Havoc","Iron Wave"],"picked":"Body Slam","floor":1},{"not_picked":["Thunderclap","Havoc","Wild Strike"],"picked":"SKIP","floor":2},{"not_picked":["Power Through","Corruption","Headbutt"],"picked":"SKIP","floor":3},{"not_picked":["Anger","Twin Strike"],"picked":"Cleave","floor":4},{"not_picked":["Clothesline","Ghostly Armor"],"picked":"Cleave","floor":7},{"not_picked":["Havoc","Pommel Strike"],"picked":"Spot Weakness","floor":8},{"not_picked":["Searing Blow","Berserk"],"picked":"Inflame","floor":11},{"not_picked":["Clash","Pommel Strike"],"picked":"Cleave","floor":12},{"not_picked":["True Grit","Burning Pact","Pommel Strike"],"picked":"SKIP","floor":13}],"player_experience":197980,"relics_obtained":[{"floor":8,"key":"Dodecahedron"},{"floor":9,"key":"Art of War"}],"event_choices":[{"damage_healed":0,"gold_gain":100,"player_choice":"Gold","damage_taken":0,"max_hp_gain":0,"max_hp_loss":0,"event_name":"Wheel of Change","floor":5,"gold_loss":0},{"cards_removed":["Strike_R"],"damage_healed":0,"gold_gain":0,"player_choice":"Forget","damage_taken":0,"max_hp_gain":0,"max_hp_loss":0,"event_name":"Living Wall","floor":14,"gold_loss":0}],"is_beta":false,"boss_relics":[],"items_purged_floors":[],"is_endless":false,"potions_floor_spawned":[2,7,8,12],"killed_by":"Hexaghost","ascension_level":4}