{"path_per_floor":["M","?","M","M","?","M","E","M","T","M","R","E","R","M","R","B",null,"M","$","?","?","M","R","M","M","T","?","M","R","M","M","R","B",null,"M","M","?","M","M","R","?","R","T","?","M","M","R","$","R","B"],"character_chosen":"DEFECT","items_purchased":["Barrage","Regen Potion","Block Potion"],"gold_per_floor":[110,110,125,137,87,100,129,141,187,204,204,235,235,251,251,351,351,351,222,222,222,222,222,222,222,222,222,222,222,222,222,222,222,222,222,222,222,222,222,222,222,222,222,222,222,222,222,23,23,23],"floor_reached":51,"campfire_rested":5,"playtime":2827,"current_hp_per_floor":[67,67,56,56,56,55,41,41,41,40,62,64,64,64,64,20,69,69,69,69,69,68,68,67,64,64,64,57,57,49,48,73,8,66,74,53,53,15,15,40,40,65,65,85,76,63,63,63,85,62],"items_purged":["Strike_B","Writhe"],"gold":23,"score":855,"play_id":"d428bf8f-c003-4ab5-ab83-572f60947d70","local_time":"20180429141418","is_prod":false,"is_daily":false,"chose_seed":false,"is_ascension_mode":true,"campfire_upgraded":5,"timestamp":1525029258,"path_taken":["M","?","?","M","?","?","E","?","T","M","R","E","R","M","R","BOSS","M","$","?","?","?","R","M","M","T","?","M","R","M","M","R","BOSS","M","?","?","M","M","R","?","R","T","?","?","M","R","$","R","BOSS"],"build_version":"2018-04-27v3","seed_source_timestamp":179580168155322,"purchased_purges":2,"victory":true,"master_deck":["Strike_B","Strike_B","Defend_B","Defend_B","Defend_B","Zap+1","Dualcast","Cold Snap+1","Stack","Barrage+1","Glacier","Cold Snap+1","Cold Snap","Echo Form","Barrage+1","White Noise+1","Ball Lightning+1","Tempest+1","Capacitor","Defragment+1","Leap","Stack","Leap+1"],"max_hp_per_floor":[75,75,75,75,75,75,75,75,75,75,75,85,85,85,85,85,85,85,85,85,85,85,85,85,85,85,85,85,85,85,85,85,85,85,85,85,85,85,85,85,85,85,85,85,85,85,85,85,85,85],"relics":["Cracked Core","Dream Catcher","Anchor","Pear","Ectoplasm","Cables","Inserter","Regal Pillow"],"card_choices":[{"not_picked":["Gash","Chill"],"picked":"Cold Snap","floor":1},{"not_picked":["Cold Snap","Turbo"],"picked":"Barrage","floor":3},{"not_picked":["Blizzard","Rebound"],"picked":"Glacier","floor":4},{"not_picked":["Chaos","Flux Capacitor"],"picked":"Cold Snap","floor":6},{"not_picked":["Heatsinks","Rip and Tear"],"picked":"Cold Snap","floor":10},{"not_picked":["Reboot","Machine Learning"],"picked":"Echo Form","floor":16},{"not_picked":["Go for the Eyes","Buffer"],"picked":"White Noise","floor":22},{"not_picked":["Axe Kick","Genetic Algorithm"],"picked":"Ball Lightning","floor":24},{"not_picked":["Stack","Capacitor"],"picked":"Tempest","floor":25},{"not_picked":["Leap","Static Discharge"],"picked":"Capacitor","floor":31},{"not_picked":["Sunder","Auto Shields"],"picked":"Defragment","floor":39},{"not_picked":["Static Discharge","Skim"],"picked":"Leap","floor":40},{"not_picked":["Genetic Algorithm","Leap"],"picked":"Stack","floor":46},{"not_picked":["Rip and Tear","Storm"],"picked":"Leap","floor":49}],"player_experience":108591,"potions_floor_usage":[7,12,16,28,30,31,33,33,35,36,39,50,50,50],"damage_taken":[{"damage":1,"enemies":"Small Slimes","floor":1,"turns":4},{"damage":11,"enemies":"Jaw Worm","floor":3,"turns":4},{"damage":0,"enemies":"Cultist","floor":4,"turns":4},{"damage":1,"enemies":"Red Slaver","floor":6,"turns":3},{"damage":14,"enemies":"Lagavulin","floor":7,"turns":8},{"damage":0,"enemies":"3 Louse","floor":8,"turns":4},{"damage":1,"enemies":"Large Slime","floor":10,"turns":7},{"damage":8,"enemies":"Gremlin Nob","floor":12,"turns":3},{"damage":0,"enemies":"Red Slaver","floor":14,"turns":3},{"damage":44,"enemies":"Hexaghost","floor":16,"turns":14},{"damage":0,"enemies":"Shell Parasite","floor":18,"turns":6},{"damage":1,"enemies":"Chosen","floor":22,"turns":4},{"damage":1,"enemies":"Centurion and Healer","floor":24,"turns":4},{"damage":3,"enemies":"Snecko","floor":25,"turns":3},{"damage":14,"enemies":"Slaver and Parasite","floor":28,"turns":4},{"damage":17,"enemies":"Sentry and Sphere","floor":30,"turns":5},{"damage":1,"enemies":"Chosen and Byrds","floor":31,"turns":4},{"damage":80,"enemies":"Collector","floor":33,"turns":9},{"damage":7,"enemies":"Flame Bruiser 1 Orb","floor":35,"turns":6},{"damage":21,"enemies":"3 Shapes","floor":36,"turns":5},{"damage":38,"enemies":"Sphere and 2 Shapes","floor":38,"turns":7},{"damage":0,"enemies":"Spire Growth","floor":39,"turns":4},{"damage":9,"enemies":"Flame Bruiser 2 Orb","floor":45,"turns":5},{"damage":13,"enemies":"4 Shapes","floor":46,"turns":7},{"damage":38,"enemies":"Time Eater","floor":50,"turns":12}],"event_choices":[{"event_name":"Living Wall","player_choice":"Change","floor":2,"damage_taken":0},{"event_name":"The Cleric","player_choice":"Card Removal","floor":5,"damage_taken":0},{"event_name":"Accursed Blacksmith","player_choice":"Forge","floor":20,"damage_taken":0},{"event_name":"Drug Dealer","player_choice":"Ignored","floor":21,"damage_taken":0},{"event_name":"Ghosts","player_choice":"Ignored","floor":27,"damage_taken":0},{"event_name":"Match and Keep!","player_choice":"0 cards matched","floor":37,"damage_taken":0},{"event_name":"Golden Shrine","player_choice":"Pray","floor":41,"damage_taken":0},{"event_name":"Winding Halls","player_choice":"Writhe","floor":44,"damage_taken":0}],"boss_relics":[{"not_picked":["Runic Pyramid","Velvet Choker"],"picked":"Ectoplasm"},{"not_picked":["Snecko Eye","Philosopher\u0027s Stone"],"picked":"Inserter"}],"potions_floor_spawned":[1,6,8,16,22,24,30,31,33,35,36,38],"seed_played":"6956765816021668970","ascension_level":7,"is_trial":false}