{"gold_per_floor":[113,113,128,53,73,73,103,103,127,127,27,40,40,56,56,157,157,177,177,192,192,192,192,217,217,244,276,276,48,48,48,48,48],"floor_reached":33,"playtime":1498,"items_purged":["Strike_B","Strike_B","Rip and Tear"],"score":405,"play_id":"8c862d4f-42bf-4f4d-8c02-c371c99ca104","local_time":"20180726175151","is_ascension_mode":true,"campfire_choices":[{"data":"Zap","floor":6,"key":"SMITH"},{"data":"Dualcast","floor":10,"key":"SMITH"},{"floor":15,"key":"REST"},{"data":"Recycle","floor":23,"key":"SMITH"},{"data":"Bite","floor":25,"key":"SMITH"},{"data":"Go for the Eyes","floor":28,"key":"SMITH"},{"data":"Dramatic Entrance","floor":30,"key":"SMITH"},{"floor":32,"key":"REST"}],"neow_cost":"","seed_source_timestamp":417553907146487,"circlet_count":0,"master_deck":["Defend_B","Defend_B","Defend_B+1","Defend_B","Zap+1","Dualcast+1","Gash","Undo","All For One","Recycle+1","Scrape","Reboot","Gash","Bite+1","Bite","Bite","Bite","Bite","Go for the Eyes+1","Dramatic Entrance+1","Writhe","Chill"],"relics":["Cracked Core","Letter Opener","Ancient Tea Set","Regal Pillow","Lizard Tail","Anchor","Lantern","Happy Flower","Dream Catcher"],"potions_floor_usage":[16,16,18,27],"damage_taken":[{"damage":1,"enemies":"Cultist","floor":1,"turns":3},{"damage":1,"enemies":"2 Louse","floor":3,"turns":3},{"damage":7,"enemies":"Jaw Worm","floor":5,"turns":2},{"damage":20,"enemies":"Lagavulin","floor":7,"turns":6},{"damage":0,"enemies":"2 Fungi Beasts","floor":12,"turns":2},{"damage":15,"enemies":"Exordium Thugs","floor":14,"turns":4},{"damage":47,"enemies":"Slime Boss","floor":16,"turns":10},{"damage":6,"enemies":"3 Byrds","floor":18,"turns":3},{"damage":19,"enemies":"Shell Parasite","floor":20,"turns":5},{"damage":0,"enemies":"Gremlin Leader","floor":24,"turns":5},{"damage":39,"enemies":"Slavers","floor":27,"turns":4},{"damage":124,"enemies":"Collector","floor":33,"turns":9}],"seed_played":"-681181664138735756","potions_obtained":[{"floor":3,"key":"Ancient Potion"},{"floor":5,"key":"SteroidPotion"},{"floor":16,"key":"Explosive Potion"},{"floor":18,"key":"Explosive Potion"}],"is_trial":false,"path_per_floor":["M","T","M","$","M","R","E","?","T","R","$","M","$","M","R","B",null,"M","?","M","?","?","R","E","R","T","E","R","$","R","?","R"],"character_chosen":"DEFECT","items_purchased":["Dramatic Entrance"],"campfire_rested":2,"item_purchase_floors":[29],"current_hp_per_floor":[74,74,73,73,66,66,46,31,31,31,31,31,31,16,53,6,58,52,52,33,33,33,33,43,43,43,15,15,15,15,15,45,0],"gold":48,"neow_bonus":"","is_prod":false,"is_daily":false,"chose_seed":false,"campfire_upgraded":6,"win_rate":0,"timestamp":1532598711,"path_taken":["M","?","?","$","M","R","E","?","T","R","$","M","?","?","R","BOSS","M","?","M","?","?","R","E","R","T","E","R","$","R","?","R","BOSS"],"build_version":"2018-07-19v2","purchased_purges":3,"victory":false,"max_hp_per_floor":[75,75,75,75,75,75,75,75,75,75,75,75,75,75,75,75,75,75,75,75,75,52,52,52,52,52,52,52,52,52,52,52,52],"card_choices":[{"not_picked":["Ball Lightning","Redo"],"picked":"Gash","floor":1},{"not_picked":["Cold Snap","Redo"],"picked":"Rip and Tear","floor":3},{"not_picked":["Capacitor","Redo"],"picked":"Undo","floor":5},{"not_picked":["Auto Shields","Hello World"],"picked":"All For One","floor":7},{"not_picked":["Compile Driver","Darkness"],"picked":"Recycle","floor":12},{"not_picked":["Barrage","Steam"],"picked":"Scrape","floor":14},{"not_picked":["Multi-Cast","Core Surge"],"picked":"Reboot","floor":16},{"not_picked":["Chill","Conserve Battery"],"picked":"Gash","floor":18},{"not_picked":["Sweeping Beam","Barrage","Rebound"],"picked":"SKIP","floor":20},{"not_picked":["Coolheaded","Ball Lightning","Hyperbeam"],"picked":"SKIP","floor":24},{"not_picked":["Chill+1","Stack"],"picked":"Go for the Eyes","floor":27},{"not_picked":["Ball Lightning","Hologram"],"picked":"Chill","floor":32}],"player_experience":252657,"relics_obtained":[{"floor":2,"key":"Letter Opener"},{"floor":7,"key":"Ancient Tea Set"},{"floor":9,"key":"Regal Pillow"},{"floor":24,"key":"Anchor"},{"floor":26,"key":"Lantern"},{"floor":27,"key":"Happy Flower"}],"event_choices":[{"event_name":"Shining Light","player_choice":"Entered Light","floor":8,"damage_taken":0},{"event_name":"Drug Dealer","player_choice":"Ignored","floor":19,"damage_taken":0},{"event_name":"Purifier","player_choice":"One Purge","floor":21,"damage_taken":0},{"event_name":"Vampires","player_choice":"Became a vampire","floor":22,"damage_taken":0},{"event_name":"The Mausoleum","player_choice":"Yes","floor":31,"damage_taken":0}],"is_beta":false,"boss_relics":[{"not_picked":["Tiny House","Philosopher\u0027s Stone"],"picked":"Lizard Tail"}],"items_purged_floors":[4,11,29],"is_endless":false,"potions_floor_spawned":[3,5,16,18],"killed_by":"Collector","ascension_level":5}