{"gold_per_floor":[117,117,129,145,163,88,105,5,32,45,45,45,75,87,87,186,186,200,200,211,86,105,137,137,62,119,119,119,133,133,143,143,143],"floor_reached":33,"playtime":1414,"items_purged":["Strike_R","Strike_R","Defend_R"],"score":269,"play_id":"ab85b942-75b5-401b-96e7-1e81261caa3c","local_time":"20180812120225","is_ascension_mode":false,"campfire_choices":[{"data":"Bash","floor":12,"key":"SMITH"},{"data":"Iron Wave","floor":15,"key":"SMITH"},{"data":"Anger","floor":24,"key":"SMITH"},{"data":"Iron Wave","floor":30,"key":"SMITH"},{"floor":32,"key":"REST"}],"neow_cost":"NONE","seed_source_timestamp":6976096665379,"circlet_count":0,"master_deck":["Strike_R+1","Strike_R+1","Defend_R","Bash+1","Iron Wave+1","Clash","Clash","Twin Strike","Anger+1","Iron Wave+1","Flex","Clash+1","Clothesline+1","Twin Strike"],"relics":["Burning Blood","Dream Catcher","Whetstone","Red Skull","Orrery","Bottled Flame","Tiny Chest","Regal Pillow"],"potions_floor_usage":[16,23,24,33,33],"damage_taken":[{"damage":4,"enemies":"Small Slimes","floor":1,"turns":4},{"damage":1,"enemies":"Jaw Worm","floor":3,"turns":6},{"damage":1,"enemies":"Cultist","floor":4,"turns":3},{"damage":5,"enemies":"3 Louse","floor":5,"turns":5},{"damage":14,"enemies":"Gremlin Gang","floor":7,"turns":8},{"damage":2,"enemies":"2 Fungi Beasts","floor":10,"turns":4},{"damage":19,"enemies":"Gremlin Nob","floor":13,"turns":4},{"damage":2,"enemies":"Blue Slaver","floor":14,"turns":3},{"damage":30,"enemies":"Slime Boss","floor":16,"turns":9},{"damage":0,"enemies":"Spheric Guardian","floor":18,"turns":3},{"damage":7,"enemies":"Shell Parasite","floor":20,"turns":4},{"damage":16,"enemies":"3 Cultists","floor":22,"turns":5},{"damage":44,"enemies":"Book of Stabbing","floor":23,"turns":5},{"damage":16,"enemies":"Snake Plant","floor":29,"turns":2},{"damage":0,"enemies":"Snecko","floor":31,"turns":3},{"damage":79,"enemies":"Collector","floor":33,"turns":9}],"seed_played":"5913670186361465990","potions_obtained":[{"floor":4,"key":"SteroidPotion"},{"floor":5,"key":"Energy Potion"},{"floor":13,"key":"Regen Potion"},{"floor":23,"key":"Fruit Juice"},{"floor":29,"key":"AttackPotion"}],"is_trial":false,"path_per_floor":["M","?","M","M","M","$","M","$","T","M","?","R","E","M","R","B",null,"M","?","M","$","M","E","R","?","T","?","T","M","R","M","R"],"character_chosen":"IRONCLAD","items_purchased":[],"campfire_rested":1,"item_purchase_floors":[],"current_hp_per_floor":[80,73,78,80,80,80,72,72,72,76,76,76,63,67,67,43,80,80,80,79,79,69,40,45,45,45,29,29,19,19,25,67,0],"gold":143,"neow_bonus":"REMOVE_CARD","is_prod":false,"is_daily":false,"chose_seed":false,"campfire_upgraded":4,"win_rate":0,"timestamp":1534046545,"path_taken":["M","?","M","M","M","$","?","$","T","M","?","R","E","M","R","BOSS","M","?","M","$","M","E","R","?","T","?","?","M","R","M","R","BOSS"],"build_version":"2018-08-09","purchased_purges":3,"victory":false,"max_hp_per_floor":[80,80,80,80,80,80,80,80,80,80,80,80,80,80,80,80,80,80,80,80,80,80,80,85,85,85,90,90,90,90,90,90,90],"card_choices":[{"not_picked":["Body Slam","Bloodletting","Thunderclap"],"picked":"SKIP","floor":1},{"not_picked":["Twin Strike","Havoc"],"picked":"Iron Wave","floor":3},{"not_picked":["Spot Weakness","Limit Break","True Grit"],"picked":"SKIP","floor":4},{"not_picked":["Sword Boomerang","Heavy Blade","Warcry"],"picked":"SKIP","floor":5},{"not_picked":["Searing Blow","Warcry","Pommel Strike"],"picked":"SKIP","floor":7},{"not_picked":["Clothesline","Pommel Strike","Shrug It Off"],"picked":"SKIP","floor":10},{"not_picked":["Flex","Demon Form"],"picked":"Clash","floor":13},{"not_picked":["Headbutt","Perfected Strike"],"picked":"Clash","floor":14},{"not_picked":["Entrench","Sever Soul"],"picked":"Twin Strike","floor":17},{"not_picked":["Fire Breathing","Flex"],"picked":"Anger","floor":17},{"not_picked":["Clothesline","Heavy Blade"],"picked":"Iron Wave","floor":17},{"not_picked":["Combust","Whirlwind","True Grit"],"picked":"SKIP","floor":18},{"not_picked":["Battle Trance+1","Seeing Red"],"picked":"Flex","floor":20},{"not_picked":["Entrench","Disarm"],"picked":"Clash+1","floor":22},{"not_picked":["True Grit+1","Offering","Dropkick"],"picked":"SKIP","floor":23},{"not_picked":["Body Slam","Armaments"],"picked":"Clothesline+1","floor":29},{"not_picked":["Intimidate","Anger","Warcry"],"picked":"SKIP","floor":31},{"not_picked":["Rampage","Sentinel"],"picked":"Twin Strike","floor":32}],"player_experience":375153,"relics_obtained":[{"floor":9,"key":"Whetstone"},{"floor":13,"key":"Red Skull"},{"floor":23,"key":"Bottled Flame"},{"floor":26,"key":"Tiny Chest"},{"floor":28,"key":"Regal Pillow"}],"event_choices":[{"event_name":"Scrap Ooze","player_choice":"success","floor":2,"damage_taken":7},{"event_name":"The Cleric","player_choice":"Leave","floor":11,"damage_taken":0},{"event_name":"Back to Basics","player_choice":"Elegance","floor":19,"damage_taken":0},{"event_name":"Beggar","player_choice":"Gave Gold","floor":25,"damage_taken":0},{"event_name":"Forgotten Altar","player_choice":"Shed Blood","floor":27,"damage_taken":0}],"is_beta":false,"boss_relics":[{"not_picked":["Runic Dome","Cursed Key"],"picked":"Orrery"}],"items_purged_floors":[6,8,21],"is_endless":false,"potions_floor_spawned":[4,5,13,23,29],"killed_by":"Collector","ascension_level":0}