{"path_per_floor":["M","?","M","M","?","R","E","R","T","M","M","R","M","$","R","B",null,"M","M","M"],"character_chosen":"THE_SILENT","items_purchased":[],"gold_per_floor":[109,109,123,140,140,140,167,167,216,234,245,245,264,189,189,263,263,283,300,319,319],"floor_reached":21,"campfire_rested":2,"playtime":1239,"current_hp_per_floor":[57,50,51,46,46,46,13,32,32,16,27,46,44,44,44,16,54,31,32,3,0],"items_purged":["Injury"],"gold":319,"score":311,"play_id":"6fec320e-812c-46e3-8e2a-412181daeaa6","local_time":"20180327131703","is_prod":false,"is_daily":false,"is_ascension_mode":true,"campfire_upgraded":2,"timestamp":1522174623,"path_taken":["M","?","M","M","?","R","E","R","T","M","M","R","M","$","R","BOSS","M","M","M","M"],"build_version":"2018-03-22v2","purchased_purges":1,"victory":false,"master_deck":["Defend_G","Defend_G","Defend_G","Defend_G","Defend_G","Strike_G","Strike_G","Strike_G","Strike_G","Strike_G","Survivor","Neutralize+1","AscendersBane","Escape Plan","Predator","Deadly Poison+1","Backflip+1","Backflip"],"max_hp_per_floor":[66,66,66,66,66,66,66,66,66,66,66,66,66,66,66,66,66,66,66,66,66],"relics":["Ring of the Snake","Blood Vial","Prayer Wheel","Omamori","Sozu"],"card_choices":[{"not_picked":["Quick Slash","Heel Hook"],"picked":"Escape Plan","floor":1},{"not_picked":["Quick Slash","Bane"],"picked":"Predator","floor":3},{"not_picked":["Backstab","Prepared"],"picked":"Deadly Poison","floor":4},{"not_picked":["Choke","Reflex"],"picked":"Backflip","floor":13},{"not_picked":["Dagger Spray","Eviscerate"],"picked":"Backflip","floor":19}],"player_experience":375710,"potions_floor_usage":[7,11,16,19],"damage_taken":[{"damage":2,"enemies":"2 Louse","floor":1,"turns":4},{"damage":1,"enemies":"Small Slimes","floor":3,"turns":4},{"damage":7,"enemies":"Jaw Worm","floor":4,"turns":3},{"damage":35,"enemies":"Gremlin Nob","floor":7,"turns":5},{"damage":18,"enemies":"Exordium Thugs","floor":10,"turns":6},{"damage":0,"enemies":"Looter","floor":11,"turns":4},{"damage":4,"enemies":"3 Louse","floor":13,"turns":4},{"damage":30,"enemies":"The Guardian","floor":16,"turns":12},{"damage":25,"enemies":"Spheric Guardian","floor":18,"turns":6},{"damage":1,"enemies":"Chosen","floor":19,"turns":5},{"damage":31,"enemies":"Slaver and Parasite","floor":20,"turns":11},{"damage":9,"enemies":"Snake Plant","floor":21,"turns":3}],"event_choices":[{"event_name":"Scrap Ooze","player_choice":"success","floor":2,"damage_taken":7},{"event_name":"Accursed Blacksmith","player_choice":"Forge","floor":5,"damage_taken":0}],"boss_relics":[{"not_picked":["White Beast Statue","Calling Bell"],"picked":"Sozu"}],"potions_floor_spawned":[3,7,10,11,13,18],"seed_played":"9163482019752351237","killed_by":"Snake Plant","ascension_level":14,"is_trial":false}