{"gold_per_floor":[112,125,125,142,142,173,193,227,227,227,227,177,195,213,213,314,314,296,221,221,221,234,234,261,261,284,316,316,329,357,377,377,480,480,499,599,599,659,672,706,706,656,686,736,750,776,796,332,332,332],"floor_reached":51,"playtime":6354,"items_purged":["Defend_B","Decay","Strike_B"],"score":875,"play_id":"fe4ef93a-7562-4917-9db0-eaf22aae2442","local_time":"20180721102558","is_ascension_mode":true,"campfire_choices":[{"floor":10.0,"key":"REST"},{"floor":15.0,"key":"REST"},{"floor":23,"key":"REST"},{"floor":25,"key":"REST"},{"floor":32,"key":"REST"},{"floor":41,"key":"REST"},{"floor":49,"key":"REST"}],"neow_cost":"NONE","seed_source_timestamp":0,"circlet_count":0,"master_deck":["Strike_B","Dualcast","Static Discharge","Turbo+1","Genetic Algorithm","Cold Snap","Core Surge","Glacier","Genetic Algorithm","Glacier","Echo Form","Turbo","RitualDagger","Hello World+1","Streamline","Rip and Tear","Creative AI","Doom and Gloom","Conserve Battery+1","Meteor Strike","Barrage+1","Echo Form+1","Redo+1","Gash+1","Go for the Eyes+1","Injury","Clumsy","Aggregate","Buffer","Sunder"],"special_seed":0,"relics":["Fusion Hammer","Regal Pillow","Pantograph","Bottled Lightning","Cursed Key","Matryoshka","Mercury Hourglass","Dream Catcher","Pear","Enchiridion","Girya","Astrolabe","SsserpentHead","Ginger","Tiny Chest","Ice Cream","Smiling Mask","Strawberry","War Paint","Letter Opener"],"potions_floor_usage":[27,50],"damage_taken":[{"damage":6.0,"enemies":"2 Louse","floor":1.0,"turns":3.0},{"damage":0.0,"enemies":"Small Slimes","floor":2.0,"turns":3.0},{"damage":6.0,"enemies":"Cultist","floor":4.0,"turns":3.0},{"damage":12.0,"enemies":"3 Sentries","floor":6.0,"turns":6.0},{"damage":11.0,"enemies":"Looter","floor":7.0,"turns":3.0},{"damage":29.0,"enemies":"Lagavulin","floor":8.0,"turns":6.0},{"damage":0.0,"enemies":"Blue Slaver","floor":13.0,"turns":4.0},{"damage":0.0,"enemies":"Red Slaver","floor":14.0,"turns":4.0},{"damage":28.0,"enemies":"Slime Boss","floor":16.0,"turns":12.0},{"damage":7,"enemies":"2 Thieves","floor":18,"turns":4},{"damage":0,"enemies":"Chosen","floor":22,"turns":8},{"damage":6,"enemies":"Book of Stabbing","floor":24,"turns":9},{"damage":23,"enemies":"Slavers","floor":27,"turns":5},{"damage":0,"enemies":"Sentry and Sphere","floor":29,"turns":6},{"damage":19,"enemies":"Gremlin Leader","floor":30,"turns":10},{"damage":9,"enemies":"Snecko","floor":31,"turns":5},{"damage":22,"enemies":"Champ","floor":33,"turns":10},{"damage":44,"enemies":"3 Darklings","floor":35,"turns":6},{"damage":0,"enemies":"Flame Bruiser 1 Orb","floor":38,"turns":8},{"damage":12,"enemies":"Maw","floor":39,"turns":8},{"damage":10,"enemies":"2 Orb Walkers","floor":40,"turns":4},{"damage":9,"enemies":"Transient","floor":45,"turns":5},{"damage":0,"enemies":"Nemesis","floor":46,"turns":7},{"damage":13,"enemies":"Spire Growth","floor":47,"turns":5},{"damage":55,"enemies":"Time Eater","floor":50,"turns":11}],"seed_played":"-7620111421390576636","potions_obtained":[{"floor":2.0,"key":"PowerPotion"},{"floor":4.0,"key":"EssenceOfSteel"},{"floor":8.0,"key":"Dexterity Potion"},{"floor":13.0,"key":"SpeedPotion"},{"floor":18,"key":"Explosive Potion"},{"floor":27,"key":"Weak Potion"},{"floor":39,"key":"Fire Potion"},{"floor":40,"key":"EssenceOfSteel"}],"is_trial":false,"path_per_floor":["M","M","?","M","?","E","M","E","T","R","?","?","M","M","R","B",null,"M","$","?","?","M","R","E","R","T","E","?","M","E","M","R","B",null,"M","?","?","M","M","E","R","$","T","T","M","E","M","$","R","B"],"character_chosen":"DEFECT","items_purchased":["War Paint","Letter Opener"],"campfire_rested":7,"item_purchase_floors":[48,48],"current_hp_per_floor":[69,69,69,63,56,44,33,4,4,41,41,41,41,41,75,47,75,68,68,85,79,79,85,79,85,85,72,56,56,37,28,71,73,95,58,58,58,58,46,36,79,79,79,79,70,77,64,64,102,47],"gold":332,"neow_bonus":"BOSS_RELIC","is_prod":false,"is_daily":false,"chose_seed":false,"campfire_upgraded":0,"win_rate":0,"timestamp":1532139958,"path_taken":["M","M","?","?","?","E","M","E","T","R","?","?","M","M","R","BOSS","M","$","?","?","M","R","E","R","T","E","?","M","E","M","R","BOSS","M","?","?","?","M","E","R","?","T","?","M","E","M","$","R","BOSS"],"build_version":"2018-07-19v2","purchased_purges":3,"victory":true,"max_hp_per_floor":[75,75,75,75,75,75,75,75,75,75,75,75,75,75,75,75,75,75,75,85,85,85,85,85,85,85,95,95,95,95,95,95,95,95,95,95,95,95,95,95,95,95,95,95,95,102,102,102,102,102],"card_choices":[{"not_picked":["Leap","Aggregate"],"picked":"Static Discharge","floor":1.0},{"not_picked":["Stack","Consume"],"picked":"Turbo","floor":2.0},{"not_picked":["Cold Snap","FTL"],"picked":"Genetic Algorithm","floor":4.0},{"not_picked":["Melter","Barrage"],"picked":"Electrodynamics","floor":6.0},{"not_picked":["Barrage","Heatsinks"],"picked":"Cold Snap","floor":7.0},{"not_picked":["Conserve Battery","Stack"],"picked":"Core Surge","floor":8.0},{"not_picked":["Gash","Cold Snap"],"picked":"Genetic Algorithm","floor":13.0},{"not_picked":["Tempest","Rebound"],"picked":"Glacier","floor":14.0},{"not_picked":["Fission","Hyperbeam"],"picked":"Echo Form","floor":16.0},{"not_picked":["Streamline","Cold Snap"],"picked":"Turbo","floor":18},{"not_picked":["Go for the Eyes","Static Discharge+1"],"picked":"Hello World+1","floor":22},{"not_picked":["Cold Snap","Stack+1"],"picked":"Streamline","floor":24},{"not_picked":["Redo","Leap"],"picked":"Rip and Tear","floor":27},{"not_picked":["Recycle","Go for the Eyes"],"picked":"Creative AI","floor":29},{"not_picked":["Go for the Eyes","Coolheaded"],"picked":"Doom and Gloom","floor":30},{"not_picked":["Cold Snap","Force Field","Streamline"],"picked":"SKIP","floor":31},{"not_picked":["Sweeping Beam","Heatsinks"],"picked":"Conserve Battery","floor":32},{"not_picked":["Rainbow","Buffer"],"picked":"Meteor Strike","floor":33},{"not_picked":["Melter","Ball Lightning"],"picked":"Redo+1","floor":35},{"not_picked":["Darkness","Turbo","Chaos"],"picked":"SKIP","floor":38},{"not_picked":["Fusion","Turbo+1"],"picked":"Gash+1","floor":39},{"not_picked":["Consume","Beam Cell+1","Conserve Battery"],"picked":"SKIP","floor":40},{"not_picked":["Chill","Fusion"],"picked":"Go for the Eyes+1","floor":41},{"not_picked":["Go for the Eyes+1","Genetic Algorithm","Darkness"],"picked":"SKIP","floor":45},{"not_picked":["Lockon+1","Recycle+1"],"picked":"Aggregate","floor":46},{"not_picked":["Beam Cell+1","Consume+1"],"picked":"Buffer","floor":47},{"not_picked":["Heatsinks","Conserve Battery"],"picked":"Sunder","floor":49}],"player_experience":179734,"relics_obtained":[{"floor":6.0,"key":"Regal Pillow"},{"floor":8.0,"key":"Pantograph"},{"floor":9.0,"key":"Bottled Lightning"},{"floor":24,"key":"Matryoshka"},{"floor":26,"key":"Mercury Hourglass"},{"floor":26,"key":"Dream Catcher"},{"floor":27,"key":"Pear"},{"floor":28,"key":"Enchiridion"},{"floor":30,"key":"Girya"},{"floor":40,"key":"Ginger"},{"floor":43,"key":"Tiny Chest"},{"floor":43,"key":"Ice Cream"},{"floor":44,"key":"Smiling Mask"},{"floor":46,"key":"Strawberry"}],"event_choices":[{"event_name":"Living Wall","player_choice":"Forget","floor":3.0,"damage_taken":0.0},{"event_name":"Golden Wing","player_choice":"Card Removal","floor":5.0,"damage_taken":0.0},{"event_name":"Transmorgrifier","player_choice":"Transform","floor":11.0,"damage_taken":0.0},{"event_name":"The Cleric","player_choice":"Card Removal","floor":12.0,"damage_taken":0.0},{"event_name":"Bonfire Elementals","player_choice":"RARE","floor":20,"damage_taken":0},{"event_name":"Nest","player_choice":"Joined the Cult","floor":21,"damage_taken":0},{"event_name":"Cursed Tome","player_choice":"Obtained Book","floor":28,"damage_taken":0},{"event_name":"Golden Shrine","player_choice":"Pray","floor":36,"damage_taken":0},{"event_name":"FaceTrader","player_choice":"Trade","floor":37,"damage_taken":0}],"is_beta":false,"boss_relics":[{"not_picked":["White Beast Statue","Inserter"],"picked":"Cursed Key"},{"not_picked":["Calling Bell","Nuclear Battery"],"picked":"Astrolabe"}],"items_purged_floors":[19,42,48],"is_endless":false,"potions_floor_spawned":[2,4,8,13,18,27,39,40,45,47],"ascension_level":2}