{"gold_per_floor":[11,11,11,11,24,24,41,60,60,60,87,87,98,113,113,113],"floor_reached":16,"playtime":553,"items_purged":[],"score":143,"play_id":"3eded2ff-4491-4e5a-aa75-ae7b05f38dd4","local_time":"20181213001953","is_ascension_mode":true,"campfire_choices":[{"data":"Zap","floor":6,"key":"SMITH"},{"data":"Dualcast","floor":10,"key":"SMITH"},{"data":"Hyperbeam","floor":12,"key":"SMITH"},{"floor":15,"key":"REST"}],"neow_cost":"NO_GOLD","seed_source_timestamp":21470473775143,"circlet_count":0,"master_deck":["Strike_B","Strike_B","Strike_B","Strike_B","Defend_B","Defend_B","Defend_B","Defend_B","Zap+1","Dualcast+1","Loop","Conserve Battery","Leap","Hyperbeam+1","Gash","Compile Driver"],"relics":["Cracked Core","Incense Burner","Lantern","Gremlin Horn","Symbiotic Virus"],"potions_floor_usage":[16],"damage_taken":[{"damage":1,"enemies":"2 Louse","floor":1,"turns":4},{"damage":1,"enemies":"Cultist","floor":5,"turns":3},{"damage":0,"enemies":"Small Slimes","floor":7,"turns":3},{"damage":3,"enemies":"3 Louse","floor":8,"turns":4},{"damage":24,"enemies":"3 Sentries","floor":11,"turns":8},{"damage":6,"enemies":"Gremlin Gang","floor":13,"turns":3},{"damage":0,"enemies":"Lots of Slimes","floor":14,"turns":1},{"damage":54,"enemies":"Hexaghost","floor":16,"turns":9}],"seed_played":"8532182184308282616","potions_obtained":[{"floor":4,"key":"FearPotion"},{"floor":4,"key":"Energy Potion"},{"floor":4,"key":"SneckoOil"},{"floor":13,"key":"Explosive Potion"}],"is_trial":false,"path_per_floor":["M","?","$","?","M","R","M","M","T","R","E","R","M","M","R","B"],"character_chosen":"DEFECT","items_purchased":[],"campfire_rested":1,"item_purchase_floors":[],"current_hp_per_floor":[67,64,64,64,63,63,63,60,60,60,36,36,30,30,52,0],"gold":113,"neow_bonus":"ONE_RARE_RELIC","is_prod":false,"is_daily":false,"chose_seed":false,"campfire_upgraded":3,"win_rate":0,"timestamp":1544631593,"path_taken":["M","?","$","?","M","R","?","M","T","R","E","R","?","M","R","BOSS"],"build_version":"2018-12-06","purchased_purges":0,"victory":false,"max_hp_per_floor":[75,75,75,75,75,75,75,75,75,75,75,75,75,75,75,75],"card_choices":[{"not_picked":["Barrage","Conserve Battery"],"picked":"Loop","floor":1},{"not_picked":["Rebound","Lockon"],"picked":"Conserve Battery","floor":5},{"not_picked":["Hologram","Conserve Battery"],"picked":"Leap","floor":7},{"not_picked":["Steam","Streamline","Sweeping Beam"],"picked":"SKIP","floor":8},{"not_picked":["Steam","Recycle"],"picked":"Hyperbeam","floor":11},{"not_picked":["Hologram","Auto Shields"],"picked":"Gash","floor":13},{"not_picked":["Turbo","Streamline"],"picked":"Compile Driver","floor":14}],"player_experience":553448,"relics_obtained":[{"floor":9,"key":"Gremlin Horn"},{"floor":11,"key":"Symbiotic Virus"}],"event_choices":[{"damage_healed":0,"gold_gain":0,"player_choice":"Success","damage_taken":3,"relics_obtained":["Lantern"],"max_hp_gain":0,"max_hp_loss":0,"event_name":"Scrap Ooze","floor":2,"gold_loss":0},{"damage_healed":0,"gold_gain":0,"player_choice":"Got Potions","damage_taken":0,"max_hp_gain":0,"max_hp_loss":0,"event_name":"Lab","floor":4,"gold_loss":0}],"is_beta":false,"boss_relics":[],"items_purged_floors":[],"is_endless":false,"potions_floor_spawned":[5,8,13],"killed_by":"Hexaghost","ascension_level":8}