{"path_per_floor":["M","?","M","$","M","E","$","R","T","?","?","?","M","T","R","B",null,"M","?","M","M","?","M","R","$","T","$","R","?","M","M","R","B",null,"M","?","M","?","M","M","?","R","T","M","R","?","M","M","R"],"character_chosen":"THE_SILENT","items_purchased":["Noxious Fumes","Cloak And Dagger"],"gold_per_floor":[113,113,124,49,62,92,92,92,92,92,92,92,103,149,149,251,251,264,189,209,223,223,237,237,161,161,137,137,137,151,171,171,267,267,287,287,299,299,319,331,331,331,331,342,342,0,12,28,28],"floor_reached":50,"campfire_rested":4,"playtime":3362,"current_hp_per_floor":[70,70,70,70,70,29,29,50,50,50,53,53,49,49,73,29,80,61,61,61,65,65,58,58,58,58,58,58,43,43,45,70,57,85,52,52,47,47,36,36,74,74,74,74,74,74,74,62,74],"items_purged":["Strike_G"],"gold":28,"score":419,"play_id":"8db96b9f-9199-4036-9ded-5beaf9eebb1a","is_prod":false,"is_daily":false,"is_ascension_mode":false,"campfire_upgraded":4,"path_taken":["M","?","?","$","M","E","$","R","T","?","?","?","?","?","R","BOSS","M","?","?","M","?","M","R","?","T","$","R","?","?","M","R","BOSS","M","?","?","?","M","M","?","R","T","M","R","?","?","M","R","BOSS"],"build_version":"2018-02-15-PROD1","purchased_purges":4,"victory":false,"master_deck":["Survivor+1","Neutralize+1","Cloak And Dagger","Venomology+1","Venomology","Outmaneuver","Distraction","Backflip+1","Acrobatics","Dagger Spray","Bane","Bouncing Flask","Noxious Fumes+1","Noxious Fumes+1","Cloak And Dagger","After Image","Escape Plan","Prepared+1","Deflect+1","Escape Plan"],"max_hp_per_floor":[70,70,70,70,70,70,70,70,70,70,80,80,80,80,80,80,80,80,80,80,80,80,80,80,80,80,80,80,85,85,85,85,85,85,85,85,85,85,85,85,74,74,74,74,74,74,74,74,74],"relics":["Ring of the Snake","NeowsBlessing","Thread and Needle","War Paint","Pear","Snake Skull","Pandora\u0027s Box","Girya","Eternal Feather","Sundial","Red Mask"],"card_choices":[{"not_picked":["Dagger Spray","Sucker Punch"],"picked":"Cloak And Dagger"},{"not_picked":["Deadly Poison","Dodge and Roll"],"picked":"Venomology"},{"not_picked":["Tactician","Doppelganger"],"picked":"Venomology"},{"not_picked":["Deadly Poison","Bane"],"picked":"Bouncing Flask"},{"not_picked":["Flechettes","Backflip"],"picked":"Noxious Fumes"},{"not_picked":["Doppelganger","Tactician"],"picked":"After Image"},{"not_picked":["Flying Knee","Predator"],"picked":"Escape Plan"},{"not_picked":["All Out Attack","Poisoned Stab"],"picked":"Prepared"},{"not_picked":["Dagger Spray","PiercingWail"],"picked":"Deflect"},{"not_picked":["Cloak And Dagger","Quick Slash"],"picked":"Escape Plan"}],"player_experience":120244,"potions_floor_usage":[6,16,16,18,20,21,21,21,23,30,30,31,31,33,33,33,35,37,37,39,39,40,40,44,44,44,47,48,48,50,50],"damage_taken":[{"damage":0,"enemies":"2 Louse","floor":1,"turns":1},{"damage":0,"enemies":"Cultist","floor":3,"turns":1},{"damage":0,"enemies":"Small Slimes","floor":5,"turns":1},{"damage":41,"enemies":"Gremlin Nob","floor":6,"turns":7},{"damage":4,"enemies":"Red Slaver","floor":13,"turns":5},{"damage":44,"enemies":"The Guardian","floor":16,"turns":33},{"damage":19,"enemies":"Chosen","floor":18,"turns":6},{"damage":0,"enemies":"Shell Parasite","floor":20,"turns":6},{"damage":5,"enemies":"3 Cultists","floor":21,"turns":4},{"damage":7,"enemies":"Centurion and Healer","floor":23,"turns":6},{"damage":0,"enemies":"Chosen and Byrds","floor":30,"turns":5},{"damage":7,"enemies":"Snecko","floor":31,"turns":4},{"damage":28,"enemies":"Collector","floor":33,"turns":7},{"damage":33,"enemies":"3 Darklings","floor":35,"turns":5},{"damage":5,"enemies":"Orb Walker","floor":37,"turns":4},{"damage":11,"enemies":"4 Shapes","floor":39,"turns":5},{"damage":0,"enemies":"3 Darklings","floor":40,"turns":4},{"damage":0,"enemies":"Sphere and 2 Shapes","floor":44,"turns":5},{"damage":0,"enemies":"Maw","floor":47,"turns":7},{"damage":12,"enemies":"4 Shapes","floor":48,"turns":4},{"damage":76,"enemies":"Time Eater","floor":50,"turns":8}],"event_choices":[{"event_name":"Purifier","player_choice":"One Purge","floor":2,"damage_taken":0},{"event_name":"Upgrade Shrine","player_choice":"Upgraded","floor":10,"damage_taken":0},{"event_name":"Scrap Ooze","player_choice":"success","floor":11,"damage_taken":7},{"event_name":"Accursed Blacksmith","player_choice":"Ignore","floor":12,"damage_taken":0},{"event_name":"Beggar","player_choice":"Gave Gold","floor":19,"damage_taken":0},{"event_name":"Drug Dealer","player_choice":"Ignored","floor":22,"damage_taken":0},{"event_name":"Forgotten Altar","player_choice":"Shed Blood","floor":29,"damage_taken":0},{"event_name":"Mysterious Sphere","player_choice":"Ignore","floor":38,"damage_taken":0},{"event_name":"The Moai Head","player_choice":"Heal","floor":41,"damage_taken":0},{"event_name":"Tomb of Lord Red Mask","player_choice":"Paid","floor":46,"damage_taken":0}],"boss_relics":[{"not_picked":["Black Star","Cursed Key"],"picked":"Pandora\u0027s Box"},{"not_picked":["Calling Bell","Sozu"],"picked":"Eternal Feather"}],"potions_floor_spawned":[1,18,23,31,37,39,47,48],"seed_played":"2299731175460671747","killed_by":"Time Eater","ascension_level":0,"is_trial":false}