{"gold_per_floor":[117,130,130,149,149,149,166,166,217,550,550,550],"floor_reached":12,"playtime":525,"items_purged":[],"score":121,"play_id":"a626c7d5-0f8e-4f80-a467-6820b83f39da","local_time":"20181208222906","is_ascension_mode":true,"campfire_choices":[{"data":"Bash","floor":6,"key":"SMITH"},{"data":"Disarm","floor":8,"key":"SMITH"},{"data":"Dropkick","floor":11,"key":"SMITH"}],"neow_cost":"TEN_PERCENT_HP_LOSS","seed_source_timestamp":484324982929498,"circlet_count":0,"master_deck":["AscendersBane","Strike_R","Strike_R","Strike_R","Defend_R","Defend_R","Defend_R","Bash+1","Clash","Disarm+1","Dropkick+1"],"relics":["Burning Blood","Bag of Preparation","Centennial Puzzle","Old Coin"],"potions_floor_usage":[10],"damage_taken":[{"damage":19,"enemies":"Jaw Worm","floor":1,"turns":7},{"damage":0,"enemies":"Small Slimes","floor":2,"turns":3},{"damage":1,"enemies":"2 Louse","floor":4,"turns":3},{"damage":6,"enemies":"Blue Slaver","floor":7,"turns":4},{"damage":56,"enemies":"3 Sentries","floor":10,"turns":11},{"damage":14,"enemies":"Exordium Thugs","floor":12,"turns":1}],"seed_played":"5039797214807729978","potions_obtained":[{"floor":2,"key":"FearPotion"},{"floor":7,"key":"GamblersBrew"},{"floor":10,"key":"SteroidPotion"}],"is_trial":false,"path_per_floor":["M","M","?","M","?","R","M","R","T","E","R","M"],"character_chosen":"IRONCLAD","items_purchased":[],"campfire_rested":0,"item_purchase_floors":[],"current_hp_per_floor":[59,65,65,70,63,63,63,63,63,13,13,0],"gold":550,"neow_bonus":"REMOVE_TWO","is_prod":false,"is_daily":false,"chose_seed":false,"campfire_upgraded":3,"win_rate":0,"timestamp":1544279346,"path_taken":["M","M","?","M","?","R","M","R","T","E","R","M"],"build_version":"2018-12-06","purchased_purges":0,"victory":false,"max_hp_per_floor":[72,72,72,72,72,72,72,72,72,72,72,72],"card_choices":[{"not_picked":["Pommel Strike","Anger"],"picked":"Clash","floor":1},{"not_picked":["Sever Soul","Armaments","Sword Boomerang"],"picked":"SKIP","floor":2},{"not_picked":["Inflame","Second Wind","Heavy Blade"],"picked":"SKIP","floor":4},{"not_picked":["Warcry","True Grit"],"picked":"Disarm","floor":7},{"not_picked":["Flex","Clash"],"picked":"Dropkick","floor":10}],"player_experience":506691,"relics_obtained":[{"floor":9,"key":"Centennial Puzzle"},{"floor":10,"key":"Old Coin"}],"event_choices":[{"cards_removed":["Defend_R"],"damage_healed":0,"gold_gain":0,"player_choice":"Forget","damage_taken":0,"max_hp_gain":0,"max_hp_loss":0,"event_name":"Living Wall","floor":3,"gold_loss":0},{"damage_healed":0,"gold_gain":0,"player_choice":"Success","damage_taken":7,"relics_obtained":["Bag of Preparation"],"max_hp_gain":0,"max_hp_loss":0,"event_name":"Scrap Ooze","floor":5,"gold_loss":0}],"is_beta":false,"boss_relics":[],"items_purged_floors":[],"is_endless":false,"potions_floor_spawned":[2,7,10],"killed_by":"Exordium Thugs","ascension_level":11}