{"gold_per_floor":[119,137,137,154,168,168,194,194,272,284,284,295,326,251,251,329,329,349,60,160,160,170,170,170,195,195,207,207,207,132,167,167,241,241,256,256,94,111,125,125,158,158,181,293,318,350,362,0,12,24],"floor_reached":51,"playtime":2309,"items_purged":["Defend_B"],"score":1471,"play_id":"70cce0f4-cfe1-4ce4-90aa-00cce9038603","local_time":"20190606201121","is_ascension_mode":true,"campfire_choices":[{"data":"Dualcast","floor":6.0,"key":"SMITH"},{"data":"Buffer","floor":8.0,"key":"SMITH"},{"floor":11.0,"key":"REST"},{"data":"Zap","floor":15.0,"key":"SMITH"},{"floor":23.0,"key":"REST"},{"data":"Echo Form","floor":28,"key":"SMITH"},{"data":"Echo Form","floor":32,"key":"SMITH"},{"data":"Glacier","floor":40,"key":"SMITH"},{"data":"Amplify","floor":42,"key":"SMITH"},{"data":"Strike_B","floor":47,"key":"PURGE"},{"data":"Defend_B","floor":49,"key":"PURGE"}],"neow_cost":"NONE","seed_source_timestamp":422465262051134,"circlet_count":0,"master_deck":["AscendersBane","Strike_B","Strike_B","Defend_B","Defend_B","Zap+1","Dualcast+1","Cold Snap","Consume+1","Ball Lightning","Buffer+1","Conserve Battery","Machine Learning","Echo Form+1","Genetic Algorithm","Core Surge","Storm","BootSequence+1","Echo Form+1","Seek","Glacier+1","Amplify+1","Capacitor","Chill"],"special_seed":0,"relics":["Cracked Core","Nunchaku","Mummified Hand","Vajra","Sozu","MealTicket","Thread and Needle","Question Card","MutagenicStrength","Pantograph","Letter Opener","Orichalcum","Lizard Tail","Strawberry","Happy Flower","MawBank","Peace Pipe","Red Mask"],"potions_floor_usage":[],"damage_taken":[{"damage":1.0,"enemies":"2 Louse","floor":1.0,"turns":2.0},{"damage":0.0,"enemies":"Cultist","floor":2.0,"turns":3.0},{"damage":2.0,"enemies":"Jaw Worm","floor":4.0,"turns":3.0},{"damage":9.0,"enemies":"Blue Slaver","floor":5.0,"turns":4.0},{"damage":8.0,"enemies":"Gremlin Nob","floor":7.0,"turns":3.0},{"damage":19.0,"enemies":"3 Louse","floor":10.0,"turns":4.0},{"damage":0.0,"enemies":"Large Slime","floor":12.0,"turns":4.0},{"damage":0.0,"enemies":"Lagavulin","floor":13.0,"turns":6.0},{"damage":0.0,"enemies":"The Guardian","floor":16.0,"turns":9.0},{"damage":11.0,"enemies":"Shell Parasite","floor":18.0,"turns":5.0},{"damage":1.0,"enemies":"Colosseum Slavers","floor":20.0,"turns":4.0},{"damage":21.0,"enemies":"Colosseum Nobs","floor":20.0,"turns":6.0},{"damage":0.0,"enemies":"Spheric Guardian","floor":22.0,"turns":4.0},{"damage":10.0,"enemies":"Gremlin Leader","floor":25.0,"turns":7.0},{"damage":14,"enemies":"Centurion and Healer","floor":27,"turns":5},{"damage":20,"enemies":"Slavers","floor":31,"turns":5},{"damage":24,"enemies":"Champ","floor":33,"turns":8},{"damage":23,"enemies":"3 Darklings","floor":35,"turns":4},{"damage":0,"enemies":"3 Shapes","floor":38,"turns":4},{"damage":0,"enemies":"3 Darklings","floor":39,"turns":6},{"damage":21,"enemies":"Reptomancer","floor":41,"turns":8},{"damage":0,"enemies":"Mind Bloom Boss Battle","floor":44,"turns":6},{"damage":0,"enemies":"Sphere and 2 Shapes","floor":45,"turns":6},{"damage":0,"enemies":"Transient","floor":46,"turns":6},{"damage":27,"enemies":"Awakened One","floor":50,"turns":14}],"seed_played":"6265981072252877129","potions_obtained":[{"floor":0.0,"key":"Fruit Juice"},{"floor":0.0,"key":"SpeedPotion"},{"floor":0.0,"key":"SmokeBomb"},{"floor":1.0,"key":"Strength Potion"},{"floor":7.0,"key":"Fire Potion"},{"floor":13.0,"key":"LiquidBronze"}],"is_trial":false,"path_per_floor":["M","M","?","M","M","R","E","R","T","M","R","M","E","?","R","B",null,"M","$","?","?","M","R","?","E","T","M","R","?","$","E","R","B",null,"M","?","$","M","M","R","E","R","T","?","M","M","R","?","R","B",null],"character_chosen":"DEFECT","items_purchased":["MealTicket","Core Surge","Strawberry"],"campfire_rested":2,"item_purchase_floors":[19,19,37],"current_hp_per_floor":[68,68,68,66,57,57,49,49,49,30,52,52,52,52,52,52,70,59,59,37,37,37,59,59,49,49,35,35,50,65,45,45,46,69,46,42,64,64,64,64,43,43,43,68,68,68,68,68,68,56],"gold":36,"neow_bonus":"THREE_SMALL_POTIONS","is_prod":false,"is_daily":false,"chose_seed":false,"campfire_upgraded":7,"win_rate":0,"timestamp":1559823081,"path_taken":["M","M","?","M","M","R","E","R","T","M","R","?","E","?","R","BOSS","M","$","?","?","M","R","?","E","T","M","R","?","$","E","R","BOSS","M","?","$","M","?","R","E","R","T","?","M","M","R","?","R","BOSS"],"build_version":"2019-01-23","purchased_purges":1,"victory":true,"max_hp_per_floor":[76,76,76,76,76,76,76,76,76,76,76,76,76,76,76,76,76,76,76,76,76,76,76,76,76,76,76,76,76,76,76,76,76,76,76,76,83,83,83,83,83,83,83,83,83,83,83,83,83,83],"card_choices":[{"not_picked":["Sweeping Beam","Compile Driver"],"picked":"Cold Snap","floor":1.0},{"not_picked":["Steam","Storm"],"picked":"Consume","floor":2.0},{"not_picked":["Go for the Eyes","Compile Driver"],"picked":"Ball Lightning","floor":4.0},{"not_picked":["Hello World","Amplify","Hologram"],"picked":"SKIP","floor":5.0},{"not_picked":["Hologram","Sunder"],"picked":"Buffer","floor":7.0},{"not_picked":["Hologram","Hello World","Compile Driver"],"picked":"SKIP","floor":10.0},{"not_picked":["Steam","Consume"],"picked":"Conserve Battery","floor":12.0},{"not_picked":["Double Energy","Steam"],"picked":"Machine Learning","floor":13.0},{"not_picked":["Core Surge","Buffer"],"picked":"Echo Form","floor":16.0},{"not_picked":["Chaos","Leap"],"picked":"Genetic Algorithm","floor":18.0},{"not_picked":["Gash+1","Sweeping Beam","Hologram"],"picked":"Storm","floor":22.0},{"not_picked":["Gash","Redo","Darkness"],"picked":"BootSequence+1","floor":25.0},{"not_picked":["Tempest","Steam","Go for the Eyes"],"picked":"Echo Form","floor":27},{"not_picked":["Lockon","Barrage","Turbo","Rebound+1"],"picked":"SKIP","floor":31},{"not_picked":["Meteor Strike","Reboot","Multi-Cast"],"picked":"Seek","floor":33},{"not_picked":["Consume","Compile Driver","Rebound"],"picked":"Glacier","floor":35},{"not_picked":["Hologram+1","Leap+1","Streamline","Turbo"],"picked":"SKIP","floor":38},{"not_picked":["Compile Driver+1","Streamline","Barrage","Turbo"],"picked":"SKIP","floor":39},{"not_picked":["Seek","Stack","Leap+1"],"picked":"Amplify","floor":41},{"not_picked":["Skim","Blizzard","Coolheaded"],"picked":"Capacitor","floor":44},{"not_picked":["Steam+1","BootSequence","Redo"],"picked":"Chill","floor":45},{"not_picked":["Conserve Battery","Turbo","Force Field","Steam+1"],"picked":"SKIP","floor":46}],"player_experience":640750,"relics_obtained":[{"floor":7.0,"key":"Nunchaku"},{"floor":9.0,"key":"Mummified Hand"},{"floor":13.0,"key":"Vajra"},{"floor":20.0,"key":"Thread and Needle"},{"floor":20.0,"key":"Question Card"},{"floor":25.0,"key":"Pantograph"},{"floor":26.0,"key":"Letter Opener"},{"floor":31,"key":"Orichalcum"},{"floor":41,"key":"Happy Flower"},{"floor":43,"key":"MawBank"},{"floor":44,"key":"Peace Pipe"}],"event_choices":[{"damage_healed":0.0,"max_hp_gain":0.0,"max_hp_loss":0.0,"gold_gain":0.0,"event_name":"Accursed Blacksmith","player_choice":"Forge","floor":3.0,"gold_loss":0.0,"damage_taken":0.0,"cards_upgraded":["Consume"]},{"cards_removed":["Strike_B"],"damage_healed":0.0,"max_hp_gain":0.0,"max_hp_loss":0.0,"gold_gain":0.0,"event_name":"The Cleric","player_choice":"Card Removal","floor":14.0,"gold_loss":75.0,"damage_taken":0.0},{"damage_healed":0.0,"max_hp_gain":0.0,"max_hp_loss":0.0,"gold_gain":0.0,"event_name":"Colosseum","player_choice":"Fight","floor":20.0,"gold_loss":0.0,"damage_taken":0.0},{"damage_healed":0.0,"max_hp_gain":0.0,"max_hp_loss":0.0,"gold_gain":0.0,"event_name":"Colosseum","player_choice":"Fought Nobs","floor":20.0,"gold_loss":0.0,"damage_taken":0.0},{"damage_healed":0.0,"max_hp_gain":0.0,"max_hp_loss":0.0,"gold_gain":0.0,"event_name":"Drug Dealer","player_choice":"Inject Mutagens","floor":21.0,"gold_loss":0.0,"damage_taken":0.0,"relics_obtained":["MutagenicStrength"]},{"damage_healed":0.0,"max_hp_gain":0.0,"max_hp_loss":0.0,"gold_gain":0.0,"event_name":"The Mausoleum","player_choice":"Ignored","floor":24.0,"gold_loss":0.0,"damage_taken":0.0},{"damage_healed":15,"gold_gain":0,"player_choice":"Heal","damage_taken":0,"max_hp_gain":0,"max_hp_loss":0,"event_name":"The Library","floor":29,"gold_loss":0},{"damage_healed":0,"gold_gain":0,"player_choice":"Bought 0 Potions","damage_taken":0,"max_hp_gain":0,"max_hp_loss":0,"event_name":"The Woman in Blue","floor":36,"gold_loss":0},{"damage_healed":0,"gold_gain":0,"player_choice":"Fight","damage_taken":0,"max_hp_gain":0,"max_hp_loss":0,"event_name":"MindBloom","floor":44,"gold_loss":0},{"damage_healed":0,"gold_gain":0,"player_choice":"Paid","damage_taken":0,"relics_obtained":["Red Mask"],"max_hp_gain":0,"max_hp_loss":0,"event_name":"Tomb of Lord Red Mask","floor":48,"gold_loss":374}],"is_beta":false,"boss_relics":[{"not_picked":["Fusion Hammer","Tiny House"],"picked":"Sozu"},{"not_picked":["Calling Bell","Philosopher\u0027s Stone"],"picked":"Lizard Tail"}],"items_purged_floors":[30],"is_endless":false,"potions_floor_spawned":[1,4,7,13,18,25,27,33,41,46],"ascension_level":18}