{"gold_per_floor":[110,121,46,46,59,90,90,105,153,168,195,195],"floor_reached":12,"playtime":613,"items_purged":["Strike_B"],"score":95,"play_id":"05e00b17-e8a3-44f5-ab45-647ed233c9fd","local_time":"20190608022108","is_ascension_mode":true,"campfire_choices":[{"floor":7,"key":"REST"}],"neow_cost":"NONE","seed_source_timestamp":545408850452800,"circlet_count":0,"master_deck":["Strike_B","Strike_B","Defend_B","Defend_B","Defend_B","Defend_B","Zap","Dualcast","Gash","Rebound","Genetic Algorithm","Rebound","Conserve Battery","Hologram","Beam Cell"],"relics":["Eternal Feather","Dodecahedron","Smiling Mask","Regal Pillow"],"potions_floor_usage":[6,11],"damage_taken":[{"damage":5,"enemies":"Small Slimes","floor":1,"turns":3},{"damage":0,"enemies":"Cultist","floor":2,"turns":3},{"damage":10,"enemies":"Jaw Worm","floor":5,"turns":4},{"damage":40,"enemies":"Lagavulin","floor":6,"turns":7},{"damage":12,"enemies":"Red Slaver","floor":8,"turns":5},{"damage":0,"enemies":"Blue Slaver","floor":10,"turns":4},{"damage":22,"enemies":"3 Sentries","floor":11,"turns":8},{"damage":15,"enemies":"Lots of Slimes","floor":12,"turns":3}],"seed_played":"-6475661806453058930","potions_obtained":[{"floor":5,"key":"Energy Potion"},{"floor":8,"key":"Weak Potion"}],"is_trial":false,"path_per_floor":["M","M","$","?","M","E","R","M","T","M","E","M"],"character_chosen":"DEFECT","items_purchased":[],"campfire_rested":1,"item_purchase_floors":[],"current_hp_per_floor":[70,70,70,70,60,20,48,36,36,36,14,0],"gold":195,"neow_bonus":"BOSS_RELIC","is_prod":false,"is_daily":false,"chose_seed":false,"campfire_upgraded":0,"win_rate":0,"timestamp":1559971268,"path_taken":["M","M","$","?","M","E","R","M","T","M","E","?"],"build_version":"2019-01-23","purchased_purges":1,"victory":false,"max_hp_per_floor":[75,75,75,75,75,75,75,75,75,75,75,75],"card_choices":[{"not_picked":["Aggregate","Compile Driver"],"picked":"Gash","floor":1},{"not_picked":["Barrage","Coolheaded"],"picked":"Rebound","floor":2},{"not_picked":["Redo","Force Field"],"picked":"Genetic Algorithm","floor":5},{"not_picked":["Coolheaded","Rip and Tear"],"picked":"Rebound","floor":6},{"not_picked":["Biased Cognition","Doom and Gloom"],"picked":"Conserve Battery","floor":8},{"not_picked":["Streamline","Ball Lightning"],"picked":"Hologram","floor":10},{"not_picked":["Rebound","Stack"],"picked":"Beam Cell","floor":11}],"player_experience":228679,"relics_obtained":[{"floor":6,"key":"Dodecahedron"},{"floor":9,"key":"Smiling Mask"},{"floor":11,"key":"Regal Pillow"}],"event_choices":[{"cards_removed":["Strike_B"],"damage_healed":0,"gold_gain":0,"player_choice":"Purged","damage_taken":0,"max_hp_gain":0,"max_hp_loss":0,"event_name":"Purifier","floor":4,"gold_loss":0}],"is_beta":false,"boss_relics":[],"items_purged_floors":[3],"is_endless":false,"potions_floor_spawned":[5,8],"killed_by":"Lots of Slimes","ascension_level":1}