{"gold_per_floor":[111,129,129,145,164,195,195,213,213,138,172,172,72,86,86,163,163,178,196,216,229,104,104],"floor_reached":23,"playtime":1190,"items_purged":["Strike_R","Strike_R","Strike_R"],"score":369,"play_id":"d07f9c42-c34b-445b-96dc-a4b551282455","local_time":"20181227130848","is_ascension_mode":true,"campfire_choices":[{"data":"Cleave","floor":7,"key":"SMITH"},{"data":"Cleave","floor":12,"key":"SMITH"},{"floor":15,"key":"REST"}],"neow_cost":"TEN_PERCENT_HP_LOSS","seed_source_timestamp":501356994158290,"circlet_count":0,"master_deck":["AscendersBane","Strike_R","Strike_R","Defend_R","Defend_R","Defend_R","Defend_R","Bash","Swift Strike","Madness","Cleave+1","Headbutt","Cleave+1","Pommel Strike","Feed","Headbutt","Inflame","Offering","Havoc+1","Clothesline+1","Flame Barrier"],"relics":["Burning Blood","Self Forming Clay","Bottled Lightning","Ornamental Fan","Velvet Choker"],"potions_floor_usage":[6,16,16,23],"damage_taken":[{"damage":3,"enemies":"2 Louse","floor":1,"turns":3},{"damage":1,"enemies":"Cultist","floor":2,"turns":3},{"damage":3,"enemies":"Small Slimes","floor":4,"turns":2},{"damage":12,"enemies":"Looter","floor":5,"turns":3},{"damage":23,"enemies":"3 Sentries","floor":6,"turns":5},{"damage":13,"enemies":"Blue Slaver","floor":8,"turns":3},{"damage":16,"enemies":"Gremlin Nob","floor":11,"turns":3},{"damage":2,"enemies":"3 Louse","floor":14,"turns":2},{"damage":36,"enemies":"Hexaghost","floor":16,"turns":8},{"damage":3,"enemies":"Chosen","floor":18,"turns":4},{"damage":19,"enemies":"2 Thieves","floor":19,"turns":3},{"damage":13,"enemies":"Snecko","floor":20,"turns":4},{"damage":31,"enemies":"Snake Plant","floor":21,"turns":3},{"damage":25,"enemies":"Book of Stabbing","floor":23,"turns":4}],"seed_played":"3803394128807287070","potions_obtained":[{"floor":1,"key":"Block Potion"},{"floor":6,"key":"Swift Potion"},{"floor":11,"key":"Block Potion"},{"floor":16,"key":"SteroidPotion"},{"floor":18,"key":"SteroidPotion"},{"floor":21,"key":"Poison Potion"}],"is_trial":false,"path_per_floor":["M","M","?","M","M","E","R","M","T","$","E","R","$","M","R","B",null,"M","M","M","M","$","E"],"character_chosen":"IRONCLAD","items_purchased":[],"campfire_rested":1,"item_purchase_floors":[],"current_hp_per_floor":[68,68,68,68,62,45,45,38,38,38,28,28,28,32,52,22,57,63,53,49,24,24,0],"gold":104,"neow_bonus":"RANDOM_COLORLESS_2","is_prod":false,"is_daily":false,"chose_seed":false,"campfire_upgraded":2,"win_rate":0,"timestamp":1545887328,"path_taken":["M","M","?","M","M","E","R","M","T","$","E","R","$","?","R","BOSS","M","M","M","M","$","E"],"build_version":"2018-12-20","purchased_purges":3,"victory":false,"max_hp_per_floor":[68,68,68,68,68,68,68,68,68,68,68,68,68,68,68,68,68,71,74,77,77,77,77],"card_choices":[{"not_picked":["Heavy Blade","Flame Barrier"],"picked":"Cleave","floor":1},{"not_picked":["Anger","Rupture"],"picked":"Headbutt","floor":2},{"not_picked":["Shrug It Off","Sentinel"],"picked":"Cleave","floor":4},{"not_picked":["Perfected Strike","Feel No Pain"],"picked":"Pommel Strike","floor":5},{"not_picked":["Clothesline","Heavy Blade"],"picked":"Feed","floor":6},{"not_picked":["Pommel Strike","Sword Boomerang"],"picked":"Headbutt","floor":8},{"not_picked":["Corruption","Armaments"],"picked":"Inflame","floor":11},{"not_picked":["Perfected Strike","Warcry","Heavy Blade"],"picked":"SKIP","floor":14},{"not_picked":["Fiend Fire","Feed"],"picked":"Offering","floor":16},{"not_picked":["True Grit","Hemokinesis+1","Fire Breathing"],"picked":"SKIP","floor":18},{"not_picked":["Shrug It Off","Clash"],"picked":"Havoc+1","floor":19},{"not_picked":["Sword Boomerang","Twin Strike"],"picked":"Clothesline+1","floor":20},{"not_picked":["Body Slam","Entrench"],"picked":"Flame Barrier","floor":21}],"player_experience":617806,"relics_obtained":[{"floor":6,"key":"Self Forming Clay"},{"floor":9,"key":"Bottled Lightning"},{"floor":11,"key":"Ornamental Fan"}],"event_choices":[{"damage_healed":0,"gold_gain":0,"player_choice":"0 cards matched","damage_taken":0,"max_hp_gain":0,"max_hp_loss":0,"event_name":"Match and Keep!","floor":3,"gold_loss":0,"cards_obtained":[]}],"is_beta":false,"boss_relics":[{"not_picked":["Tiny House","Runic Pyramid"],"picked":"Velvet Choker"}],"items_purged_floors":[10,13,22],"is_endless":false,"potions_floor_spawned":[1,6,11,16,18,21],"killed_by":"Book of Stabbing","ascension_level":16}