{"gold_per_floor":[111,73,85,98,113,113,113,113,161,161,161,111,111,154,154,285,285,309,309,309,309,325,325,395,395,445,466,466,128,149,162,162,162],"floor_reached":33,"playtime":2305,"items_purged":["Strike_B"],"score":243,"play_id":"d9d0f09e-f2b6-4c25-bb31-a2f1405949b0","local_time":"20190121123414","is_ascension_mode":false,"campfire_choices":[{"data":"Loop","floor":6,"key":"SMITH"},{"data":"Barrage","floor":8,"key":"SMITH"},{"data":"Genetic Algorithm","floor":10,"key":"SMITH"},{"data":"Ball Lightning","floor":13,"key":"SMITH"},{"floor":15,"key":"REST"},{"data":"Static Discharge","floor":23,"key":"SMITH"},{"data":"RitualDagger","floor":25,"key":"SMITH"},{"floor":32,"key":"REST"}],"neow_cost":"NONE","seed_source_timestamp":207221964919900,"circlet_count":0,"master_deck":["Strike_B","Strike_B","Strike_B+1","Defend_B","Defend_B","Defend_B","Defend_B","Zap","Dualcast","Barrage+1","Loop+1","Genetic Algorithm+1","Ball Lightning+1","Compile Driver","Lockon+1","Thunder Strike","Static Discharge+1","RitualDagger+1","Glacier","Go for the Eyes+1","Defragment","Thunder Strike","Chrysalis","Glacier+1","Fusion+1"],"relics":["FrozenCore","Golden Idol","Juzu Bracelet","Whetstone","Vajra","Mummified Hand","Pen Nib","MutagenicStrength"],"potions_floor_usage":[14,16,31],"damage_taken":[{"damage":7,"enemies":"2 Louse","floor":1,"turns":2},{"damage":11,"enemies":"Jaw Worm","floor":3,"turns":4},{"damage":5,"enemies":"Small Slimes","floor":4,"turns":3},{"damage":11,"enemies":"Looter","floor":5,"turns":4},{"damage":28,"enemies":"3 Sentries","floor":14,"turns":5},{"damage":39,"enemies":"Hexaghost","floor":16,"turns":8},{"damage":0,"enemies":"Chosen","floor":18,"turns":3},{"damage":10,"enemies":"Shell Parasite","floor":22,"turns":6},{"damage":27,"enemies":"Shelled Parasite and Fungi","floor":27,"turns":6},{"damage":10,"enemies":"Centurion and Healer","floor":30,"turns":4},{"damage":20,"enemies":"Chosen and Byrds","floor":31,"turns":8},{"damage":36,"enemies":"Collector","floor":33,"turns":6}],"seed_played":"-1571278414153936361","potions_obtained":[{"floor":5,"key":"SneckoOil"},{"floor":14,"key":"Explosive Potion"},{"floor":18,"key":"Fire Potion"},{"floor":22,"key":"AttackPotion"},{"floor":30,"key":"Poison Potion"}],"is_trial":false,"path_per_floor":["M","$","M","M","M","R","?","R","T","R","?","?","R","E","R","B",null,"M","?","?","?","M","R","T","R","T","M","?","$","M","M","R","B"],"character_chosen":"DEFECT","items_purchased":["Loop","Thunder Strike","Chrysalis"],"campfire_rested":2,"item_purchase_floors":[2,29,29],"current_hp_per_floor":[75,75,64,59,48,48,48,48,48,48,48,48,48,20,44,5,82,82,76,76,76,66,66,66,66,66,39,39,39,29,9,33,0],"gold":162,"neow_bonus":"TEN_PERCENT_HP_BONUS","is_prod":false,"is_daily":false,"chose_seed":false,"campfire_upgraded":6,"win_rate":0.0,"timestamp":1548070454,"path_taken":["M","$","M","M","M","R","?","R","T","R","?","?","R","E","R","BOSS","M","?","?","?","M","R","?","R","T","M","?","$","M","M","R","BOSS"],"build_version":"2019-01-17v2","purchased_purges":1,"victory":false,"max_hp_per_floor":[82,82,82,82,82,82,82,82,82,82,82,82,82,82,82,82,82,82,82,82,82,82,82,82,82,82,82,82,82,82,82,82,82],"card_choices":[{"not_picked":["Cold Snap","Hologram"],"picked":"Barrage","floor":1},{"not_picked":["Skim","Heatsinks"],"picked":"Genetic Algorithm","floor":3},{"not_picked":["Compile Driver","FTL"],"picked":"Ball Lightning","floor":4},{"not_picked":["Consume","Melter"],"picked":"Compile Driver","floor":5},{"not_picked":["Defragment","Aggregate"],"picked":"Lockon","floor":14},{"not_picked":["Reboot","All For One"],"picked":"Thunder Strike","floor":16},{"not_picked":["Coolheaded","Conserve Battery"],"picked":"Static Discharge","floor":18},{"not_picked":["Leap+1","Ball Lightning"],"picked":"Go for the Eyes+1","floor":22},{"not_picked":["Sweeping Beam","Aggregate+1"],"picked":"Defragment","floor":27},{"not_picked":["Barrage+1","Rebound"],"picked":"Glacier+1","floor":30},{"not_picked":["Redo","Cold Snap"],"picked":"Fusion+1","floor":31}],"player_experience":19919,"relics_obtained":[{"floor":9,"key":"Juzu Bracelet"},{"floor":14,"key":"Whetstone"},{"floor":24,"key":"Mummified Hand"},{"floor":26,"key":"Pen Nib"}],"event_choices":[{"damage_healed":0,"gold_gain":0,"player_choice":"Take Wound","damage_taken":0,"relics_obtained":["Golden Idol"],"max_hp_gain":0,"max_hp_loss":0,"event_name":"Golden Idol","floor":7,"gold_loss":0,"cards_obtained":["Injury"]},{"damage_healed":0,"gold_gain":0,"player_choice":"Ignored","damage_taken":0,"max_hp_gain":0,"max_hp_loss":0,"event_name":"Liars Game","floor":11,"gold_loss":0},{"cards_removed":["Injury"],"damage_healed":0,"gold_gain":0,"player_choice":"Card Removal","damage_taken":0,"max_hp_gain":0,"max_hp_loss":0,"event_name":"The Cleric","floor":12,"gold_loss":50},{"damage_healed":0,"gold_gain":0,"player_choice":"Joined the Cult","damage_taken":6,"max_hp_gain":0,"max_hp_loss":0,"event_name":"Nest","floor":19,"gold_loss":0,"cards_obtained":["RitualDagger"]},{"damage_healed":0,"gold_gain":0,"player_choice":"Opened","damage_taken":0,"relics_obtained":["Vajra"],"max_hp_gain":0,"max_hp_loss":0,"event_name":"The Mausoleum","floor":20,"gold_loss":0},{"damage_healed":0,"gold_gain":0,"player_choice":"Read","damage_taken":0,"max_hp_gain":0,"max_hp_loss":0,"event_name":"The Library","floor":21,"gold_loss":0,"cards_obtained":["Glacier"]},{"damage_healed":0,"gold_gain":0,"player_choice":"Inject Mutagens","damage_taken":0,"relics_obtained":["MutagenicStrength"],"max_hp_gain":0,"max_hp_loss":0,"event_name":"Drug Dealer","floor":28,"gold_loss":0}],"is_beta":false,"boss_relics":[{"not_picked":["Eternal Feather","Tiny House"],"picked":"FrozenCore"}],"items_purged_floors":[29],"is_endless":false,"potions_floor_spawned":[5,14,18,22,30],"killed_by":"Collector","ascension_level":0}