{"gold_per_floor":[115,115,125,125,125,125,157,157,157,82,82,96,96,129,129,232,232,244,269,285,302,124,124,124],"floor_reached":24,"playtime":1010,"items_purged":["Strike_R","Strike_R"],"score":284,"play_id":"7472ef0a-f395-435b-a95b-832043344712","local_time":"20180814115729","is_ascension_mode":true,"campfire_choices":[{"data":"Headbutt","floor":6,"key":"SMITH"},{"data":"Seeing Red","floor":8,"key":"SMITH"},{"data":"Clash","floor":13,"key":"SMITH"},{"data":"Defend_R","floor":15,"key":"SMITH"},{"data":"Defend_R","floor":23,"key":"SMITH"}],"neow_cost":"NONE","seed_source_timestamp":17226366261465,"circlet_count":0,"master_deck":["Strike_R+1","Strike_R","Strike_R","Defend_R","Defend_R+1","Defend_R+1","Bash+1","Clash+1","Headbutt+1","Seeing Red+1","Barricade+1","Cleave+1","Corruption+1"],"relics":["Burning Blood","NeowsBlessing","Centennial Puzzle","Gremlin Horn","Frozen Egg 2","Sozu","Red Mask"],"potions_floor_usage":[16,24],"damage_taken":[{"damage":0,"enemies":"Cultist","floor":1,"turns":1},{"damage":0,"enemies":"Small Slimes","floor":3,"turns":1},{"damage":0,"enemies":"Lagavulin","floor":7,"turns":1},{"damage":2,"enemies":"2 Louse","floor":12,"turns":2},{"damage":15,"enemies":"Gremlin Nob","floor":14,"turns":3},{"damage":36,"enemies":"The Guardian","floor":16,"turns":10},{"damage":2,"enemies":"Chosen","floor":18,"turns":3},{"damage":24,"floor":19,"turns":4},{"damage":6,"enemies":"Spheric Guardian","floor":20,"turns":4},{"damage":13,"enemies":"Snake Plant","floor":21,"turns":3},{"damage":53,"enemies":"Book of Stabbing","floor":24,"turns":5}],"seed_played":"3800580692715987053","potions_obtained":[{"floor":3,"key":"EssenceOfSteel"},{"floor":12,"key":"SneckoOil"},{"floor":14,"key":"Strength Potion"}],"is_trial":false,"path_per_floor":["M","?","M","?","?","R","E","R","T","$","?","M","R","E","R","B",null,"M","?","M","M","$","R"],"character_chosen":"IRONCLAD","items_purchased":["Corruption+1"],"campfire_rested":0,"item_purchase_floors":[22],"current_hp_per_floor":[80,85,85,85,68,68,74,74,74,74,67,71,71,62,62,32,72,76,58,58,51,51,51,0],"gold":124,"neow_bonus":"THREE_ENEMY_KILL","is_prod":false,"is_daily":false,"chose_seed":false,"campfire_upgraded":5,"win_rate":0,"timestamp":1534219049,"path_taken":["M","?","M","?","?","R","E","R","T","$","?","?","R","E","R","BOSS","M","?","M","?","$","R","E"],"build_version":"2018-08-09","purchased_purges":2,"victory":false,"max_hp_per_floor":[80,85,85,85,85,85,85,85,85,85,85,85,85,85,85,85,85,85,85,85,85,85,85,85],"card_choices":[{"not_picked":["Twin Strike","Iron Wave"],"picked":"Clash","floor":1},{"not_picked":["Pommel Strike","Thunderclap"],"picked":"Headbutt","floor":3},{"not_picked":["Burning Pact","Dual Wield"],"picked":"Seeing Red","floor":7},{"not_picked":["Body Slam","Iron Wave","Searing Blow"],"picked":"SKIP","floor":12},{"not_picked":["Sever Soul","Armaments","Iron Wave"],"picked":"SKIP","floor":14},{"not_picked":["Double Tap","Brutality+1"],"picked":"Barricade+1","floor":16},{"not_picked":["Armaments","Twin Strike"],"picked":"Cleave+1","floor":18},{"not_picked":["Wild Strike+1","Flex","Perfected Strike"],"picked":"SKIP","floor":20},{"not_picked":["Clash","Wild Strike","Dual Wield"],"picked":"SKIP","floor":21}],"player_experience":411671,"relics_obtained":[{"floor":7,"key":"Centennial Puzzle"},{"floor":9,"key":"Gremlin Horn"},{"floor":14,"key":"Frozen Egg 2"},{"floor":19,"key":"Red Mask"}],"event_choices":[{"event_name":"Big Fish","player_choice":"Donut","floor":2,"damage_taken":0},{"event_name":"Liars Game","player_choice":"disagreed","floor":4,"damage_taken":0},{"event_name":"Shining Light","player_choice":"Entered Light","floor":5,"damage_taken":0},{"event_name":"Golden Wing","player_choice":"Card Removal","floor":11,"damage_taken":0},{"event_name":"Masked Bandits","player_choice":"Fought Bandits","floor":19,"damage_taken":0}],"is_beta":false,"boss_relics":[{"not_picked":["Ectoplasm","Snecko Eye"],"picked":"Sozu"}],"items_purged_floors":[10,22],"is_endless":false,"potions_floor_spawned":[3,12,14,19,20,21],"killed_by":"Book of Stabbing","ascension_level":5}