{"gold_per_floor":[114,133,133,113,38,38,50,50,50,50,50,62,62,87,87,87],"floor_reached":16,"playtime":379,"items_purged":["Defend_R"],"score":158,"play_id":"fc178a1c-3262-4f0d-b661-17417b4d101f","local_time":"20190103090126","is_ascension_mode":true,"campfire_choices":[{"data":"Bash","floor":6,"key":"SMITH"},{"data":"Strike_R","floor":8,"key":"SMITH"},{"data":"Twin Strike","floor":15,"key":"SMITH"}],"neow_cost":"NONE","seed_source_timestamp":331367904800034,"circlet_count":0,"master_deck":["AscendersBane","Strike_R","Strike_R","Strike_R","Strike_R+1","Defend_R+1","Defend_R","Defend_R","Bash+1","Twin Strike+1","Pommel Strike"],"relics":["Burning Blood","NeowsBlessing","Ornamental Fan","Meat on the Bone","Pear","Odd Mushroom"],"potions_floor_usage":[14,16],"damage_taken":[{"damage":0,"enemies":"Small Slimes","floor":1,"turns":1},{"damage":0,"enemies":"Cultist","floor":2,"turns":1},{"damage":0,"enemies":"Jaw Worm","floor":7,"turns":1},{"damage":2,"enemies":"2 Fungi Beasts","floor":12,"turns":4},{"damage":4,"enemies":"The Mushroom Lair","floor":14,"turns":3},{"damage":86,"enemies":"Slime Boss","floor":16,"turns":10}],"seed_played":"-8919716578735380676","potions_obtained":[{"floor":1,"key":"Fire Potion"},{"floor":4,"key":"EssenceOfSteel"}],"is_trial":false,"path_per_floor":["M","M","?","?","$","R","M","R","T","?","?","M","T","?","R","B"],"character_chosen":"IRONCLAD","items_purchased":[],"campfire_rested":0,"item_purchase_floors":[],"current_hp_per_floor":[74,75,68,68,68,68,74,74,74,56,56,60,70,72,72,0],"gold":87,"neow_bonus":"THREE_ENEMY_KILL","is_prod":false,"is_daily":false,"chose_seed":false,"campfire_upgraded":3,"win_rate":0,"timestamp":1546477286,"path_taken":["M","M","?","?","$","R","?","R","T","?","?","?","?","?","R","BOSS"],"build_version":"2018-12-20","purchased_purges":1,"victory":false,"max_hp_per_floor":[75,75,75,75,75,75,75,75,75,75,75,75,85,85,85,85],"card_choices":[{"not_picked":["Heavy Blade","Evolve","Clash"],"picked":"SKIP","floor":1},{"not_picked":["Havoc","Rupture","Anger"],"picked":"SKIP","floor":2},{"not_picked":["Entrench","Iron Wave","Heavy Blade"],"picked":"SKIP","floor":7},{"not_picked":["Flex","Clash"],"picked":"Twin Strike","floor":12},{"not_picked":["Exhume","Heavy Blade"],"picked":"Pommel Strike","floor":14}],"player_experience":646600,"relics_obtained":[{"floor":9,"key":"Ornamental Fan"},{"floor":13,"key":"Pear"},{"floor":14,"key":"Odd Mushroom"}],"event_choices":[{"cards_removed":["Strike_R"],"damage_healed":0,"gold_gain":0,"player_choice":"Card Removal","damage_taken":7,"max_hp_gain":0,"max_hp_loss":0,"event_name":"Golden Wing","floor":3,"gold_loss":0},{"damage_healed":0,"gold_gain":0,"player_choice":"Bought 1 Potion","damage_taken":0,"max_hp_gain":0,"max_hp_loss":0,"event_name":"The Woman in Blue","floor":4,"gold_loss":0},{"damage_healed":0,"gold_gain":0,"player_choice":"Success","damage_taken":18,"relics_obtained":["Meat on the Bone"],"max_hp_gain":0,"max_hp_loss":0,"event_name":"Scrap Ooze","floor":10,"gold_loss":0},{"damage_healed":0,"gold_gain":0,"player_choice":"Forge","damage_taken":0,"max_hp_gain":0,"max_hp_loss":0,"event_name":"Accursed Blacksmith","floor":11,"gold_loss":0,"cards_upgraded":["Defend_R"]},{"damage_healed":0,"gold_gain":0,"player_choice":"Fought Mushrooms","damage_taken":0,"max_hp_gain":0,"max_hp_loss":0,"event_name":"Mushrooms","floor":14,"gold_loss":0}],"is_beta":false,"boss_relics":[],"items_purged_floors":[5],"is_endless":false,"potions_floor_spawned":[1],"killed_by":"Slime Boss","ascension_level":16}