{"gold_per_floor":[109,89,100,114,129,158,158,189,189,223,712,731,743,769,769,769,769,788,521,531,456,474,502,515,542,624,656,580,607,607,617,617,719,719,731,731,18,36,36,65,65,165,165,165,199,213,245,262,262,262,262,262,311,338,338],"floor_reached":56,"playtime":5869,"items_purged":["Defend_G","Strike_G","Strike_G","Defend_G","Doubt"],"score":1922,"play_id":"59e9eb36-2388-4e8f-bae1-37a0bb228bda","local_time":"20190601042442","is_ascension_mode":true,"campfire_choices":[{"data":"Choke","floor":15.0,"key":"SMITH"},{"data":"RitualDagger","floor":32.0,"key":"SMITH"},{"floor":41,"key":"RECALL"},{"floor":44,"key":"REST"},{"data":"Blade Dance","floor":49,"key":"SMITH"},{"data":"Cloak And Dagger","floor":52,"key":"SMITH"}],"neow_cost":"PERCENT_DAMAGE","seed_source_timestamp":0,"circlet_count":0,"master_deck":["Defend_G+1","Strike_G+1","Strike_G+1","Survivor+1","Neutralize+1","Escape Plan+1","Dodge and Roll+1","Dagger Spray+1","Storm of Steel+1","Predator+1","Cloak And Dagger+1","Outmaneuver+1","Acrobatics+1","Dagger Spray+1","Choke+1","Calculated Gamble+1","Storm of Steel+1","Secret Technique+1","Infinite Blades+1","Finisher+1","Phantasmal Killer+1","Doppelganger+1","Blade Dance+1","Transmutation+1","Dagger Spray+1","RitualDagger+1","Quick Slash+1","Acrobatics+1","Phantasmal Killer+1","Backflip+1","Cloak And Dagger+1","Madness+1","Madness+1","Accuracy+1","Mind Blast+1","Blade Dance+1","Terror","Blade Dance+1","Cloak And Dagger+1","Flash of Steel","Infinite Blades+1"],"special_seed":0,"relics":["Ring of the Snake","PreservedInsect","Anchor","Meat on the Bone","Calipers","Kunai","Frozen Eye","Strawberry","Sozu","Shuriken","Pear","TwistedFunnel","Thread and Needle","Prayer Wheel","Frozen Egg 2","Mercury Hourglass","Mango","OrangePellets","Pen Nib","Regal Pillow","Cursed Key","Blood Vial","Bottled Lightning","Mark of the Bloom","FossilizedHelix","Question Card","War Paint","Vajra","Toolbox","Ginger","Bottled Tornado","Orichalcum"],"potions_floor_usage":[],"damage_taken":[{"damage":5.0,"enemies":"2 Louse","floor":1.0,"turns":3.0},{"damage":0.0,"enemies":"Cultist","floor":3.0,"turns":4.0},{"damage":0.0,"enemies":"Small Slimes","floor":4.0,"turns":3.0},{"damage":16.0,"enemies":"Exordium Thugs","floor":5.0,"turns":7.0},{"damage":18.0,"enemies":"3 Sentries","floor":6.0,"turns":7.0},{"damage":0.0,"enemies":"Gremlin Nob","floor":8.0,"turns":2.0},{"damage":0.0,"enemies":"3 Sentries","floor":10.0,"turns":3.0},{"damage":0.0,"enemies":"Large Slime","floor":12.0,"turns":3.0},{"damage":1.0,"enemies":"Looter","floor":13.0,"turns":2.0},{"damage":0.0,"enemies":"Lagavulin","floor":14.0,"turns":2.0},{"damage":11.0,"enemies":"Hexaghost","floor":16.0,"turns":6.0},{"damage":0.0,"enemies":"3 Byrds","floor":18.0,"turns":3.0},{"damage":0.0,"enemies":"Shell Parasite","floor":20.0,"turns":1.0},{"damage":14.0,"enemies":"Centurion and Healer","floor":22.0,"turns":4.0},{"damage":4.0,"enemies":"Book of Stabbing","floor":23.0,"turns":3.0},{"damage":0.0,"enemies":"Cultist and Chosen","floor":24.0,"turns":3.0},{"damage":0.0,"enemies":"Gremlin Leader","floor":25.0,"turns":3.0},{"damage":0.0,"enemies":"Book of Stabbing","floor":27.0,"turns":2.0},{"damage":0.0,"enemies":"Gremlin Leader","floor":29.0,"turns":2.0},{"damage":3.0,"enemies":"Shelled Parasite and Fungi","floor":31.0,"turns":2.0},{"damage":1.0,"enemies":"Collector","floor":33.0,"turns":3.0},{"damage":0,"enemies":"3 Shapes","floor":35,"turns":1},{"damage":0,"enemies":"Orb Walker","floor":38,"turns":1},{"damage":0,"enemies":"Giant Head","floor":40,"turns":5},{"damage":0,"enemies":"Reptomancer","floor":45,"turns":3},{"damage":0,"enemies":"Sphere and 2 Shapes","floor":46,"turns":2},{"damage":0,"enemies":"Giant Head","floor":47,"turns":1},{"damage":0,"enemies":"Writhing Mass","floor":48,"turns":2},{"damage":0,"enemies":"Donu and Deca","floor":50,"turns":3},{"damage":0,"enemies":"Shield and Spear","floor":54,"turns":2},{"damage":88,"enemies":"The Heart","floor":55,"turns":4}],"seed_played":"-9138154890477714928","potions_obtained":[{"floor":1.0,"key":"PowerPotion"},{"floor":2.0,"key":"GhostInAJar"},{"floor":4.0,"key":"SpeedPotion"},{"floor":13.0,"key":"Regen Potion"}],"is_trial":false,"path_per_floor":["M","?","M","M","M","E","?","E","T","E","$","M","M","E","R","B",null,"M","$","M","?","M","E","M","E","T","E","$","E","?","M","R","B",null,"M","?","$","M","?","E","R","?","T","R","E","M","E","M","R","B",null,"R","$","E","B",null],"character_chosen":"THE_SILENT","items_purchased":["Calipers","Kunai","Frozen Eye","Acrobatics","Shuriken","Pear","TwistedFunnel","Secret Technique","Infinite Blades","Mango","OrangePellets","Pen Nib","Transmutation","Blood Vial","Accuracy+1","Mind Blast","Bottled Lightning","Toolbox","Ginger","Bottled Tornado","Flash of Steel"],"campfire_rested":1,"item_purchase_floors":[11,11,11,11,19,19,19,19,19,28,28,28,28,37,37,37,37,53,53,53,53],"current_hp_per_floor":[44,44,44,44,28,10,10,10,10,10,10,22,33,52,52,41,77,77,87,87,87,73,69,69,69,69,69,83,83,77,74,74,73,101,101,88,88,90,90,90,90,90,90,90,90,90,90,90,90,90,90,90,90,90,2],"gold":338,"neow_bonus":"REMOVE_TWO","is_prod":false,"is_daily":false,"chose_seed":false,"campfire_upgraded":4,"win_rate":0,"timestamp":1559355882,"path_taken":["M","?","M","?","M","E","?","E","T","E","?","?","M","E","R","BOSS","M","$","M","?","M","E","M","E","T","E","$","E","?","M","R","BOSS","M","?","$","M","?","E","R","?","T","R","E","?","E","?","R","BOSS","R","$","E","BOSS"],"build_version":"2019-01-23","purchased_purges":5,"victory":true,"max_hp_per_floor":[70,70,70,70,70,70,70,70,70,70,70,70,70,77,77,77,77,77,87,87,87,87,87,87,87,87,87,101,101,101,101,101,101,101,101,101,101,101,101,101,101,101,101,101,101,101,101,101,101,101,101,101,101,101,101],"card_choices":[{"not_picked":["Bane","Finisher"],"picked":"Escape Plan","floor":1.0},{"not_picked":["Poisoned Stab","PiercingWail"],"picked":"Dodge and Roll","floor":3.0},{"not_picked":["Underhanded Strike","Dodge and Roll"],"picked":"Dagger Spray","floor":4.0},{"not_picked":["Cloak And Dagger","Dagger Spray"],"picked":"Storm of Steel","floor":5.0},{"not_picked":["PiercingWail","Acrobatics"],"picked":"Predator","floor":6.0},{"not_picked":["Escape Plan","Deadly Poison"],"picked":"Cloak And Dagger","floor":8.0},{"not_picked":["Underhanded Strike","Dagger Throw"],"picked":"Outmaneuver","floor":10.0},{"not_picked":["Sucker Punch","Prepared"],"picked":"Dagger Spray","floor":12.0},{"not_picked":["Sucker Punch","Well Laid Plans"],"picked":"Choke","floor":13.0},{"not_picked":["Flechettes","Slice"],"picked":"Calculated Gamble","floor":14.0},{"not_picked":["Bullet Time","Die Die Die"],"picked":"Storm of Steel","floor":16.0},{"not_picked":["Bane","Poisoned Stab","Deflect"],"picked":"SKIP","floor":18.0},{"not_picked":["Flying Knee+1","Sucker Punch"],"picked":"Finisher+1","floor":20.0},{"not_picked":["Sucker Punch","Blur","Masterful Stab"],"picked":"SKIP","floor":22.0},{"not_picked":["Quick Slash+1","Prepared"],"picked":"Phantasmal Killer","floor":23.0},{"not_picked":["Eviscerate+1","Footwork+1","Caltrops"],"picked":"SKIP","floor":24.0},{"not_picked":["Deadly Poison","Noxious Fumes"],"picked":"Doppelganger","floor":25.0},{"not_picked":["Flechettes","Flying Knee"],"picked":"Blade Dance","floor":27.0},{"not_picked":["Wraith Form v2+1","Terror"],"picked":"Dagger Spray","floor":29.0},{"not_picked":["Poisoned Stab","Riddle With Holes"],"picked":"Quick Slash","floor":31.0},{"not_picked":["Endless Agony+1","Prepared"],"picked":"Acrobatics","floor":31.0},{"not_picked":["Doppelganger","Envenom+1"],"picked":"Phantasmal Killer","floor":33.0},{"not_picked":["Dagger Spray","Deadly Poison"],"picked":"Backflip+1","floor":35},{"not_picked":["Finisher","Expertise"],"picked":"Cloak And Dagger","floor":35},{"not_picked":["Well Laid Plans+1","Glass Knife"],"picked":"Blade Dance","floor":38},{"not_picked":["Poisoned Stab","Slice","Leg Sweep+1"],"picked":"SKIP","floor":38},{"not_picked":["Predator","Phantasmal Killer","Bane"],"picked":"SKIP","floor":40},{"not_picked":["Dagger Spray","Endless Agony+1","Bane","Deadly Poison"],"picked":"SKIP","floor":45},{"not_picked":["Leg Sweep+1","All Out Attack","Dagger Throw"],"picked":"Terror","floor":46},{"not_picked":["Skewer+1","Blur+1","Bane+1","Finisher"],"picked":"SKIP","floor":46},{"not_picked":["Escape Plan+1","Blur+1","Venomology"],"picked":"Blade Dance","floor":47},{"not_picked":["Backflip","Sucker Punch","Footwork+1"],"picked":"Cloak And Dagger","floor":48},{"not_picked":["Eviscerate","Reflex+1","Corpse Explosion","Underhanded Strike"],"picked":"SKIP","floor":48},{"not_picked":["Flying Knee","Dagger Spray+1","Deflect"],"picked":"Infinite Blades+1","floor":54}],"player_experience":168333,"relics_obtained":[{"floor":6.0,"key":"PreservedInsect"},{"floor":8.0,"key":"Anchor"},{"floor":10.0,"key":"Meat on the Bone"},{"floor":14.0,"key":"Strawberry"},{"floor":23.0,"key":"Thread and Needle"},{"floor":25.0,"key":"Prayer Wheel"},{"floor":26.0,"key":"Frozen Egg 2"},{"floor":27.0,"key":"Mercury Hourglass"},{"floor":29.0,"key":"Regal Pillow"},{"floor":40,"key":"FossilizedHelix"},{"floor":43,"key":"Question Card"},{"floor":45,"key":"War Paint"},{"floor":47,"key":"Vajra"},{"floor":54,"key":"Orichalcum"}],"event_choices":[{"damage_healed":0.0,"max_hp_gain":0.0,"max_hp_loss":0.0,"gold_gain":0.0,"event_name":"The Woman in Blue","player_choice":"Bought 1 Potion","floor":2.0,"gold_loss":0.0,"damage_taken":0.0},{"damage_healed":0.0,"max_hp_gain":0.0,"max_hp_loss":0.0,"gold_gain":0.0,"event_name":"Upgrade Shrine","player_choice":"Upgraded","floor":7.0,"gold_loss":0.0,"damage_taken":0.0,"cards_upgraded":["Storm of Steel"]},{"cards_removed":["Defend_G"],"damage_healed":0.0,"max_hp_gain":0.0,"max_hp_loss":0.0,"gold_gain":0.0,"event_name":"Beggar","player_choice":"Gave Gold","floor":21.0,"gold_loss":75.0,"damage_taken":0.0},{"damage_healed":0.0,"max_hp_gain":0.0,"max_hp_loss":0.0,"gold_gain":0.0,"event_name":"Nest","player_choice":"Joined the Cult","floor":30.0,"gold_loss":0.0,"damage_taken":6.0,"cards_obtained":["RitualDagger"]},{"damage_healed":0,"gold_gain":0,"player_choice":"Embrace Madness","damage_taken":13,"max_hp_gain":0,"max_hp_loss":0,"event_name":"Winding Halls","floor":36,"gold_loss":0,"cards_obtained":["Madness","Madness"]},{"damage_healed":0,"gold_gain":0,"player_choice":"Upgrade","damage_taken":0,"relics_obtained":["Mark of the Bloom"],"max_hp_gain":0,"max_hp_loss":0,"event_name":"MindBloom","floor":39,"gold_loss":0,"cards_upgraded":["Defend_G","Strike_G","Strike_G","Survivor","Neutralize","Escape Plan","Dodge and Roll","Dagger Spray","Predator","Cloak And Dagger","Outmaneuver","Acrobatics","Dagger Spray","Calculated Gamble","Storm of Steel","Secret Technique","Infinite Blades","Phantasmal Killer","Doppelganger","Blade Dance","Transmutation","Dagger Spray","Quick Slash","Acrobatics","Phantasmal Killer","Cloak And Dagger","Madness","Madness","Mind Blast","Blade Dance"]},{"damage_healed":0,"gold_gain":100,"player_choice":"Pray","damage_taken":0,"max_hp_gain":0,"max_hp_loss":0,"event_name":"Golden Shrine","floor":42,"gold_loss":0}],"is_beta":false,"boss_relics":[{"not_picked":["Orrery","Pandora\u0027s Box"],"picked":"Sozu"},{"not_picked":["Snecko Eye","White Beast Statue"],"picked":"Cursed Key"}],"items_purged_floors":[11,19,28,37,53],"is_endless":false,"potions_floor_spawned":[1,4,13,14,18,23,27,29,31,45,46,47],"ascension_level":3}