{"gold_per_floor":[110,110,110,122,47,75,75,86,86,86,105,5,18,36,36,115,115,85,85,85,85,85,85,85],"floor_reached":24,"playtime":718,"items_purged":["Strike_R","Strike_R"],"score":356,"play_id":"fc6592f9-5c96-4dd4-bb70-1ac8b9d6c148","local_time":"20181227233207","is_ascension_mode":true,"campfire_choices":[{"data":"Bludgeon","floor":7,"key":"SMITH"},{"data":"Searing Blow","floor":10,"key":"SMITH"},{"floor":15,"key":"REST"},{"data":"Searing Blow+1","floor":23,"key":"SMITH"}],"neow_cost":"TEN_PERCENT_HP_LOSS","seed_source_timestamp":539228286582407,"circlet_count":0,"master_deck":["AscendersBane","Strike_R","Strike_R","Strike_R","Defend_R","Defend_R","Defend_R","Defend_R","Bash","Bludgeon+1","Searing Blow+2","Whirlwind+1","Thunderclap+1","Demon Form","Uppercut+1","Double Tap","Dropkick+1","RitualDagger+1"],"relics":["Burning Blood","Molten Egg 2","Art of War","Bag of Preparation","Ectoplasm","MutagenicStrength"],"potions_floor_usage":[6,13,22,24,24],"damage_taken":[{"damage":0,"enemies":"Small Slimes","floor":1,"turns":2},{"damage":7,"enemies":"Jaw Worm","floor":4,"turns":3},{"damage":40,"enemies":"Lagavulin","floor":6,"turns":4},{"damage":0,"enemies":"Cultist","floor":8,"turns":3},{"damage":19,"enemies":"Exordium Thugs","floor":11,"turns":3},{"damage":3,"enemies":"Blue Slaver","floor":13,"turns":2},{"damage":7,"enemies":"Lots of Slimes","floor":14,"turns":2},{"damage":16,"enemies":"Slime Boss","floor":16,"turns":7},{"damage":14,"enemies":"2 Thieves","floor":18,"turns":2},{"damage":6,"enemies":"3 Byrds","floor":19,"turns":2},{"damage":18,"enemies":"Snake Plant","floor":22,"turns":3},{"damage":38,"enemies":"Book of Stabbing","floor":24,"turns":3}],"seed_played":"-4773773460240550930","potions_obtained":[{"floor":1,"key":"Strength Potion"},{"floor":8,"key":"Poison Potion"},{"floor":13,"key":"Dexterity Potion"},{"floor":16,"key":"Weak Potion"},{"floor":18,"key":"Poison Potion"},{"floor":22,"key":"PowerPotion"}],"is_trial":false,"path_per_floor":["M","?","?","M","$","E","R","M","T","R","M","$","M","M","R","B",null,"M","M","?","?","M","R","E"],"character_chosen":"IRONCLAD","items_purchased":[],"campfire_rested":1,"item_purchase_floors":[],"current_hp_per_floor":[68,68,63,62,62,28,28,34,34,34,21,21,24,23,43,33,59,51,51,45,45,33,33,0],"gold":85,"neow_bonus":"THREE_RARE_CARDS","is_prod":false,"is_daily":false,"chose_seed":false,"campfire_upgraded":3,"win_rate":0,"timestamp":1545924727,"path_taken":["M","?","?","M","$","E","R","M","T","R","M","$","M","M","R","BOSS","M","M","?","?","M","R","E"],"build_version":"2018-12-20","purchased_purges":2,"victory":false,"max_hp_per_floor":[68,68,68,68,68,68,68,68,68,68,68,68,68,68,68,68,68,68,68,68,68,68,68,68],"card_choices":[{"not_picked":["Berserk","Reaper"],"picked":"Bludgeon","floor":0},{"not_picked":["Carnage","Reckless Charge"],"picked":"Searing Blow","floor":1},{"not_picked":["Entrench","Shockwave","Wild Strike+1"],"picked":"SKIP","floor":4},{"not_picked":["Flex","Evolve"],"picked":"Whirlwind+1","floor":6},{"not_picked":["Headbutt+1","Twin Strike+1"],"picked":"Thunderclap+1","floor":8},{"not_picked":["Anger+1","Iron Wave+1","Perfected Strike+1"],"picked":"SKIP","floor":11},{"not_picked":["Body Slam+1","Entrench"],"picked":"Demon Form","floor":13},{"not_picked":["Rampage+1","Headbutt+1"],"picked":"Uppercut+1","floor":14},{"not_picked":["Barricade","Limit Break"],"picked":"Double Tap","floor":16},{"not_picked":["Sever Soul+1","Clash+1"],"picked":"Dropkick+1","floor":18},{"not_picked":["Perfected Strike+1","Sword Boomerang+1","Anger+1"],"picked":"SKIP","floor":19},{"not_picked":["Rupture","Armaments","Feel No Pain"],"picked":"SKIP","floor":22}],"player_experience":625035,"relics_obtained":[{"floor":6,"key":"Art of War"},{"floor":9,"key":"Bag of Preparation"}],"event_choices":[{"damage_healed":0,"gold_gain":0,"player_choice":"Ignored","damage_taken":0,"max_hp_gain":0,"max_hp_loss":0,"event_name":"Liars Game","floor":2,"gold_loss":0},{"damage_healed":0,"gold_gain":0,"player_choice":"Success","damage_taken":5,"relics_obtained":["Molten Egg 2"],"max_hp_gain":0,"max_hp_loss":0,"event_name":"Scrap Ooze","floor":3,"gold_loss":0},{"damage_healed":0,"gold_gain":0,"player_choice":"Joined the Cult","damage_taken":6,"max_hp_gain":0,"max_hp_loss":0,"event_name":"Nest","floor":20,"gold_loss":0,"cards_obtained":["RitualDagger"]},{"damage_healed":0,"gold_gain":0,"player_choice":"Inject Mutagens","damage_taken":0,"relics_obtained":["MutagenicStrength"],"max_hp_gain":0,"max_hp_loss":0,"event_name":"Drug Dealer","floor":21,"gold_loss":0}],"is_beta":false,"boss_relics":[{"not_picked":["Calling Bell","Lizard Tail"],"picked":"Ectoplasm"}],"items_purged_floors":[5,12],"is_endless":false,"potions_floor_spawned":[1,8,13,16,18,22],"killed_by":"Book of Stabbing","ascension_level":16}