{"gold_per_floor":[110,129,54,24,38,38,68,68,68,96,96,111,130,142,142,238,238,255,255,255,267,267,278,290,290,290,290,122,122,122,134,134,134],"floor_reached":33,"playtime":1806,"items_purged":["Strike_B","Strike_B"],"score":360,"play_id":"f0d511a9-ba56-49ce-9f96-a888c51a6325","local_time":"20181212111406","is_ascension_mode":true,"campfire_choices":[{"data":"Zap","floor":6,"key":"SMITH"},{"data":"Dualcast","floor":8,"key":"SMITH"},{"data":"Double Energy","floor":11,"key":"SMITH"},{"floor":15,"key":"REST"},{"data":"Reboot","floor":25,"key":"SMITH"},{"data":"Chill","floor":27,"key":"SMITH"},{"data":"Core Surge","floor":29,"key":"SMITH"},{"data":"Rip and Tear","floor":32,"key":"SMITH"}],"neow_cost":"NONE","seed_source_timestamp":788143109726315,"circlet_count":0,"master_deck":["Strike_B+1","Defend_B","Defend_B","Defend_B","Defend_B","Zap+1","Dualcast+1","Sunder+1","Chill+1","Double Energy+1","BootSequence","Compile Driver","Static Discharge+1","Necronomicurse","Glacier+1","Compile Driver+1","Core Surge+1","Injury","Rip and Tear+1"],"relics":["Cracked Core","Cables","Omamori","Whetstone","Calling Bell","Pen Nib","Meat on the Bone","Turnip","Necronomicon","Blood Vial"],"potions_floor_usage":[7,10,10,16,33,33],"damage_taken":[{"damage":3,"enemies":"2 Louse","floor":1,"turns":3},{"damage":6,"enemies":"Cultist","floor":2,"turns":3},{"damage":0,"enemies":"Small Slimes","floor":5,"turns":3},{"damage":26,"enemies":"Lagavulin","floor":7,"turns":5},{"damage":19,"enemies":"Gremlin Nob","floor":10,"turns":4},{"damage":0,"enemies":"Exordium Wildlife","floor":12,"turns":3},{"damage":0,"enemies":"Large Slime","floor":13,"turns":3},{"damage":0,"enemies":"Blue Slaver","floor":14,"turns":2},{"damage":11,"enemies":"Slime Boss","floor":16,"turns":9},{"damage":0,"enemies":"Spheric Guardian","floor":18,"turns":3},{"damage":28,"enemies":"Colosseum Slavers","floor":20,"turns":5},{"damage":7,"enemies":"Chosen","floor":21,"turns":3},{"damage":8,"enemies":"Shelled Parasite and Fungi","floor":23,"turns":2},{"damage":0,"enemies":"3 Cultists","floor":24,"turns":6},{"damage":8,"enemies":"Snecko","floor":31,"turns":3},{"damage":87,"enemies":"Automaton","floor":33,"turns":6}],"seed_played":"4750620179179097853","potions_obtained":[{"floor":1,"key":"GamblersBrew"},{"floor":4,"key":"Weak Potion"},{"floor":4,"key":"AttackPotion"},{"floor":5,"key":"Block Potion"},{"floor":12,"key":"Ancient Potion"},{"floor":23,"key":"GamblersBrew"},{"floor":24,"key":"Swift Potion"}],"is_trial":false,"path_per_floor":["M","M","$","?","M","R","E","R","T","E","R","M","M","M","R","B",null,"M","?","?","M","?","M","M","R","T","R","$","R","?","M","R","B"],"character_chosen":"DEFECT","items_purchased":["Core Surge"],"campfire_rested":1,"item_purchase_floors":[28],"current_hp_per_floor":[65,59,59,59,59,59,33,33,33,14,14,14,14,14,36,25,63,63,49,33,38,22,26,38,38,38,38,38,38,38,44,44,0],"gold":134,"neow_bonus":"REMOVE_CARD","is_prod":false,"is_daily":false,"chose_seed":false,"campfire_upgraded":7,"win_rate":0,"timestamp":1544584446,"path_taken":["M","M","$","?","?","R","E","R","T","E","R","M","M","M","R","BOSS","M","?","?","M","?","M","M","R","T","R","?","R","?","M","R","BOSS"],"build_version":"2018-12-06","purchased_purges":2,"victory":false,"max_hp_per_floor":[75,75,75,75,75,75,75,75,75,75,75,75,75,75,75,75,75,75,80,80,80,80,80,80,80,80,80,80,80,80,80,80,80],"card_choices":[{"not_picked":["BootSequence","Heatsinks"],"picked":"Sunder","floor":1},{"not_picked":["Sunder","Rip and Tear"],"picked":"Chill","floor":2},{"not_picked":["Sweeping Beam","Redo","Go for the Eyes"],"picked":"SKIP","floor":5},{"not_picked":["Storm","Hello World"],"picked":"Double Energy","floor":7},{"not_picked":["Compile Driver","Fission","Rainbow"],"picked":"SKIP","floor":10},{"not_picked":["Steam","Rebound"],"picked":"BootSequence","floor":12},{"not_picked":["Aggregate","Steam","Streamline"],"picked":"SKIP","floor":13},{"not_picked":["Barrage","Doom and Gloom"],"picked":"Compile Driver","floor":14},{"not_picked":["Multi-Cast","All For One"],"picked":"Reboot","floor":16},{"not_picked":["Beam Cell","Chaos"],"picked":"Static Discharge+1","floor":18},{"not_picked":["Darkness","Reprogram","Rebound"],"picked":"SKIP","floor":21},{"not_picked":["Compile Driver","Reprogram"],"picked":"Glacier+1","floor":23},{"not_picked":["Leap","Ball Lightning"],"picked":"Compile Driver+1","floor":24},{"not_picked":["Chill+1","Gash","Fusion"],"picked":"SKIP","floor":31}],"player_experience":544136,"relics_obtained":[{"floor":7,"key":"Cables"},{"floor":9,"key":"Omamori"},{"floor":10,"key":"Whetstone"},{"floor":17,"key":"Pen Nib"},{"floor":17,"key":"Meat on the Bone"},{"floor":17,"key":"Turnip"},{"floor":22,"key":"Necronomicon"},{"floor":26,"key":"Blood Vial"}],"event_choices":[{"damage_healed":0,"gold_gain":0,"player_choice":"Bought 2 Potions","damage_taken":0,"max_hp_gain":0,"max_hp_loss":0,"event_name":"The Woman in Blue","floor":4,"gold_loss":0},{"damage_healed":0,"gold_gain":0,"player_choice":"Shed Blood","damage_taken":19,"max_hp_gain":5,"max_hp_loss":0,"event_name":"Forgotten Altar","floor":19,"gold_loss":0},{"damage_healed":0,"gold_gain":0,"player_choice":"Fight","damage_taken":0,"max_hp_gain":0,"max_hp_loss":0,"event_name":"Colosseum","floor":20,"gold_loss":0},{"damage_healed":0,"gold_gain":0,"player_choice":"Fled From Nobs","damage_taken":0,"max_hp_gain":0,"max_hp_loss":0,"event_name":"Colosseum","floor":20,"gold_loss":0},{"damage_healed":0,"gold_gain":0,"player_choice":"Obtained Book","damage_taken":16,"max_hp_gain":0,"max_hp_loss":0,"event_name":"Cursed Tome","floor":22,"gold_loss":0},{"damage_healed":0,"gold_gain":0,"cards_transformed":["Writhe","Reboot"],"player_choice":"Became Test Subject","damage_taken":0,"max_hp_gain":0,"max_hp_loss":0,"event_name":"Drug Dealer","floor":30,"gold_loss":0,"cards_obtained":["Injury","Rip and Tear"]}],"is_beta":false,"boss_relics":[{"not_picked":["Busted Crown","Pandora\u0027s Box"],"picked":"Calling Bell"}],"items_purged_floors":[3,28],"is_endless":false,"potions_floor_spawned":[1,5,12,23,24],"killed_by":"Automaton","ascension_level":8}