{"gold_per_floor":[16,16,16,35,49,49,65,65,142,153,29,56,76,76,76,173,173,184,195,95,108,108,108,127,2,2,2,36,36,54,85,85,180,180,194,214,228,243,93,93,0,0,24,39,74,174,199,210,210,210],"floor_reached":51,"playtime":5436,"items_purged":["Strike_G","Strike_G","Strike_G","Defend_G"],"score":1224,"play_id":"f0e68774-40d8-4074-997c-ceb67249687f","local_time":"20190610111333","is_ascension_mode":true,"campfire_choices":[{"data":"Survivor","floor":6,"key":"SMITH"},{"data":"Prepared","floor":8,"key":"SMITH"},{"data":"Defend_G","floor":15,"key":"SMITH"},{"data":"Adrenaline","floor":23,"key":"SMITH"},{"data":"Neutralize","floor":29,"key":"SMITH"},{"data":"Dagger Spray","floor":32,"key":"SMITH"},{"data":"Acrobatics","floor":40,"key":"SMITH"},{"data":"Backflip","floor":42,"key":"SMITH"},{"data":"Dagger Throw","floor":49,"key":"SMITH"}],"neow_cost":"NO_GOLD","seed_source_timestamp":231094885308905,"circlet_count":0,"master_deck":["Defend_G","Defend_G+1","Survivor+1","Neutralize+1","Grand Finale+1","Dagger Spray+1","Prepared+1","Calculated Gamble","Dagger Throw+1","Acrobatics+1","Quick Slash","Adrenaline+1","Terror+1","Well Laid Plans","Deflect+1","Prepared","Backflip+1","Backflip+1","Calculated Gamble+1","Concentrate+1","Acrobatics"],"relics":["Ring of the Snake","Gremlin Horn","Centennial Puzzle","Runic Pyramid","Bird Faced Urn","Ice Cream","The Specimen","Omamori","Coffee Dripper","Red Mask","Happy Flower","Dodecahedron","Prayer Wheel","Bag of Preparation"],"potions_floor_usage":[16,16,16,24],"damage_taken":[{"damage":3,"enemies":"Jaw Worm","floor":1,"turns":7},{"damage":0,"enemies":"Small Slimes","floor":4,"turns":3},{"damage":5,"enemies":"Cultist","floor":5,"turns":5},{"damage":0,"enemies":"Red Slaver","floor":7,"turns":2},{"damage":0,"enemies":"Looter","floor":10,"turns":3},{"damage":0,"enemies":"Lagavulin","floor":12,"turns":3},{"damage":0,"enemies":"Exordium Thugs","floor":13,"turns":2},{"damage":23,"enemies":"The Guardian","floor":16,"turns":8},{"damage":0,"enemies":"2 Thieves","floor":18,"turns":2},{"damage":0,"enemies":"Shell Parasite","floor":19,"turns":2},{"damage":0,"enemies":"Cultist and Chosen","floor":21,"turns":2},{"damage":2,"enemies":"Shelled Parasite and Fungi","floor":24,"turns":3},{"damage":0,"enemies":"Gremlin Leader","floor":28,"turns":2},{"damage":0,"enemies":"Snake Plant","floor":30,"turns":1},{"damage":1,"enemies":"Slavers","floor":31,"turns":3},{"damage":16,"enemies":"Champ","floor":33,"turns":7},{"damage":0,"enemies":"3 Shapes","floor":35,"turns":1},{"damage":0,"enemies":"3 Darklings","floor":36,"turns":2},{"damage":0,"enemies":"Sphere and 2 Shapes","floor":37,"turns":1},{"damage":0,"enemies":"Transient","floor":38,"turns":5},{"damage":0,"enemies":"Spire Growth","floor":44,"turns":1},{"damage":0,"enemies":"Nemesis","floor":45,"turns":3},{"damage":0,"enemies":"Mind Bloom Boss Battle","floor":46,"turns":2},{"damage":0,"enemies":"Reptomancer","floor":47,"turns":1},{"damage":0,"enemies":"3 Darklings","floor":48,"turns":1},{"damage":0,"enemies":"Awakened One","floor":50,"turns":3}],"seed_played":"-7757236898203348771","potions_obtained":[{"floor":4,"key":"EssenceOfSteel"},{"floor":5,"key":"Swift Potion"},{"floor":10,"key":"Swift Potion"},{"floor":12,"key":"PowerPotion"},{"floor":18,"key":"EssenceOfSteel"},{"floor":24,"key":"Dexterity Potion"},{"floor":31,"key":"Poison Potion"},{"floor":33,"key":"SpeedPotion"},{"floor":35,"key":"LiquidBronze"},{"floor":45,"key":"Energy Potion"},{"floor":46,"key":"Block Potion"}],"is_trial":false,"path_per_floor":["M","?","$","M","M","R","M","R","T","M","$","E","M","?","R","B",null,"M","M","$","M","T","R","M","$","T","?","E","R","M","E","R","B",null,"M","M","M","M","$","R","?","R","T","M","E","?","E","M","R","B",null],"character_chosen":"THE_SILENT","items_purchased":["Acrobatics"],"campfire_rested":0,"item_purchase_floors":[11],"current_hp_per_floor":[60,60,60,60,55,55,55,55,55,55,55,55,55,55,55,32,61,61,61,61,61,61,61,61,61,61,61,63,63,65,66,66,52,66,68,70,70,70,70,70,70,70,70,70,70,70,70,70,70,70],"gold":210,"neow_bonus":"TRANSFORM_TWO_CARDS","is_prod":false,"is_daily":false,"chose_seed":false,"campfire_upgraded":9,"win_rate":0,"timestamp":1560136413,"path_taken":["M","?","$","M","M","R","M","R","T","M","$","E","M","?","R","BOSS","M","M","$","?","?","R","M","$","T","?","E","R","?","E","R","BOSS","M","M","M","M","$","R","?","R","T","M","E","?","E","M","R","BOSS"],"build_version":"2019-01-23","purchased_purges":4,"victory":true,"max_hp_per_floor":[70,70,70,70,70,70,70,70,70,70,70,70,70,70,70,70,70,70,70,70,70,70,70,70,70,70,70,70,70,70,70,70,70,70,70,70,70,70,70,70,70,70,70,70,70,70,70,70,70,70],"card_choices":[{"not_picked":["Deadly Poison","Accuracy","Poisoned Stab"],"picked":"SKIP","floor":1},{"not_picked":["Quick Slash","Tactician"],"picked":"Prepared","floor":4},{"not_picked":["Outmaneuver","Dodge and Roll","Dagger Spray"],"picked":"SKIP","floor":5},{"not_picked":["Noxious Fumes","Wraith Form v2"],"picked":"Calculated Gamble","floor":7},{"not_picked":["Dash","Dodge and Roll"],"picked":"Dagger Throw","floor":10},{"not_picked":["Terror","Dagger Spray","Crippling Poison"],"picked":"SKIP","floor":12},{"not_picked":["Predator","Dagger Spray"],"picked":"Quick Slash","floor":13},{"not_picked":["Die Die Die","After Image"],"picked":"Adrenaline","floor":16},{"not_picked":["Bane","Outmaneuver"],"picked":"Terror+1","floor":18},{"not_picked":["Acrobatics","Heel Hook"],"picked":"Well Laid Plans","floor":19},{"not_picked":["Riddle With Holes","PiercingWail"],"picked":"Deflect+1","floor":21},{"not_picked":["Bane","Dash+1"],"picked":"Prepared","floor":24},{"not_picked":["Dodge and Roll","Burst"],"picked":"Backflip","floor":28},{"not_picked":["PiercingWail","Cloak And Dagger+1"],"picked":"Backflip+1","floor":30},{"not_picked":["Noxious Fumes+1","Catalyst+1","Well Laid Plans"],"picked":"SKIP","floor":31},{"not_picked":["Backflip+1","Deflect+1","Bane+1"],"picked":"SKIP","floor":35},{"not_picked":["Sucker Punch","Dodge and Roll","A Thousand Cuts"],"picked":"SKIP","floor":36},{"not_picked":["Dodge and Roll+1","Poisoned Stab"],"picked":"Calculated Gamble+1","floor":37},{"not_picked":["Dagger Throw","Dagger Spray+1","Infinite Blades+1"],"picked":"SKIP","floor":38},{"not_picked":["Choke","Eviscerate"],"picked":"Concentrate+1","floor":44},{"not_picked":["Concentrate+1","Dagger Spray+1","Sucker Punch"],"picked":"SKIP","floor":45},{"not_picked":["Concentrate+1","Dagger Spray+1","Sucker Punch"],"picked":"SKIP","floor":45},{"not_picked":["Footwork+1","Finisher+1"],"picked":"Acrobatics","floor":47},{"not_picked":["Bane+1","Infinite Blades","Masterful Stab"],"picked":"SKIP","floor":48},{"not_picked":["Outmaneuver","Backflip+1","Prepared"],"picked":"SKIP","floor":48},{"not_picked":["Bane+1","Infinite Blades","Masterful Stab"],"picked":"SKIP","floor":48},{"not_picked":["Outmaneuver","Backflip+1","Prepared"],"picked":"SKIP","floor":48}],"player_experience":731005,"relics_obtained":[{"floor":9,"key":"Gremlin Horn"},{"floor":12,"key":"Centennial Puzzle"},{"floor":22,"key":"Bird Faced Urn"},{"floor":26,"key":"Ice Cream"},{"floor":28,"key":"The Specimen"},{"floor":31,"key":"Omamori"},{"floor":43,"key":"Happy Flower"},{"floor":45,"key":"Dodecahedron"},{"floor":46,"key":"Prayer Wheel"},{"floor":47,"key":"Bag of Preparation"}],"event_choices":[{"cards_removed":["Defend_G"],"damage_healed":0,"gold_gain":0,"player_choice":"Forget","damage_taken":0,"max_hp_gain":0,"max_hp_loss":0,"event_name":"Living Wall","floor":2,"gold_loss":0},{"damage_healed":0,"gold_gain":0,"player_choice":"Upgraded","damage_taken":0,"max_hp_gain":0,"max_hp_loss":0,"event_name":"Upgrade Shrine","floor":14,"gold_loss":0,"cards_upgraded":["Grand Finale"]},{"cards_removed":["Defend_G"],"damage_healed":0,"gold_gain":0,"player_choice":"Elegance","damage_taken":0,"max_hp_gain":0,"max_hp_loss":0,"event_name":"Back to Basics","floor":27,"gold_loss":0},{"damage_healed":0,"gold_gain":0,"player_choice":"Paid","damage_taken":0,"relics_obtained":["Red Mask"],"max_hp_gain":0,"max_hp_loss":0,"event_name":"Tomb of Lord Red Mask","floor":41,"gold_loss":93},{"damage_healed":0,"gold_gain":0,"player_choice":"Fight","damage_taken":0,"max_hp_gain":0,"max_hp_loss":0,"event_name":"MindBloom","floor":46,"gold_loss":0}],"is_beta":false,"boss_relics":[{"not_picked":["Ring of the Serpent","Cursed Key"],"picked":"Runic Pyramid"},{"not_picked":["Fusion Hammer","Tiny House"],"picked":"Coffee Dripper"}],"items_purged_floors":[11,20,25,39],"is_endless":false,"potions_floor_spawned":[4,5,10,12,18,24,31,33,35,36,45,46],"ascension_level":8}