{"path_per_floor":["M","?","?","M","?","R","M","R","T","?","M","M","$","?","R","B",null,"M","?","?","?","M","R","M","M","T","M"],"character_chosen":"DEFECT","items_purchased":["Ball Lightning"],"gold_per_floor":[111,111,111,125,125,125,136,136,214,214,224,239,115,115,115,210,210,229,229,154,154,173,173,187,206,232,244,244],"floor_reached":28,"campfire_rested":1,"playtime":1881,"current_hp_per_floor":[74,79,79,71,71,71,69,69,69,69,60,60,60,44,44,24,66,66,50,50,50,36,60,12,9,9,1,0],"items_purged":["Strike_B"],"gold":244,"score":263,"play_id":"c94602e7-0bfc-47f2-8ac3-22101412d202","local_time":"20180428180156","is_prod":false,"is_daily":false,"chose_seed":false,"is_ascension_mode":true,"campfire_upgraded":3,"timestamp":1524956516,"path_taken":["M","?","?","M","?","R","M","R","T","?","?","M","$","?","R","BOSS","M","?","?","?","M","R","M","M","T","M","?"],"build_version":"2018-04-27v3","seed_source_timestamp":107810216858435,"purchased_purges":1,"victory":false,"master_deck":["Strike_B+1","Defend_B","Defend_B","Defend_B","Zap+1","Dualcast+1","Sweeping Beam","Capacitor","Fusion+1","Tempest+1","Ball Lightning+1","Reinforced Body","Recycle"],"max_hp_per_floor":[75,80,80,80,80,80,80,80,80,80,80,80,80,80,80,80,80,80,80,80,80,80,80,80,80,80,80,80],"relics":["Cracked Core","Oddly Smooth Stone","Gremlin Horn","Snecko Eye","Enchiridion","Lantern"],"card_choices":[{"not_picked":["Go for the Eyes","Darkness"],"picked":"Sweeping Beam","floor":1},{"not_picked":["Go for the Eyes","Aggregate"],"picked":"Capacitor","floor":4},{"not_picked":["Beam Cell","Go for the Eyes"],"picked":"Tempest","floor":7},{"not_picked":["Streamline","Cold Snap"],"picked":"Reinforced Body","floor":22},{"not_picked":["Cold Snap","Ball Lightning"],"picked":"Recycle","floor":24}],"player_experience":82417,"potions_floor_usage":[16,25,27],"damage_taken":[{"damage":1,"enemies":"Jaw Worm","floor":1,"turns":3},{"damage":8,"enemies":"2 Louse","floor":4,"turns":2},{"damage":2,"enemies":"Small Slimes","floor":7,"turns":4},{"damage":9,"enemies":"3 Louse","floor":11,"turns":2},{"damage":0,"enemies":"Large Slime","floor":12,"turns":5},{"damage":20,"enemies":"Slime Boss","floor":16,"turns":5},{"damage":0,"enemies":"Spheric Guardian","floor":18,"turns":2},{"damage":14,"enemies":"Shell Parasite","floor":22,"turns":4},{"damage":48,"enemies":"Centurion and Healer","floor":24,"turns":11},{"damage":3,"enemies":"Sentry and Sphere","floor":25,"turns":4},{"damage":8,"enemies":"Snake Plant","floor":27,"turns":3},{"damage":6,"enemies":"3 Cultists","floor":28,"turns":2}],"event_choices":[{"event_name":"Big Fish","player_choice":"Donut","floor":2,"damage_taken":0},{"event_name":"Purifier","player_choice":"One Purge","floor":3,"damage_taken":0},{"event_name":"Living Wall","player_choice":"Change","floor":5,"damage_taken":0},{"event_name":"Accursed Blacksmith","player_choice":"Forge","floor":10,"damage_taken":0},{"event_name":"Shining Light","player_choice":"Entered Light","floor":14,"damage_taken":0},{"event_name":"Cursed Tome","player_choice":"Obtained Book","floor":19,"damage_taken":0},{"event_name":"Beggar","player_choice":"Gave Gold","floor":20,"damage_taken":0},{"event_name":"Vampires","player_choice":"Ignored","floor":21,"damage_taken":0}],"boss_relics":[{"not_picked":["White Beast Statue","Eternal Feather"],"picked":"Snecko Eye"}],"potions_floor_spawned":[7,11,12,18,22],"seed_played":"-744119843617843392","killed_by":"3 Cultists","ascension_level":5,"is_trial":false}