{"gold_per_floor":[18,18,38,38,48,48,61,94,117,42,42,42,62,79,79,176,176,188,188,188,88,88,88,118,118,118,118],"floor_reached":27,"playtime":1127,"items_purged":["Strike_R","Strike_R"],"score":355,"play_id":"09934d46-52c6-4b7d-a9ea-ce842356c3cf","local_time":"20180824055749","is_ascension_mode":true,"campfire_choices":[{"data":"Rampage","floor":6,"key":"SMITH"},{"data":"Seeing Red","floor":11,"key":"SMITH"},{"data":"Bash","floor":15,"key":"SMITH"},{"data":"Cleave","floor":23,"key":"SMITH"},{"data":"True Grit","floor":25,"key":"SMITH"}],"neow_cost":"NO_GOLD","seed_source_timestamp":217499269440377,"circlet_count":0,"master_deck":["Strike_R","Defend_R","Defend_R","Defend_R","Bash+1","AscendersBane","Thunderclap","Rampage+1","Seeing Red+1","True Grit+1","Headbutt","Ghostly Armor","Double Tap+1","Cleave+1","Headbutt+1"],"relics":["Burning Blood","Ancient Tea Set","Orichalcum","Velvet Choker","Red Skull","Bottled Flame"],"potions_floor_usage":[8,16,16,24,27],"damage_taken":[{"damage":11,"enemies":"Jaw Worm","floor":1,"turns":4},{"damage":1,"enemies":"Cultist","floor":3,"turns":3},{"damage":5,"enemies":"2 Louse","floor":5,"turns":3},{"damage":10,"enemies":"Looter","floor":7,"turns":3},{"damage":32,"enemies":"Gremlin Nob","floor":8,"turns":4},{"damage":26,"enemies":"Exordium Wildlife","floor":13,"turns":5},{"damage":4,"enemies":"Lots of Slimes","floor":14,"turns":3},{"damage":18,"enemies":"Hexaghost","floor":16,"turns":10},{"damage":35,"enemies":"Spheric Guardian","floor":18,"turns":6},{"damage":24,"enemies":"Slavers","floor":24,"turns":5},{"damage":54,"enemies":"Book of Stabbing","floor":27,"turns":4}],"seed_played":"-2078293770170943893","potions_obtained":[{"floor":1,"key":"Swift Potion"},{"floor":3,"key":"Explosive Potion"},{"floor":13,"key":"Block Potion"},{"floor":16,"key":"SkillPotion"},{"floor":18,"key":"LiquidBronze"}],"is_trial":false,"path_per_floor":["M","?","M","?","M","R","M","E","T","$","R","$","M","M","R","B",null,"M","?","?","$","?","R","E","R","T"],"character_chosen":"IRONCLAD","items_purchased":[],"campfire_rested":0,"item_purchase_floors":[],"current_hp_per_floor":[67,67,72,77,78,78,74,48,48,48,48,48,28,30,30,18,68,39,67,67,67,67,67,49,49,49,0],"gold":118,"neow_bonus":"TRANSFORM_TWO_CARDS","is_prod":false,"is_daily":false,"chose_seed":false,"campfire_upgraded":5,"win_rate":0,"timestamp":1535061469,"path_taken":["M","?","M","?","?","R","M","E","T","?","R","?","M","M","R","BOSS","M","?","?","$","?","R","E","R","T","E"],"build_version":"2018-08-16","purchased_purges":2,"victory":false,"max_hp_per_floor":[80,80,80,85,85,85,85,85,85,85,85,85,85,85,85,85,85,85,85,85,85,85,85,85,85,85,85],"card_choices":[{"not_picked":["Rage","Perfected Strike","Spot Weakness"],"picked":"SKIP","floor":1},{"not_picked":["Headbutt","Wild Strike"],"picked":"True Grit","floor":3},{"not_picked":["Entrench","Havoc"],"picked":"Headbutt","floor":5},{"not_picked":["Sword Boomerang","Clash","Sever Soul"],"picked":"SKIP","floor":7},{"not_picked":["Flex","Clash","Metallicize"],"picked":"SKIP","floor":8},{"not_picked":["Clash","Inflame","Reckless Charge"],"picked":"SKIP","floor":13},{"not_picked":["Dual Wield","Shrug It Off"],"picked":"Ghostly Armor","floor":14},{"not_picked":["Offering","Feed"],"picked":"Double Tap","floor":16},{"not_picked":["Sword Boomerang","Shrug It Off"],"picked":"Cleave","floor":18},{"not_picked":["Thunderclap","Havoc"],"picked":"Headbutt+1","floor":24}],"player_experience":496948,"relics_obtained":[{"floor":8,"key":"Ancient Tea Set"},{"floor":9,"key":"Orichalcum"},{"floor":24,"key":"Red Skull"},{"floor":26,"key":"Bottled Flame"}],"event_choices":[{"event_name":"Match and Keep!","player_choice":"1 cards matched","floor":2,"damage_taken":0},{"event_name":"Big Fish","player_choice":"Donut","floor":4,"damage_taken":0},{"event_name":"The Library","player_choice":"Heal","floor":19,"damage_taken":0},{"event_name":"Purifier","player_choice":"One Purge","floor":20,"damage_taken":0},{"event_name":"Accursed Blacksmith","player_choice":"Forge","floor":22,"damage_taken":0}],"is_beta":false,"boss_relics":[{"not_picked":["Mark of Pain","Snecko Eye"],"picked":"Velvet Choker"}],"items_purged_floors":[10,21],"is_endless":false,"potions_floor_spawned":[1,3,5,13,16,18],"killed_by":"Book of Stabbing","ascension_level":11}