{"gold_per_floor":[110,125,141,26,44,44,62,62,62,90,90,90,105,117,117,220,220,240,140,140,15,0,0,15,15,15,15,15,30,65,82,82,187,187,201,17,117,117,117,127,145,156,234,234],"floor_reached":44,"playtime":2704,"items_purged":["Strike_G","Strike_G","Strike_G","Strike_G+1"],"score":455,"play_id":"52d841d2-8e3f-4a5a-9bfa-5356f0194b7f","local_time":"20190614015923","is_ascension_mode":false,"campfire_choices":[{"data":"Cloak And Dagger","floor":6.0,"key":"SMITH"},{"data":"Accuracy","floor":8.0,"key":"SMITH"},{"data":"Storm of Steel","floor":11.0,"key":"SMITH"},{"floor":15.0,"key":"REST"},{"floor":23.0,"key":"REST"},{"data":"Blade Dance","floor":25.0,"key":"SMITH"},{"floor":27.0,"key":"REST"},{"data":"Blade Dance","floor":32.0,"key":"SMITH"}],"neow_cost":"NONE","seed_source_timestamp":0,"circlet_count":0,"master_deck":["Defend_G+1","Defend_G+1","Defend_G+1","Defend_G+1","Defend_G+1","Survivor","Neutralize","PiercingWail","Cloak And Dagger+1","Well Laid Plans","Infinite Blades","Accuracy+1","Storm of Steel+1","Blade Dance+1","Corpse Explosion","Setup+1","PiercingWail","Blade Dance+1","A Thousand Cuts","Noxious Fumes","Backstab+1","A Thousand Cuts","Parasite","Footwork+1"],"special_seed":0,"relics":["White Beast Statue"],"potions_floor_usage":[44,44],"damage_taken":[{"damage":3.0,"enemies":"2 Louse","floor":1.0,"turns":3.0},{"damage":1.0,"enemies":"Cultist","floor":2.0,"turns":5.0},{"damage":2.0,"enemies":"Small Slimes","floor":3.0,"turns":4.0},{"damage":4.0,"enemies":"3 Louse","floor":5.0,"turns":5.0},{"damage":5.0,"enemies":"Looter","floor":7.0,"turns":3.0},{"damage":3.0,"enemies":"Lagavulin","floor":10.0,"turns":7.0},{"damage":12.0,"enemies":"Exordium Wildlife","floor":13.0,"turns":3.0},{"damage":1.0,"enemies":"Blue Slaver","floor":14.0,"turns":4.0},{"damage":7.0,"enemies":"Hexaghost","floor":16.0,"turns":7.0},{"damage":28.0,"enemies":"2 Thieves","floor":18.0,"turns":4.0},{"damage":5.0,"enemies":"Chosen","floor":24.0,"turns":4.0},{"damage":4.0,"enemies":"Shelled Parasite and Fungi","floor":29.0,"turns":4.0},{"damage":10.0,"enemies":"Slavers","floor":30.0,"turns":5.0},{"damage":10.0,"enemies":"Centurion and Healer","floor":31.0,"turns":3.0},{"damage":52.0,"enemies":"Collector","floor":33.0,"turns":9.0},{"damage":11.0,"enemies":"3 Darklings","floor":35.0,"turns":4.0},{"damage":0.0,"enemies":"Mind Bloom Boss Battle","floor":37.0,"turns":3.0},{"damage":10.0,"enemies":"3 Shapes","floor":40.0,"turns":5.0},{"damage":39.0,"enemies":"Sphere and 2 Shapes","floor":41.0,"turns":6.0},{"damage":5.0,"enemies":"Writhing Mass","floor":42.0,"turns":6.0},{"damage":29,"enemies":"Spire Growth","floor":44,"turns":5}],"seed_played":"5075644071180322799","potions_obtained":[{"floor":1.0,"key":"Fruit Juice"},{"floor":2.0,"key":"Swift Potion"},{"floor":3.0,"key":"Poison Potion"},{"floor":5.0,"key":"GamblersBrew"},{"floor":7.0,"key":"Strength Potion"},{"floor":10.0,"key":"Fruit Juice"},{"floor":13.0,"key":"EssenceOfSteel"},{"floor":14.0,"key":"Block Potion"},{"floor":16.0,"key":"Poison Potion"},{"floor":18.0,"key":"Explosive Potion"},{"floor":24.0,"key":"Strength Potion"},{"floor":29.0,"key":"Regen Potion"},{"floor":30.0,"key":"Swift Potion"},{"floor":31.0,"key":"SkillPotion"},{"floor":33.0,"key":"Poison Potion"},{"floor":35.0,"key":"LiquidBronze"},{"floor":37.0,"key":"Swift Potion"},{"floor":40.0,"key":"Explosive Potion"},{"floor":41.0,"key":"GhostInAJar"},{"floor":42.0,"key":"GamblersBrew"}],"is_trial":false,"path_per_floor":["M","M","M","$","M","R","M","R","T","E","R","?","M","M","R","B",null,"M","$","?","$","?","R","M","R","T","R","?","M","E","M","R","B",null,"M","$","?","?","$","M","M","M","T","M"],"character_chosen":"THE_SILENT","items_purchased":["Well Laid Plans","Noxious Fumes"],"campfire_rested":3,"item_purchase_floors":[4,36],"current_hp_per_floor":[67,66,64,64,65,65,60,60,60,62,62,62,50,49,73,66,80,52,52,37,37,37,62,57,57,57,82,82,78,68,70,70,18,85,74,74,74,74,74,64,25,20,20,0],"gold":234,"neow_bonus":"BOSS_RELIC","is_prod":false,"is_daily":false,"chose_seed":false,"campfire_upgraded":5,"win_rate":0,"timestamp":1560488363,"path_taken":["M","M","M","$","M","R","M","R","T","E","R","?","M","M","R","BOSS","M","?","?","$","?","R","M","R","T","R","?","M","E","M","R","BOSS","M","$","?","?","?","M","M","M","T","M"],"build_version":"2019-01-23","purchased_purges":4,"victory":false,"max_hp_per_floor":[70,70,70,70,75,75,75,75,75,80,80,80,80,80,80,80,80,80,80,85,85,85,85,85,85,85,85,85,85,85,85,85,85,85,85,85,85,85,85,85,85,85,85,85],"card_choices":[{"not_picked":["Setup","Prepared"],"picked":"PiercingWail","floor":1.0},{"not_picked":["Flying Knee","Outmaneuver"],"picked":"Cloak And Dagger","floor":2.0},{"not_picked":["Deflect","Sucker Punch","Finisher"],"picked":"SKIP","floor":3.0},{"not_picked":["Slice","Tools of the Trade"],"picked":"Infinite Blades","floor":5.0},{"not_picked":["Noxious Fumes","Finisher"],"picked":"Accuracy","floor":7.0},{"not_picked":["Concentrate","Catalyst"],"picked":"Storm of Steel","floor":10.0},{"not_picked":["Catalyst","Riddle With Holes"],"picked":"Blade Dance","floor":13.0},{"not_picked":["Masterful Stab","Concentrate","Dash"],"picked":"SKIP","floor":14.0},{"not_picked":["Tools of the Trade","Unload"],"picked":"Corpse Explosion","floor":16.0},{"not_picked":["Bane+1","Dagger Throw"],"picked":"Setup+1","floor":18.0},{"not_picked":["Blade Dance","Setup"],"picked":"PiercingWail","floor":24.0},{"not_picked":["Heel Hook+1","Bouncing Flask","Outmaneuver"],"picked":"SKIP","floor":29.0},{"not_picked":["Quick Slash","Expertise+1","Slice"],"picked":"SKIP","floor":30.0},{"not_picked":["Quick Slash","Expertise+1","Slice"],"picked":"SKIP","floor":30.0},{"not_picked":["Slice","Backflip"],"picked":"Blade Dance","floor":31.0},{"not_picked":["Malaise","Adrenaline"],"picked":"A Thousand Cuts","floor":33.0},{"not_picked":["Deflect","Dash","Slice"],"picked":"SKIP","floor":35.0},{"not_picked":["Dagger Spray","Prepared"],"picked":"Backstab+1","floor":40.0},{"not_picked":["Deadly Poison+1","Sucker Punch+1"],"picked":"A Thousand Cuts","floor":41.0},{"not_picked":["Escape Plan+1","Masterful Stab+1"],"picked":"Footwork+1","floor":42.0}],"player_experience":249479,"relics_obtained":[],"event_choices":[{"cards_removed":["Strike_G"],"damage_healed":0.0,"max_hp_gain":0.0,"max_hp_loss":0.0,"gold_gain":0.0,"event_name":"Bonfire Elementals","player_choice":"Offered Basic","floor":12.0,"gold_loss":0.0,"damage_taken":0.0},{"damage_healed":0.0,"max_hp_gain":5.0,"max_hp_loss":0.0,"gold_gain":0.0,"event_name":"Forgotten Altar","player_choice":"Shed Blood","floor":20.0,"gold_loss":0.0,"damage_taken":20.0},{"damage_healed":0.0,"max_hp_gain":0.0,"max_hp_loss":0.0,"gold_gain":0.0,"event_name":"Masked Bandits","player_choice":"Paid Fearfully","floor":22.0,"gold_loss":15.0,"damage_taken":0.0},{"damage_healed":0.0,"max_hp_gain":0.0,"max_hp_loss":0.0,"gold_gain":0.0,"event_name":"Back to Basics","player_choice":"Simplicity","floor":28.0,"gold_loss":0.0,"damage_taken":0.0,"cards_upgraded":["Defend_G","Defend_G","Defend_G","Defend_G","Defend_G","Strike_G"]},{"damage_healed":0.0,"max_hp_gain":0.0,"max_hp_loss":0.0,"gold_gain":0.0,"event_name":"MindBloom","player_choice":"Fight","floor":37.0,"gold_loss":0.0,"damage_taken":0.0},{"damage_healed":0.0,"max_hp_gain":0.0,"max_hp_loss":0.0,"gold_gain":0.0,"event_name":"Mysterious Sphere","player_choice":"Ignored","floor":38.0,"gold_loss":0.0,"damage_taken":0.0}],"is_beta":false,"boss_relics":[{"not_picked":["Cursed Key","Eternal Feather","Ectoplasm"]},{"not_picked":["Astrolabe","Calling Bell","Philosopher\u0027s Stone"]}],"items_purged_floors":[4,19,21,36],"is_endless":false,"potions_floor_spawned":[1,2,3,5,7,10,13,14,16,18,24,29,30,31,33,35,37,40,41,42],"killed_by":"Spire Growth","ascension_level":0}