{"gold_per_floor":[112,123,123,141,141,171,191,191,191,191,28,28,28,28,28,129,129,141,154,154,154,154,188,188,199,199,199,217,5,5,5,5,102,152,172,172,97,136,147,147,47,47,47,80,80,139,139,149,149,169],"floor_reached":50,"playtime":4093,"items_purged":["Defend_B","Strike_B"],"score":458,"play_id":"19258df4-cc7d-4989-8fac-7fb2c7e154d1","local_time":"20190121102647","is_ascension_mode":false,"campfire_choices":[{"data":"Rainbow","floor":8,"key":"SMITH"},{"data":"Streamline","floor":10,"key":"SMITH"},{"data":"Transmutation","floor":13,"key":"SMITH"},{"data":"Go for the Eyes","floor":15,"key":"SMITH"},{"data":"Darkness","floor":24,"key":"SMITH"},{"data":"Rebound","floor":27,"key":"SMITH"},{"floor":30,"key":"REST"},{"floor":32,"key":"REST"},{"floor":40,"key":"REST"},{"floor":42,"key":"REST"},{"data":"White Noise","floor":45,"key":"SMITH"},{"floor":47,"key":"REST"},{"floor":49,"key":"REST"}],"neow_cost":"NONE","seed_source_timestamp":197782050501200,"circlet_count":0,"master_deck":["Strike_B","Strike_B","Defend_B","Defend_B","Defend_B","Zap","Dualcast","Steam","Streamline+1","Rainbow+1","Go for the Eyes+1","Transmutation+1","Biased Cognition","Darkness+1","Rebound+1","Darkness+1","Hologram+1","Compile Driver+1","Violence","Ball Lightning","Creative AI+1","White Noise+1","Auto Shields+1","HandOfGreed","Ball Lightning+1","Parasite","Doom and Gloom+1","Chill+1","Hello World+1","Lockon","Fission","Go for the Eyes+1"],"relics":["Cracked Core","NeowsBlessing","Pantograph","Bottled Flame","Letter Opener","Runic Dome","Lantern","Bottled Lightning","Question Card","Nilry\u0027s Codex","Tiny House","Dream Catcher"],"potions_floor_usage":[6,16,23,23,23,23,23,23,23,23,33,39,39,50],"damage_taken":[{"damage":0,"enemies":"Cultist","floor":1,"turns":1},{"damage":0,"enemies":"Small Slimes","floor":2,"turns":1},{"damage":0,"enemies":"Jaw Worm","floor":4,"turns":1},{"damage":29,"enemies":"Lagavulin","floor":6,"turns":7},{"damage":6,"enemies":"2 Fungi Beasts","floor":7,"turns":3},{"damage":37,"enemies":"Slime Boss","floor":16,"turns":10},{"damage":4,"enemies":"3 Byrds","floor":18,"turns":3},{"damage":3,"enemies":"Spheric Guardian","floor":19,"turns":3},{"damage":15,"enemies":"Gremlin Leader","floor":23,"turns":6},{"damage":10,"enemies":"Cultist and Chosen","floor":25,"turns":3},{"damage":10,"enemies":"Snecko","floor":28,"turns":5},{"damage":59,"enemies":"Champ","floor":33,"turns":8},{"damage":47,"enemies":"3 Shapes","floor":35,"turns":3},{"damage":16,"enemies":"Orb Walker","floor":38,"turns":3},{"damage":13,"enemies":"Writhing Mass","floor":39,"turns":4},{"damage":16,"enemies":"Sphere and 2 Shapes","floor":44,"turns":4},{"damage":21,"enemies":"4 Shapes","floor":46,"turns":4},{"damage":30,"enemies":"3 Darklings","floor":48,"turns":3},{"damage":75,"enemies":"Awakened One","floor":50,"turns":6}],"seed_played":"2803866077857718118","potions_obtained":[{"floor":4,"key":"Block Potion"},{"floor":6,"key":"SkillPotion"},{"floor":16,"key":"SpeedPotion"},{"floor":18,"key":"FearPotion"},{"floor":19,"key":"AttackPotion"},{"floor":22,"key":"EntropicBrew"},{"floor":22,"key":"EntropicBrew"},{"floor":25,"key":"Explosive Potion"},{"floor":34,"key":"EssenceOfSteel"},{"floor":38,"key":"Block Potion"},{"floor":48,"key":"Strength Potion"}],"is_trial":false,"path_per_floor":["M","M","?","M","T","E","M","R","T","R","$","?","R","$","R","B",null,"M","M","?","?","?","E","R","M","T","R","M","$","R","?","R","B",null,"M","?","$","M","M","R","$","R","T","M","R","M","R","M","R","B"],"character_chosen":"DEFECT","items_purchased":["Transmutation","Violence","Ball Lightning"],"campfire_rested":6,"item_purchase_floors":[11,29,29],"current_hp_per_floor":[75,75,75,75,75,46,40,40,40,40,40,40,40,40,40,28,75,71,68,68,54,54,48,48,38,38,38,28,28,52,36,60,21,85,38,38,38,22,9,34,34,59,59,43,43,22,47,17,42,0],"gold":169,"neow_bonus":"THREE_ENEMY_KILL","is_prod":false,"is_daily":false,"chose_seed":false,"campfire_upgraded":7,"win_rate":0.0,"timestamp":1548062807,"path_taken":["M","?","?","?","?","E","M","R","T","R","?","?","R","$","R","BOSS","M","?","?","?","?","E","R","M","T","R","?","$","R","?","R","BOSS","M","?","$","M","M","R","$","R","T","M","R","M","R","M","R","BOSS"],"build_version":"2019-01-17v2","purchased_purges":2,"victory":false,"max_hp_per_floor":[75,75,75,75,75,75,75,75,75,75,75,75,75,75,75,75,75,75,75,75,80,80,80,80,80,80,80,80,80,80,80,80,80,85,85,85,85,85,85,85,85,85,85,85,85,85,85,85,85,85],"card_choices":[{"not_picked":["Heatsinks","Streamline"],"picked":"Steam","floor":1},{"not_picked":["Doom and Gloom","Undo"],"picked":"Hologram","floor":2},{"not_picked":["Ball Lightning","Coolheaded"],"picked":"Streamline","floor":4},{"not_picked":["Glacier","Ball Lightning"],"picked":"Rainbow","floor":6},{"not_picked":["Steam Power","Beam Cell"],"picked":"Go for the Eyes","floor":7},{"not_picked":["Electrodynamics","Machine Learning"],"picked":"Biased Cognition","floor":16},{"not_picked":["Compile Driver","Beam Cell"],"picked":"Darkness+1","floor":18},{"not_picked":["Ball Lightning+1","Coolheaded"],"picked":"Rebound","floor":19},{"not_picked":["Hologram","Coolheaded"],"picked":"Darkness","floor":23},{"not_picked":["Rebound","Go for the Eyes+1"],"picked":"Hologram+1","floor":25},{"not_picked":["Storm","Ball Lightning","Thunder Strike"],"picked":"Compile Driver+1","floor":28},{"not_picked":["Biased Cognition","Fission","Buffer"],"picked":"Creative AI","floor":33},{"not_picked":["Hologram","Gash","Conserve Battery"],"picked":"White Noise","floor":34},{"not_picked":["Force Field","Beam Cell","Self Repair"],"picked":"Auto Shields+1","floor":35},{"not_picked":["Enlightenment","Forethought","Transmutation"],"picked":"HandOfGreed","floor":36},{"not_picked":["Self Repair","Lockon+1","Conserve Battery+1"],"picked":"Ball Lightning+1","floor":38},{"not_picked":["Aggregate","Sweeping Beam+1","Conserve Battery+1"],"picked":"Doom and Gloom+1","floor":39},{"not_picked":["Reinforced Body+1","Reprogram","Streamline"],"picked":"Chill+1","floor":44},{"not_picked":["Coolheaded","Sweeping Beam","Gash+1"],"picked":"Hello World+1","floor":46},{"not_picked":["Blizzard+1","Gash+1","FTL+1"],"picked":"Lockon","floor":47},{"not_picked":["Beam Cell+1","Hologram","Compile Driver"],"picked":"Fission","floor":48},{"not_picked":["Rebound","Scrape","Steam"],"picked":"Go for the Eyes+1","floor":49}],"player_experience":10746,"relics_obtained":[{"floor":5,"key":"Pantograph"},{"floor":6,"key":"Bottled Flame"},{"floor":9,"key":"Letter Opener"},{"floor":23,"key":"Bottled Lightning"},{"floor":26,"key":"Question Card"},{"floor":31,"key":"Nilry\u0027s Codex"},{"floor":43,"key":"Dream Catcher"}],"event_choices":[{"cards_removed":["Hologram"],"damage_healed":5,"gold_gain":0,"player_choice":"Offered Common","damage_taken":0,"max_hp_gain":0,"max_hp_loss":0,"event_name":"Bonfire Elementals","floor":3,"gold_loss":0},{"cards_removed":["Hologram"],"damage_healed":5,"gold_gain":0,"player_choice":"Offered Special","damage_taken":0,"max_hp_gain":0,"max_hp_loss":0,"event_name":"Bonfire Elementals","floor":3,"gold_loss":0},{"cards_removed":["Strike_B"],"damage_healed":0,"gold_gain":0,"player_choice":"Purged","damage_taken":0,"max_hp_gain":0,"max_hp_loss":0,"event_name":"Purifier","floor":12,"gold_loss":0},{"damage_healed":0,"gold_gain":0,"player_choice":"Opened","damage_taken":0,"relics_obtained":["Lantern"],"max_hp_gain":0,"max_hp_loss":0,"event_name":"The Mausoleum","floor":20,"gold_loss":0},{"damage_healed":0,"gold_gain":0,"player_choice":"Shed Blood","damage_taken":19,"max_hp_gain":5,"max_hp_loss":0,"event_name":"Forgotten Altar","floor":21,"gold_loss":0},{"damage_healed":0,"gold_gain":0,"player_choice":"Got Potions","damage_taken":0,"max_hp_gain":0,"max_hp_loss":0,"event_name":"Lab","floor":22,"gold_loss":0},{"damage_healed":0,"gold_gain":0,"player_choice":"Obtained Book","damage_taken":16,"max_hp_gain":0,"max_hp_loss":0,"event_name":"Cursed Tome","floor":31,"gold_loss":0},{"damage_healed":0,"gold_gain":0,"player_choice":"Memory 1","damage_taken":0,"max_hp_gain":0,"max_hp_loss":0,"event_name":"SensoryStone","floor":36,"gold_loss":0}],"is_beta":false,"boss_relics":[{"not_picked":["Orrery","Coffee Dripper"],"picked":"Runic Dome"},{"not_picked":["Cursed Key","Fusion Hammer"],"picked":"Tiny House"}],"items_purged_floors":[37,41],"is_endless":false,"potions_floor_spawned":[4,6,16,18,19,25,38,48],"killed_by":"Awakened One","ascension_level":0}