{"gold_per_floor":[119,119,136,88,138,172,192,192,192,206,206],"floor_reached":11,"playtime":407,"items_purged":[],"score":135,"play_id":"4c3c8d8e-d3c4-4b8c-b89c-2f49723243dd","local_time":"20190601054046","is_ascension_mode":true,"campfire_choices":[{"floor":8,"key":"REST"}],"neow_cost":"NONE","seed_source_timestamp":1356951159567543,"circlet_count":0,"master_deck":["AscendersBane","Strike_R","Strike_R","Strike_R","Strike_R","Strike_R","Defend_R","Defend_R","Defend_R","Defend_R","Bash","Disarm","Flex","Exhume","Flame Barrier","Anger"],"relics":["Burning Blood","Sundial","Bottled Lightning"],"potions_floor_usage":[1,7],"damage_taken":[{"damage":12,"enemies":"Cultist","floor":1,"turns":4},{"damage":12,"enemies":"Jaw Worm","floor":3,"turns":5},{"damage":60,"enemies":"3 Sentries","floor":6,"turns":13},{"damage":5,"enemies":"Small Slimes","floor":7,"turns":3},{"damage":22,"enemies":"2 Fungi Beasts","floor":10,"turns":6},{"damage":18,"enemies":"Gremlin Nob","floor":11,"turns":2}],"seed_played":"-4632159375325204466","potions_obtained":[{"floor":0,"key":"Weak Potion"},{"floor":0,"key":"AttackPotion"},{"floor":0,"key":"Dexterity Potion"},{"floor":1,"key":"Ancient Potion"},{"floor":10,"key":"SpeedPotion"}],"is_trial":false,"path_per_floor":["M","?","M","?","?","E","M","R","T","M","E"],"character_chosen":"IRONCLAD","items_purchased":[],"campfire_rested":1,"item_purchase_floors":[],"current_hp_per_floor":[62,67,61,61,61,7,8,32,32,16,0],"gold":206,"neow_bonus":"THREE_SMALL_POTIONS","is_prod":false,"is_daily":false,"chose_seed":false,"campfire_upgraded":0,"win_rate":0,"timestamp":1559338846,"path_taken":["M","?","M","?","?","E","M","R","T","?","E"],"build_version":"2019-01-23","purchased_purges":0,"victory":false,"max_hp_per_floor":[75,80,80,80,80,80,80,80,80,80,80],"card_choices":[{"not_picked":["Heavy Blade","Clash"],"picked":"Disarm","floor":1},{"not_picked":["Searing Blow","Havoc"],"picked":"Flex","floor":3},{"not_picked":["Perfected Strike","Body Slam"],"picked":"Exhume","floor":6},{"not_picked":["Cleave","Iron Wave"],"picked":"Flame Barrier","floor":7},{"not_picked":["Intimidate","Iron Wave"],"picked":"Anger","floor":10}],"player_experience":617451,"relics_obtained":[{"floor":6,"key":"Sundial"},{"floor":9,"key":"Bottled Lightning"}],"event_choices":[{"damage_healed":0,"gold_gain":0,"player_choice":"Donut","damage_taken":0,"max_hp_gain":5,"max_hp_loss":0,"event_name":"Big Fish","floor":2,"gold_loss":0},{"damage_healed":0,"gold_gain":0,"player_choice":"Left Gold","damage_taken":0,"max_hp_gain":0,"max_hp_loss":0,"event_name":"World of Goop","floor":4,"gold_loss":48},{"damage_healed":0,"gold_gain":50,"player_choice":"Pray","damage_taken":0,"max_hp_gain":0,"max_hp_loss":0,"event_name":"Golden Shrine","floor":5,"gold_loss":0}],"is_beta":false,"boss_relics":[],"items_purged_floors":[],"is_endless":false,"potions_floor_spawned":[1,10],"killed_by":"Gremlin Nob","ascension_level":17}