{"gold_per_floor":[115,127,141,151,168,200,214,242,267,267,283,283,283,294,294,398,398,411,431,431],"floor_reached":20,"playtime":2384,"items_purged":[],"score":200,"play_id":"573c49c2-c158-4e25-b686-b89de645b5f9","local_time":"20190602005234","is_ascension_mode":true,"campfire_choices":[{"floor":10,"key":"REST"},{"floor":12,"key":"REST"},{"floor":15,"key":"REST"}],"neow_cost":"NONE","seed_source_timestamp":19906843087100,"circlet_count":0,"master_deck":["Strike_B","Strike_B","Strike_B","Strike_B","Defend_B","Defend_B","Defend_B+1","Zap","Dualcast","Reboot+1","Auto Shields","Defragment","Ball Lightning","Cold Snap","Conserve Battery","Conserve Battery","Redo","Blizzard","Hologram","Creative AI"],"relics":["Cracked Core","Pocketwatch","Kunai","War Paint","Eternal Feather"],"potions_floor_usage":[6,6,16,20],"damage_taken":[{"damage":0,"enemies":"Small Slimes","floor":1,"turns":4},{"damage":1,"enemies":"Jaw Worm","floor":2,"turns":3},{"damage":6,"enemies":"Cultist","floor":3,"turns":3},{"damage":5,"enemies":"Looter","floor":4,"turns":3},{"damage":8,"enemies":"Red Slaver","floor":5,"turns":2},{"damage":13,"enemies":"3 Sentries","floor":6,"turns":3},{"damage":12,"enemies":"2 Fungi Beasts","floor":7,"turns":2},{"damage":10,"enemies":"Lagavulin","floor":8,"turns":5},{"damage":2,"enemies":"3 Louse","floor":11,"turns":3},{"damage":11,"enemies":"Gremlin Gang","floor":14,"turns":5},{"damage":44,"enemies":"Hexaghost","floor":16,"turns":10},{"damage":19,"enemies":"Chosen","floor":18,"turns":8},{"damage":31,"enemies":"Spheric Guardian","floor":19,"turns":15},{"damage":33,"enemies":"Snecko","floor":20,"turns":5}],"seed_played":"-666196394423037512","potions_obtained":[{"floor":2,"key":"Explosive Potion"},{"floor":3,"key":"Ancient Potion"},{"floor":4,"key":"Explosive Potion"},{"floor":5,"key":"FocusPotion"},{"floor":7,"key":"SneckoOil"}],"is_trial":false,"path_per_floor":["M","M","M","M","M","E","M","E","T","R","M","R","?","M","R","B",null,"M","M","M"],"character_chosen":"DEFECT","items_purchased":[],"campfire_rested":3,"item_purchase_floors":[],"current_hp_per_floor":[75,74,68,63,55,42,30,20,20,42,40,62,55,44,66,22,75,56,25,0],"gold":431,"neow_bonus":"ONE_RANDOM_RARE_CARD","is_prod":false,"is_daily":false,"chose_seed":false,"campfire_upgraded":0,"win_rate":0,"timestamp":1559447554,"path_taken":["M","M","M","M","M","E","M","E","T","R","M","R","?","M","R","BOSS","M","M","M"],"build_version":"2019-01-23","purchased_purges":0,"victory":false,"max_hp_per_floor":[75,75,75,75,75,75,75,75,75,75,75,75,75,75,75,75,75,75,75,75],"card_choices":[{"not_picked":["Sweeping Beam","Doom and Gloom"],"picked":"Auto Shields","floor":1},{"not_picked":["Reprogram","Rip and Tear"],"picked":"Defragment","floor":2},{"not_picked":["Gash","Reprogram"],"picked":"Ball Lightning","floor":3},{"not_picked":["Force Field","Storm"],"picked":"Cold Snap","floor":4},{"not_picked":["Beam Cell","Compile Driver","Skim"],"picked":"SKIP","floor":5},{"not_picked":["Fusion","Stack"],"picked":"Conserve Battery","floor":6},{"not_picked":["Barrage","Redo"],"picked":"Conserve Battery","floor":7},{"not_picked":["Reboot","Rainbow"],"picked":"Redo","floor":8},{"not_picked":["Self Repair","Force Field"],"picked":"Blizzard","floor":11},{"not_picked":["Streamline","Auto Shields"],"picked":"Hologram","floor":14},{"not_picked":["Core Surge","Seek"],"picked":"Creative AI","floor":16},{"not_picked":["Gash","Steam","Ball Lightning"],"picked":"SKIP","floor":18},{"not_picked":["Steam","Turbo","Beam Cell"],"picked":"SKIP","floor":19}],"player_experience":211700,"relics_obtained":[{"floor":6,"key":"Pocketwatch"},{"floor":8,"key":"Kunai"},{"floor":9,"key":"War Paint"}],"event_choices":[{"cards_removed":["Defend_B"],"damage_healed":0,"gold_gain":0,"player_choice":"Card Removal","damage_taken":7,"max_hp_gain":0,"max_hp_loss":0,"event_name":"Golden Wing","floor":13,"gold_loss":0}],"is_beta":false,"boss_relics":[{"not_picked":["Busted Crown","FrozenCore"],"picked":"Eternal Feather"}],"items_purged_floors":[],"is_endless":false,"potions_floor_spawned":[2,3,4,5,7],"killed_by":"Snecko","ascension_level":1}