{"gold_per_floor":[18,35,35,52,52,81,81,116,195,195,213,224,149,149,149,228,228,244,244,159,174,194,194,222,222,222,222,238,252,252,177,177,177],"floor_reached":33,"playtime":1827,"items_purged":["Strike_R"],"score":495,"play_id":"2c78ddeb-0396-42f8-bc88-d142dce5a62a","local_time":"20190109214056","is_ascension_mode":true,"campfire_choices":[{"data":"Double Tap","floor":7,"key":"SMITH"},{"floor":10,"key":"REST"},{"floor":15,"key":"REST"},{"data":"Uppercut","floor":23,"key":"SMITH"},{"data":"True Grit","floor":30,"key":"SMITH"},{"data":"Ghostly Armor","floor":32,"key":"SMITH"}],"neow_cost":"NO_GOLD","seed_source_timestamp":192740377717127,"circlet_count":0,"master_deck":["AscendersBane","Strike_R","Defend_R","Defend_R","Defend_R+1","Defend_R","Bash","Swift Strike+1","Trip","Spot Weakness","Headbutt","Double Tap+1","Uppercut+1","True Grit+1","Thunderclap+1","Immolate+1","Ghostly Armor+1","Iron Wave+1","Cleave+1","Regret","Bludgeon+1","Whirlwind+1"],"relics":["Burning Blood","Mango","Pen Nib","Regal Pillow","Molten Egg 2","Empty Cage","Pantograph","Meat on the Bone","Bottled Flame","Question Card"],"potions_floor_usage":[6,8,12,16,18,33],"damage_taken":[{"damage":0,"enemies":"Small Slimes","floor":1,"turns":3},{"damage":7,"enemies":"Jaw Worm","floor":2,"turns":2},{"damage":1,"enemies":"2 Louse","floor":4,"turns":2},{"damage":37,"enemies":"Lagavulin","floor":6,"turns":6},{"damage":30,"enemies":"Gremlin Nob","floor":8,"turns":4},{"damage":21,"enemies":"Large Slime","floor":11,"turns":3},{"damage":14,"enemies":"Blue Slaver","floor":12,"turns":3},{"damage":43,"enemies":"Hexaghost","floor":16,"turns":6},{"damage":22,"enemies":"2 Thieves","floor":18,"turns":3},{"damage":0,"enemies":"Colosseum Slavers","floor":19,"turns":1},{"damage":23,"enemies":"Shell Parasite","floor":21,"turns":5},{"damage":15,"enemies":"Shelled Parasite and Fungi","floor":22,"turns":3},{"damage":12,"enemies":"Gremlin Leader","floor":24,"turns":5},{"damage":27,"enemies":"Centurion and Healer","floor":28,"turns":6},{"damage":9,"enemies":"3 Cultists","floor":29,"turns":3},{"damage":74,"enemies":"Automaton","floor":33,"turns":6}],"seed_played":"5929442939593807498","potions_obtained":[{"floor":2,"key":"Energy Potion"},{"floor":6,"key":"Regen Potion"},{"floor":8,"key":"Strength Potion"},{"floor":11,"key":"BloodPotion"},{"floor":16,"key":"BloodPotion"},{"floor":24,"key":"Strength Potion"}],"is_trial":false,"path_per_floor":["M","M","?","M","$","E","R","E","T","R","M","M","$","?","R","B",null,"M","?","?","M","M","R","E","T","T","?","M","M","R","?","R","B"],"character_chosen":"IRONCLAD","items_purchased":[],"campfire_rested":2,"item_purchase_floors":[],"current_hp_per_floor":[74,73,76,81,81,50,50,35,35,76,61,61,61,34,75,38,76,68,74,74,57,48,48,42,42,42,42,33,42,42,42,42,0],"gold":177,"neow_bonus":"RANDOM_COLORLESS_2","is_prod":false,"is_daily":false,"chose_seed":false,"campfire_upgraded":4,"win_rate":0,"timestamp":1547041256,"path_taken":["M","M","?","M","$","E","R","E","T","R","M","M","$","?","R","BOSS","M","?","?","M","M","R","E","?","T","?","M","?","R","?","R","BOSS"],"build_version":"2019-01-03v4","purchased_purges":1,"victory":false,"max_hp_per_floor":[75,75,89,89,89,89,89,89,89,89,89,89,89,89,89,89,89,89,89,89,89,89,89,89,89,89,89,89,89,89,89,89,89],"card_choices":[{"not_picked":["Clothesline","Sword Boomerang"],"picked":"Spot Weakness","floor":1},{"not_picked":["Warcry","Pommel Strike"],"picked":"Headbutt","floor":2},{"not_picked":["Warcry","Pommel Strike","Body Slam"],"picked":"SKIP","floor":4},{"not_picked":["Warcry","Body Slam"],"picked":"Double Tap","floor":6},{"not_picked":["Pommel Strike","Evolve"],"picked":"Uppercut","floor":8},{"not_picked":["Armaments","Burning Pact"],"picked":"True Grit","floor":11},{"not_picked":["Warcry","Evolve"],"picked":"Thunderclap+1","floor":12},{"not_picked":["Reaper+1","Double Tap"],"picked":"Immolate+1","floor":16},{"not_picked":["Headbutt+1","Infernal Blade"],"picked":"Ghostly Armor","floor":18},{"not_picked":["Hemokinesis+1","Havoc","Intimidate"],"picked":"SKIP","floor":21},{"not_picked":["Warcry","Hemokinesis+1"],"picked":"Iron Wave+1","floor":22},{"not_picked":["Shockwave","Headbutt+1"],"picked":"Cleave+1","floor":24},{"not_picked":["Perfected Strike+1","Blood for Blood+1","Iron Wave+1"],"picked":"Whirlwind+1","floor":28},{"not_picked":["Dual Wield","Flex","Iron Wave+1","Exhume"],"picked":"SKIP","floor":29}],"player_experience":652518,"relics_obtained":[{"floor":6,"key":"Pen Nib"},{"floor":8,"key":"Regal Pillow"},{"floor":9,"key":"Molten Egg 2"},{"floor":24,"key":"Meat on the Bone"},{"floor":25,"key":"Bottled Flame"},{"floor":26,"key":"Question Card"}],"event_choices":[{"damage_healed":0,"gold_gain":0,"player_choice":"Success","damage_taken":11,"relics_obtained":["Mango"],"max_hp_gain":0,"max_hp_loss":0,"event_name":"Scrap Ooze","floor":3,"gold_loss":0},{"damage_healed":0,"gold_gain":0,"player_choice":"Entered Light","damage_taken":27,"max_hp_gain":0,"max_hp_loss":0,"event_name":"Shining Light","floor":14,"gold_loss":0,"cards_upgraded":["Defend_R","Swift Strike"]},{"damage_healed":0,"gold_gain":0,"player_choice":"Fight","damage_taken":0,"max_hp_gain":0,"max_hp_loss":0,"event_name":"Colosseum","floor":19,"gold_loss":0},{"damage_healed":0,"gold_gain":0,"player_choice":"Fled From Nobs","damage_taken":0,"max_hp_gain":0,"max_hp_loss":0,"event_name":"Colosseum","floor":19,"gold_loss":0},{"damage_healed":0,"gold_gain":0,"player_choice":"Obtained Relic","damage_taken":0,"relics_obtained":["Pantograph"],"max_hp_gain":0,"max_hp_loss":0,"event_name":"Addict","floor":20,"gold_loss":85},{"damage_healed":0,"gold_gain":0,"player_choice":"2 cards matched","damage_taken":0,"max_hp_gain":0,"max_hp_loss":0,"event_name":"Match and Keep!","floor":27,"gold_loss":0,"cards_obtained":["Regret","Bludgeon"]},{"cards_removed":["Strike_R"],"damage_healed":0,"gold_gain":0,"player_choice":"Gave Gold","damage_taken":0,"max_hp_gain":0,"max_hp_loss":0,"event_name":"Beggar","floor":31,"gold_loss":75}],"is_beta":false,"boss_relics":[{"not_picked":["Calling Bell","Runic Cube"],"picked":"Empty Cage"}],"items_purged_floors":[13],"is_endless":false,"potions_floor_spawned":[2,6,8,11,16,19,24],"killed_by":"Automaton","ascension_level":16}