{"gold_per_floor":[111,111,61,77,91,124,144,144,212,226,13,13,13,13],"floor_reached":14,"playtime":1633,"items_purged":["Strike_B"],"score":90,"play_id":"fdad5c3a-6882-437e-9bf3-9cff6ce9a804","local_time":"20180718061203","is_ascension_mode":false,"campfire_choices":[{"floor":8,"key":"REST"}],"neow_cost":"TEN_PERCENT_HP_LOSS","seed_source_timestamp":201150764652452,"circlet_count":0,"master_deck":["Strike_B","Strike_B","Defend_B","Defend_B","Defend_B","Defend_B","Zap","Conserve Battery","Self Repair","Rebound","Darkness","Compile Driver","Capacitor","Darkness+1","Finesse+1"],"relics":["Cracked Core","Golden Idol","Gambling Chip","Toxic Egg 2"],"potions_floor_usage":[],"damage_taken":[{"damage":1,"enemies":"Jaw Worm","floor":1,"turns":5},{"damage":4,"enemies":"2 Louse","floor":4,"turns":3},{"damage":3,"enemies":"Small Slimes","floor":5,"turns":4},{"damage":42,"enemies":"Gremlin Nob","floor":6,"turns":5},{"damage":7,"enemies":"2 Fungi Beasts","floor":7,"turns":3},{"damage":0,"enemies":"Blue Slaver","floor":10,"turns":5},{"damage":43,"enemies":"Gremlin Gang","floor":14,"turns":4}],"seed_played":"4726629102896595446","potions_obtained":[{"floor":4,"key":"FearPotion"},{"floor":6,"key":"FocusPotion"},{"floor":10,"key":"Weak Potion"},{"floor":12,"key":"Regen Potion"},{"floor":12,"key":"Swift Potion"}],"is_trial":false,"path_per_floor":["M","?","?","M","M","E","M","R","T","M","$","?","?"],"character_chosen":"DEFECT","items_purchased":["Darkness+1","Finesse+1"],"campfire_rested":1,"item_purchase_floors":[11,11],"current_hp_per_floor":[67,50,50,46,50,15,15,35,35,42,42,42,42,0],"gold":13,"neow_bonus":"REMOVE_TWO","is_prod":false,"is_daily":false,"chose_seed":false,"campfire_upgraded":0,"win_rate":0.0,"timestamp":1531865523,"path_taken":["M","?","?","M","M","E","M","R","T","M","$","?","?","M"],"build_version":"2018-07-12","purchased_purges":1,"victory":false,"max_hp_per_floor":[68,68,68,68,68,68,68,68,68,68,68,68,68,68],"card_choices":[{"not_picked":["Gash","Storm"],"picked":"Conserve Battery","floor":1},{"not_picked":["Go for the Eyes","Coolheaded"],"picked":"Self Repair","floor":4},{"not_picked":["Stack","Melter"],"picked":"Rebound","floor":5},{"not_picked":["Compile Driver","Undo"],"picked":"Darkness","floor":6},{"not_picked":["Go for the Eyes","Tempest"],"picked":"Compile Driver","floor":7},{"not_picked":["Stack+1","Auto Shields+1"],"picked":"Capacitor","floor":10}],"player_experience":42708,"relics_obtained":[{"floor":6,"key":"Gambling Chip"},{"floor":9,"key":"Toxic Egg 2"}],"event_choices":[{"event_name":"Golden Idol","player_choice":"Take Damage","floor":2,"damage_taken":0},{"event_name":"World of Goop","player_choice":"Left","floor":3,"damage_taken":0},{"event_name":"The Lab","player_choice":"Got Potions","floor":12,"damage_taken":0},{"event_name":"The Cleric","player_choice":"Leave","floor":13,"damage_taken":0}],"boss_relics":[],"items_purged_floors":[11],"is_endless":false,"potions_floor_spawned":[4,6,10],"killed_by":"Gremlin Gang","ascension_level":0}