{"gold_per_floor":[115,115,115,131,147,147,182,198,252,270,296,66,79,110,110,110],"floor_reached":16,"playtime":2135,"items_purged":["Defend_G"],"score":147,"play_id":"73c7d2ba-f8ed-4212-b63e-a5eb1b1e82a4","local_time":"20180719052038","is_ascension_mode":false,"campfire_choices":[{"data":"Neutralize","floor":6,"key":"SMITH"},{"floor":15,"key":"REST"}],"neow_cost":"","seed_source_timestamp":6363644217291,"circlet_count":0,"master_deck":["Defend_G","Defend_G","Defend_G","Defend_G+1","Strike_G","Strike_G","Strike_G","Strike_G","Strike_G","Survivor","Neutralize+1","Acrobatics","Underhanded Strike","Flying Knee","Noxious Fumes","Prepared+1","Leg Sweep","Deadly Poison","Prepared"],"relics":["Ring of the Snake","Pear","War Paint","Bag of Preparation","Bronze Scales","Boot"],"potions_floor_usage":[16,16,16],"damage_taken":[{"damage":4,"enemies":"2 Louse","floor":1,"turns":4},{"damage":0,"enemies":"Small Slimes","floor":4,"turns":5},{"damage":0,"enemies":"Jaw Worm","floor":5,"turns":4},{"damage":18,"enemies":"Lagavulin","floor":7,"turns":9},{"damage":2,"enemies":"2 Fungi Beasts","floor":8,"turns":4},{"damage":4,"enemies":"Red Slaver","floor":10,"turns":5},{"damage":28,"enemies":"Gremlin Nob","floor":11,"turns":5},{"damage":4,"enemies":"3 Louse","floor":13,"turns":3},{"damage":5,"enemies":"3 Sentries","floor":14,"turns":7},{"damage":45,"enemies":"Slime Boss","floor":16,"turns":8}],"seed_played":"8629556666093259699","potions_obtained":[{"floor":5,"key":"Weak Potion"},{"floor":8,"key":"Strength Potion"},{"floor":14,"key":"SpeedPotion"}],"is_trial":false,"path_per_floor":["M","?","?","M","M","R","E","M","T","M","E","$","M","E","R"],"character_chosen":"THE_SILENT","items_purchased":["Bronze Scales"],"campfire_rested":1,"item_purchase_floors":[12],"current_hp_per_floor":[66,71,71,71,71,71,63,61,61,57,29,29,25,20,45,0],"gold":110,"neow_bonus":"","is_prod":false,"is_daily":false,"chose_seed":false,"campfire_upgraded":1,"win_rate":0.0,"timestamp":1531948838,"path_taken":["M","?","?","M","M","R","E","?","T","M","E","$","M","E","R","BOSS"],"build_version":"2018-07-12","purchased_purges":1,"victory":false,"max_hp_per_floor":[70,75,75,75,75,75,85,85,85,85,85,85,85,85,85,85],"card_choices":[{"not_picked":["Deflect","Expertise"],"picked":"Acrobatics","floor":1},{"not_picked":["Sucker Punch","Dagger Spray"],"picked":"Underhanded Strike","floor":4},{"not_picked":["Deflect","Malaise"],"picked":"Flying Knee","floor":5},{"not_picked":["Escape Plan","Deadly Poison"],"picked":"Noxious Fumes","floor":7},{"not_picked":["Distraction","Caltrops"],"picked":"Prepared","floor":8},{"not_picked":["Crippling Poison","Die Die Die"],"picked":"Leg Sweep","floor":10},{"not_picked":["Blur","Bullet Time"],"picked":"Deadly Poison","floor":11},{"not_picked":["Flechettes","Deadly Poison"],"picked":"Prepared","floor":13},{"not_picked":["Skewer","Dagger Throw","Infinite Blades"],"picked":"SKIP","floor":14}],"player_experience":98148,"relics_obtained":[{"floor":7,"key":"Pear"},{"floor":9,"key":"War Paint"},{"floor":11,"key":"Bag of Preparation"},{"floor":14,"key":"Boot"}],"event_choices":[{"event_name":"Big Fish","player_choice":"Donut","floor":2,"damage_taken":0},{"event_name":"Liars Game","player_choice":"disagreed","floor":3,"damage_taken":0}],"boss_relics":[],"items_purged_floors":[12],"is_endless":false,"potions_floor_spawned":[5,8,14],"killed_by":"Slime Boss","ascension_level":0}