{"gold_per_floor":[111,111,131,56,131,159,178,211,211,211,211,211,66,83,83,180,180,191,191,191,66,66,66,101,119,119,150,150,167,201,51,51,148,148,165,177,399,399,399,432,452,452,452,452,484,484,109,126,126,126,126,126,6,33,33],"floor_reached":56,"playtime":3569,"items_purged":["Strike_R","Strike_R","Strike_R","Defend_R","Defend_R"],"score":1546,"play_id":"1cd9f54b-61fe-4314-9f87-8c48c38220c3","local_time":"20190615034148","is_ascension_mode":true,"campfire_choices":[{"data":"Limit Break","floor":11.0,"key":"SMITH"},{"data":"Flex","floor":15.0,"key":"SMITH"},{"data":"Offering","floor":23.0,"key":"SMITH"},{"data":"Ghostly","floor":28.0,"key":"SMITH"},{"data":"Shrug It Off","floor":32.0,"key":"SMITH"},{"data":"Demon Form","floor":42.0,"key":"SMITH"},{"floor":44.0,"key":"RECALL"},{"data":"Offering","floor":49.0,"key":"SMITH"},{"data":"Metallicize","floor":52.0,"key":"SMITH"}],"neow_cost":"NONE","seed_source_timestamp":377626074528900,"circlet_count":0,"master_deck":["Defend_R","Bash","Spot Weakness+1","Shrug It Off+1","Limit Break+1","Seeing Red","Clothesline","Cleave+1","Flex+1","Offering+1","Ghostly+1","Ghostly","Ghostly","Ghostly","Ghostly","Bite+1","Bite+1","Bite+1","Bite+1","Pommel Strike+1","Dual Wield+1","Thunderclap+1","Demon Form+1","Blood for Blood+1","Madness","Madness","Twin Strike+1","Metallicize+1","Offering+1","Combust+1","Rupture","Headbutt+1","Warcry"],"special_seed":0,"relics":["Burning Blood","NeowsBlessing","Shuriken","Ancient Tea Set","Molten Egg 2","Sozu","Omamori","Anchor","Red Mask","Nunchaku","Philosopher\u0027s Stone","The Courier","Magic Flower","Orichalcum","Oddly Smooth Stone"],"potions_floor_usage":[55,55],"damage_taken":[{"damage":0.0,"enemies":"2 Louse","floor":1.0,"turns":1.0},{"damage":0.0,"enemies":"Jaw Worm","floor":3.0,"turns":1.0},{"damage":0.0,"enemies":"Gremlin Nob","floor":6.0,"turns":1.0},{"damage":12.0,"enemies":"Small Slimes","floor":7.0,"turns":3.0},{"damage":27.0,"enemies":"Lagavulin","floor":8.0,"turns":5.0},{"damage":8.0,"enemies":"Looter","floor":14.0,"turns":2.0},{"damage":41.0,"enemies":"Hexaghost","floor":16.0,"turns":9.0},{"damage":29.0,"enemies":"Spheric Guardian","floor":18.0,"turns":4.0},{"damage":2.0,"enemies":"Book of Stabbing","floor":24.0,"turns":6.0},{"damage":2.0,"enemies":"2 Thieves","floor":25.0,"turns":4.0},{"damage":4.0,"enemies":"Masked Bandits","floor":27.0,"turns":5.0},{"damage":1.0,"enemies":"Snake Plant","floor":29.0,"turns":4.0},{"damage":12.0,"enemies":"Slavers","floor":30.0,"turns":5.0},{"damage":5.0,"enemies":"Collector","floor":33.0,"turns":6.0},{"damage":30.0,"enemies":"3 Shapes","floor":35.0,"turns":4.0},{"damage":10.0,"enemies":"3 Darklings","floor":36.0,"turns":4.0},{"damage":6.0,"enemies":"Reptomancer","floor":40.0,"turns":5.0},{"damage":6.0,"enemies":"Maw","floor":41.0,"turns":7.0},{"damage":30.0,"enemies":"Nemesis","floor":45.0,"turns":7.0},{"damage":7.0,"enemies":"Spire Growth","floor":48.0,"turns":4.0},{"damage":13.0,"enemies":"Awakened One","floor":50.0,"turns":6.0},{"damage":12.0,"enemies":"Shield and Spear","floor":54.0,"turns":5.0},{"damage":55,"enemies":"The Heart","floor":55,"turns":7}],"seed_played":"-4829875541527499730","potions_obtained":[{"floor":1.0,"key":"Weak Potion"},{"floor":14.0,"key":"Regen Potion"},{"floor":16.0,"key":"PowerPotion"}],"is_trial":false,"path_per_floor":["M","?","M","$","?","E","M","E","T","?","R","?","$","M","R","B",null,"M","?","?","$","?","R","E","M","T","?","R","M","E","$","R","B",null,"M","M","?","?","?","E","M","R","T","R","E","?","$","M","R","B",null,"R","$","E","B",null],"character_chosen":"IRONCLAD","items_purchased":["Cleave+1","Orichalcum","Offering","Rupture","Headbutt+1","Warcry"],"campfire_rested":0,"item_purchase_floors":[13,47,47,53,53,53],"current_hp_per_floor":[80,80,80,80,69,75,69,48,48,53,53,46,46,44,44,9,85,62,62,42,42,29,29,29,29,29,29,29,29,29,29,29,29,29,23,29,29,25,39,39,39,39,39,39,24,24,24,39,39,39,39,39,39,39,33],"gold":33,"neow_bonus":"THREE_ENEMY_KILL","is_prod":false,"is_daily":false,"chose_seed":false,"campfire_upgraded":8,"win_rate":0,"timestamp":1560562908,"path_taken":["M","?","M","$","?","E","M","E","T","?","R","?","?","M","R","BOSS","M","?","?","$","?","R","E","M","T","?","R","?","E","?","R","BOSS","M","M","?","?","?","E","?","R","T","R","E","?","$","M","R","BOSS","R","$","E","BOSS"],"build_version":"2019-01-23","purchased_purges":5,"victory":true,"max_hp_per_floor":[80,80,80,80,80,80,80,80,80,85,85,85,85,85,85,85,85,85,85,42,42,29,29,29,29,29,29,29,29,29,29,29,29,29,29,29,29,29,39,39,39,39,39,39,39,39,39,39,39,39,39,39,39,39,39],"card_choices":[{"not_picked":["Infernal Blade","Sword Boomerang"],"picked":"Spot Weakness","floor":1.0},{"not_picked":["True Grit","Bloodletting"],"picked":"Shrug It Off","floor":3.0},{"not_picked":["Inflame","Iron Wave"],"picked":"Limit Break","floor":6.0},{"not_picked":["Evolve","Disarm"],"picked":"Seeing Red","floor":7.0},{"not_picked":["Brutality","Iron Wave"],"picked":"Clothesline","floor":8.0},{"not_picked":["Warcry","Searing Blow+1"],"picked":"Flex","floor":14.0},{"not_picked":["Fiend Fire+1","Brutality"],"picked":"Offering","floor":16.0},{"not_picked":["Sever Soul+1","Iron Wave+1","Wild Strike+1"],"picked":"SKIP","floor":18.0},{"not_picked":["Clash+1","Sword Boomerang+1"],"picked":"Reaper+1","floor":24.0},{"not_picked":["Clothesline+1","Burning Pact","Flex"],"picked":"SKIP","floor":25.0},{"not_picked":["Spot Weakness","Blood for Blood+1"],"picked":"Pommel Strike+1","floor":27.0},{"not_picked":["Sentinel+1","Wild Strike+1"],"picked":"Dual Wield+1","floor":29.0},{"not_picked":["True Grit","Clothesline+1"],"picked":"Thunderclap+1","floor":30.0},{"not_picked":["Barricade","Bludgeon+1"],"picked":"Demon Form","floor":33.0},{"not_picked":["Carnage+1","Wild Strike+1","Havoc+1"],"picked":"SKIP","floor":35.0},{"not_picked":["Twin Strike+1","Thunderclap+1"],"picked":"Blood for Blood+1","floor":36.0},{"not_picked":["Headbutt+1","Barricade","Clothesline+1"],"picked":"SKIP","floor":40.0},{"not_picked":["Shrug It Off","Perfected Strike+1"],"picked":"Twin Strike+1","floor":41.0},{"not_picked":["Dual Wield+1","Juggernaut"],"picked":"Metallicize","floor":45.0},{"not_picked":["Shrug It Off+1","Flex+1"],"picked":"Combust+1","floor":48.0},{"not_picked":["Exhume","Twin Strike+1","Spot Weakness"],"picked":"SKIP","floor":54.0}],"player_experience":237471,"relics_obtained":[{"floor":6.0,"key":"Shuriken"},{"floor":8.0,"key":"Ancient Tea Set"},{"floor":9.0,"key":"Molten Egg 2"},{"floor":24.0,"key":"Omamori"},{"floor":26.0,"key":"Anchor"},{"floor":27.0,"key":"Red Mask"},{"floor":30.0,"key":"Nunchaku"},{"floor":40.0,"key":"The Courier"},{"floor":45.0,"key":"Magic Flower"},{"floor":54.0,"key":"Oddly Smooth Stone"}],"event_choices":[{"damage_healed":0.0,"max_hp_gain":0.0,"max_hp_loss":0.0,"gold_gain":0.0,"event_name":"Living Wall","player_choice":"Grow","floor":2.0,"gold_loss":0.0,"damage_taken":0.0,"cards_upgraded":["Spot Weakness"]},{"damage_healed":0.0,"max_hp_gain":0.0,"max_hp_loss":0.0,"gold_gain":75.0,"event_name":"World of Goop","player_choice":"Gather Gold","floor":5.0,"gold_loss":0.0,"damage_taken":11.0},{"damage_healed":0.0,"max_hp_gain":5.0,"max_hp_loss":0.0,"gold_gain":0.0,"event_name":"Big Fish","player_choice":"Donut","floor":10.0,"gold_loss":0.0,"damage_taken":0.0},{"cards_removed":["Defend_R"],"damage_healed":0.0,"max_hp_gain":0.0,"max_hp_loss":0.0,"gold_gain":0.0,"event_name":"Golden Wing","player_choice":"Card Removal","floor":12.0,"gold_loss":0.0,"damage_taken":7.0},{"damage_healed":0.0,"max_hp_gain":0.0,"max_hp_loss":0.0,"gold_gain":0.0,"event_name":"Cursed Tome","player_choice":"Ignored","floor":19.0,"gold_loss":0.0,"damage_taken":0.0},{"damage_healed":0.0,"max_hp_gain":0.0,"max_hp_loss":43.0,"gold_gain":0.0,"event_name":"Ghosts","player_choice":"Became a Ghost","floor":20.0,"gold_loss":0.0,"damage_taken":0.0,"cards_obtained":["Ghostly","Ghostly","Ghostly","Ghostly","Ghostly"]},{"damage_healed":0.0,"max_hp_gain":0.0,"max_hp_loss":13.0,"gold_gain":0.0,"event_name":"Vampires","player_choice":"Became a vampire","floor":22.0,"gold_loss":0.0,"damage_taken":0.0,"cards_obtained":["Bite","Bite","Bite","Bite","Bite"]},{"damage_healed":0.0,"max_hp_gain":0.0,"max_hp_loss":0.0,"gold_gain":0.0,"event_name":"Masked Bandits","player_choice":"Fought Bandits","floor":27.0,"gold_loss":0.0,"damage_taken":0.0},{"damage_healed":0.0,"max_hp_gain":0.0,"max_hp_loss":0.0,"gold_gain":222.0,"event_name":"Tomb of Lord Red Mask","player_choice":"Wore Mask","floor":37.0,"gold_loss":0.0,"damage_taken":0.0},{"damage_healed":0.0,"max_hp_gain":0.0,"max_hp_loss":0.0,"gold_gain":0.0,"event_name":"Winding Halls","player_choice":"Embrace Madness","floor":38.0,"gold_loss":0.0,"damage_taken":4.0,"cards_obtained":["Madness","Madness"]},{"cards_removed":["Reaper"],"damage_healed":4.0,"max_hp_gain":10.0,"max_hp_loss":0.0,"gold_gain":0.0,"event_name":"Bonfire Elementals","player_choice":"Offered Rare","floor":39.0,"gold_loss":0.0,"damage_taken":0.0},{"cards_removed":["Bite"],"damage_healed":0.0,"max_hp_gain":0.0,"max_hp_loss":0.0,"gold_gain":0.0,"event_name":"Falling","player_choice":"Removed Attack","floor":46.0,"gold_loss":0.0,"damage_taken":0.0}],"is_beta":false,"boss_relics":[{"not_picked":["Snecko Eye","Mark of Pain"],"picked":"Sozu"},{"not_picked":["Velvet Choker","Runic Cube"],"picked":"Philosopher\u0027s Stone"}],"items_purged_floors":[4,13,21,31,47],"is_endless":false,"potions_floor_spawned":[1,14,16,24,25,27,33,36,40],"ascension_level":4}