{"path_per_floor":["M","$","M","$","?","R","M","M","T","M","?","M","?","M","R","B",null,"M","?","$","?","$","R","M","R","T","E","M"],"character_chosen":"THE_SILENT","items_purchased":["Backflip","Noxious Fumes","Backflip"],"gold_per_floor":[116,14,32,32,32,32,45,60,83,102,102,120,120,132,132,231,231,245,245,111,111,87,87,101,101,124,158,172],"floor_reached":29,"campfire_rested":3,"playtime":1544,"current_hp_per_floor":[59,59,59,59,59,59,59,48,48,30,46,41,41,38,58,3,51,36,24,24,24,24,44,16,36,43,15,8],"items_purged":["Strike_G","Parasite"],"gold":172,"score":376,"play_id":"a2ef31c7-a29a-4924-a300-d6056f526cda","local_time":"20180315191833","is_prod":false,"is_daily":false,"is_ascension_mode":true,"campfire_upgraded":1,"timestamp":1521159513,"path_taken":["M","$","M","$","?","R","M","M","T","M","?","M","?","M","R","BOSS","M","?","?","?","$","R","?","R","T","E","M","M"],"build_version":"2018-03-09","purchased_purges":2,"victory":false,"master_deck":["Defend_G","Defend_G","Defend_G","Defend_G","Defend_G","Strike_G","Strike_G","Strike_G","Strike_G","Survivor","Neutralize","Dodge and Roll","Backflip+1","Backflip+1","Dagger Throw","Footwork","Caltrops","Noxious Fumes","Backflip","Escape Plan"],"max_hp_per_floor":[67,67,67,67,67,67,67,67,67,67,67,67,67,67,67,67,67,67,72,69,69,69,69,69,69,76,76,76],"relics":["Ring of the Snake","Snake Skull","Sozu","Strawberry","Letter Opener"],"card_choices":[{"not_picked":["All Out Attack","Skewer"],"picked":"Dodge and Roll"},{"not_picked":["Flying Knee","Flechettes"],"picked":"Backflip"},{"not_picked":["All Out Attack","Quick Slash"],"picked":"Dagger Throw"},{"not_picked":["Dodge and Roll","Quick Slash"],"picked":"Footwork"},{"not_picked":["Dagger Throw","Heel Hook"],"picked":"Caltrops"},{"not_picked":["Flying Knee","Dodge and Roll"],"picked":"Escape Plan"}],"player_experience":273076,"potions_floor_usage":[8,16,16,16],"damage_taken":[{"damage":4,"enemies":"Small Slimes","floor":1,"turns":4},{"damage":0,"enemies":"Cultist","floor":3,"turns":4},{"damage":0,"enemies":"Jaw Worm","floor":7,"turns":7},{"damage":11,"enemies":"Looter","floor":8,"turns":4},{"damage":18,"enemies":"3 Louse","floor":10,"turns":8},{"damage":5,"enemies":"2 Fungi Beasts","floor":12,"turns":4},{"damage":3,"enemies":"Red Slaver","floor":14,"turns":5},{"damage":55,"enemies":"The Guardian","floor":16,"turns":24},{"damage":15,"enemies":"Spheric Guardian","floor":18,"turns":13},{"damage":28,"enemies":"Chosen","floor":24,"turns":7},{"damage":28,"enemies":"Book of Stabbing","floor":27,"turns":8},{"damage":7,"enemies":"Centurion and Healer","floor":28,"turns":9},{"damage":8,"enemies":"Cultist and Chosen","floor":29,"turns":4}],"event_choices":[{"event_name":"The Lab","player_choice":"Got Potions","floor":5,"damage_taken":0},{"event_name":"Mushrooms","player_choice":"Healed and dodged fight","floor":11,"damage_taken":0},{"event_name":"Accursed Blacksmith","player_choice":"Forge","floor":13,"damage_taken":0},{"event_name":"Forgotten Altar","player_choice":"Shed Blood","floor":19,"damage_taken":0},{"event_name":"The Mausoleum","player_choice":"No","floor":21,"damage_taken":0}],"boss_relics":[{"not_picked":["Philosopher\u0027s Stone","Velvet Choker"],"picked":"Sozu"}],"potions_floor_spawned":[1,10,12,18],"seed_played":"-7749289350277740723","killed_by":"Cultist and Chosen","ascension_level":12,"is_trial":false}