{"path_per_floor":["M","?","?","M","?","R","M","R","T","M","?","M","R","$","R","B",null,"M","T","M","?","M","R","M","M","T","R","?","R","M","$","R"],"character_chosen":"THE_SILENT","items_purchased":[],"gold_per_floor":[110,110,110,127,127,127,144,144,174,189,189,199,199,124,124,200,200,200,200,200,200,200,200,200,200,200,200,200,200,200,100,100],"floor_reached":33,"campfire_rested":4,"playtime":1137,"current_hp_per_floor":[59,41,28,28,50,50,49,49,49,47,47,38,38,38,57,31,57,57,57,42,42,18,52,36,33,33,66,66,66,56,56,66],"items_purged":["Strike_G","Injury"],"gold":100,"score":403,"play_id":"cbc9ee00-5bce-4429-ab3d-6cd9bfa11311","local_time":"20180322112347","is_prod":false,"is_daily":false,"is_ascension_mode":true,"campfire_upgraded":4,"timestamp":1521735827,"path_taken":["M","?","?","M","?","R","M","R","T","M","?","M","R","$","R","BOSS","M","?","M","?","M","R","M","?","T","R","?","R","M","?","R","BOSS"],"build_version":"2018-03-15v3","purchased_purges":2,"victory":false,"master_deck":["Defend_G","Defend_G+1","Defend_G","Defend_G+1","Defend_G","Strike_G","Strike_G","Strike_G+1","Survivor+1","Neutralize+1","Parasite","Bouncing Flask+1","Noxious Fumes+1","Predator+1","Dodge and Roll+1","Well Laid Plans+1"],"max_hp_per_floor":[66,66,66,66,66,66,66,66,66,66,66,66,66,66,66,66,66,66,66,66,66,66,66,66,66,66,66,66,66,66,66,66],"relics":["Ring of the Snake","Bag of Marbles","Tiny Chest","Ectoplasm","Regal Pillow","Art of War"],"card_choices":[{"not_picked":["Backflip","Distraction"],"picked":"Bouncing Flask"},{"not_picked":["Calculated Gamble","Backflip"],"picked":"Noxious Fumes"},{"not_picked":["Dagger Spray","Poisoned Stab"],"picked":"Dodge and Roll"},{"not_picked":["Outmaneuver","Heel Hook"],"picked":"Well Laid Plans"}],"player_experience":323094,"potions_floor_usage":[16,16,33,33],"damage_taken":[{"damage":0,"enemies":"2 Louse","floor":1,"turns":3},{"damage":0,"enemies":"Small Slimes","floor":4,"turns":3},{"damage":1,"enemies":"Jaw Worm","floor":7,"turns":4},{"damage":2,"enemies":"3 Louse","floor":10,"turns":4},{"damage":9,"enemies":"Large Slime","floor":12,"turns":6},{"damage":38,"enemies":"Hexaghost","floor":16,"turns":8},{"damage":0,"enemies":"Spheric Guardian","floor":18,"turns":3},{"damage":15,"enemies":"Chosen","floor":20,"turns":4},{"damage":24,"enemies":"Snake Plant","floor":22,"turns":4},{"damage":16,"enemies":"Sentry and Sphere","floor":24,"turns":5},{"damage":3,"enemies":"Centurion and Healer","floor":25,"turns":7},{"damage":10,"enemies":"Snecko","floor":30,"turns":5},{"damage":70,"enemies":"Champ","floor":33,"turns":9}],"event_choices":[{"event_name":"Scrap Ooze","player_choice":"success","floor":2,"damage_taken":18},{"event_name":"Shining Light","player_choice":"Entered Light","floor":3,"damage_taken":0},{"event_name":"Big Fish","player_choice":"Banana","floor":5,"damage_taken":0},{"event_name":"Transmorgrifier","player_choice":"Transform","floor":11,"damage_taken":0},{"event_name":"Addict","player_choice":"Ignored","floor":21,"damage_taken":0},{"event_name":"Accursed Blacksmith","player_choice":"Forge","floor":28,"damage_taken":0}],"boss_relics":[{"not_picked":["White Beast Statue","Lizard Tail"],"picked":"Ectoplasm"}],"potions_floor_spawned":[1,4,7,25],"seed_played":"-8364701865757693614","killed_by":"Champ","ascension_level":14,"is_trial":false}