{"gold_per_floor":[113,38,48,62,62,62,75,101,152,209,209,225,241,261,261,363,363,374,374,374,384,402,429,429,489,489,507,407,422,422,35,35,135,135,147,3,20,20,20,54,54,81,81,95,95,145,145,159,159,159],"floor_reached":51,"playtime":4261,"items_purged":["Strike_B","Defend_B+1","Defend_B+1"],"score":975,"play_id":"499aa551-4fec-4419-877a-7465ef9d954e","local_time":"20181210124858","is_ascension_mode":true,"campfire_choices":[{"data":"Zap","floor":6,"key":"SMITH"},{"data":"Dualcast","floor":11,"key":"SMITH"},{"floor":15,"key":"REST"},{"data":"Doom and Gloom","floor":24,"key":"SMITH"},{"floor":32,"key":"REST"},{"data":"Defragment","floor":41,"key":"SMITH"},{"floor":45,"key":"REST"},{"floor":47,"key":"REST"},{"floor":49,"key":"REST"}],"neow_cost":"NONE","seed_source_timestamp":618563572770240,"circlet_count":0,"master_deck":["Strike_B+1","Defend_B+1","Defend_B+1","Zap+1","Dualcast+1","Rip and Tear","Doom and Gloom+1","Steam","Seek","BootSequence","Undo+1","Glacier+1","Steam+1","Turbo","Compile Driver+1","Machine Learning","Defragment+1","Madness","Madness","Hologram+1","Ball Lightning+1","Conserve Battery","Loop"],"relics":["Cracked Core","NeowsBlessing","Bottled Flame","DataDisk","Strawberry","Sozu","Gambling Chip","Tiny Chest","Potion Belt","Lantern","Mercury Hourglass","Inserter","PreservedInsect","Juzu Bracelet","Cables","Ice Cream","Dead Branch"],"potions_floor_usage":[10,14,14,16,27],"damage_taken":[{"damage":0,"enemies":"Small Slimes","floor":1,"turns":1},{"damage":0,"enemies":"2 Louse","floor":3,"turns":1},{"damage":0,"enemies":"Cultist","floor":4,"turns":1},{"damage":6,"enemies":"Blue Slaver","floor":7,"turns":3},{"damage":15,"enemies":"3 Sentries","floor":8,"turns":5},{"damage":24,"enemies":"Lagavulin Event","floor":10,"turns":4},{"damage":14,"enemies":"Exordium Thugs","floor":12,"turns":3},{"damage":5,"enemies":"Large Slime","floor":13,"turns":4},{"damage":0,"enemies":"Red Slaver","floor":14,"turns":1},{"damage":17,"enemies":"Hexaghost","floor":16,"turns":8},{"damage":3,"enemies":"Chosen","floor":18,"turns":4},{"damage":5,"enemies":"3 Byrds","floor":21,"turns":4},{"damage":2,"enemies":"Centurion and Healer","floor":22,"turns":6},{"damage":26,"enemies":"Book of Stabbing","floor":23,"turns":7},{"damage":9,"enemies":"Gremlin Leader","floor":25,"turns":6},{"damage":0,"enemies":"Snake Plant","floor":27,"turns":5},{"damage":0,"enemies":"Shelled Parasite and Fungi","floor":29,"turns":6},{"damage":24,"enemies":"Automaton","floor":33,"turns":12},{"damage":0,"enemies":"Orb Walker","floor":35,"turns":5},{"damage":18,"enemies":"3 Darklings","floor":37,"turns":3},{"damage":8,"enemies":"Giant Head","floor":40,"turns":7},{"damage":22,"enemies":"Reptomancer","floor":42,"turns":5},{"damage":4,"enemies":"Spire Growth","floor":44,"turns":5},{"damage":18,"enemies":"2 Orb Walkers","floor":46,"turns":7},{"damage":10,"enemies":"4 Shapes","floor":48,"turns":3},{"damage":1,"enemies":"Donu and Deca","floor":50,"turns":11}],"seed_played":"7559763776605660267","potions_obtained":[{"floor":7,"key":"Swift Potion"},{"floor":8,"key":"PowerPotion"},{"floor":10,"key":"SteroidPotion"},{"floor":13,"key":"Poison Potion"},{"floor":14,"key":"EssenceOfSteel"}],"is_trial":false,"path_per_floor":["M","$","M","M","?","R","M","E","T","?","R","M","M","M","R","B",null,"M","?","?","M","M","E","R","E","T","M","$","M","T","$","R","B",null,"M","$","M","?","?","E","R","E","T","M","R","?","R","M","R","B",null],"character_chosen":"DEFECT","items_purchased":["Mercury Hourglass","PreservedInsect"],"campfire_rested":5,"item_purchase_floors":[31,36],"current_hp_per_floor":[68,68,68,68,61,61,55,40,40,23,23,9,4,4,28,11,64,61,61,61,56,54,28,28,19,19,19,19,19,19,19,43,19,66,66,66,48,38,38,30,30,8,8,4,28,10,34,24,48,47],"gold":159,"neow_bonus":"THREE_ENEMY_KILL","is_prod":false,"is_daily":false,"chose_seed":false,"campfire_upgraded":4,"win_rate":0,"timestamp":1544417338,"path_taken":["M","$","M","M","?","R","M","E","T","?","R","M","M","M","R","BOSS","M","?","?","?","M","E","R","E","T","M","$","M","?","?","R","BOSS","M","$","M","?","?","E","R","E","T","M","R","?","R","M","R","BOSS"],"build_version":"2018-12-06","purchased_purges":3,"victory":true,"max_hp_per_floor":[75,75,75,75,75,75,75,75,75,82,82,82,82,82,82,82,82,82,82,82,82,82,82,82,82,82,82,82,82,82,82,82,82,82,82,82,82,82,82,82,82,82,82,82,82,82,82,82,82,82],"card_choices":[{"not_picked":["Beam Cell","Steam Power"],"picked":"Rip and Tear","floor":1},{"not_picked":["Streamline","Hologram"],"picked":"Doom and Gloom","floor":3},{"not_picked":["Hologram","Cold Snap","Stack"],"picked":"SKIP","floor":4},{"not_picked":["Storm","Steam Power","Barrage"],"picked":"SKIP","floor":7},{"not_picked":["Steam","Machine Learning","Aggregate"],"picked":"SKIP","floor":8},{"not_picked":["Scrape","Coolheaded","Consume"],"picked":"SKIP","floor":12},{"not_picked":["Compile Driver","Sweeping Beam"],"picked":"Steam","floor":13},{"not_picked":["Sweeping Beam","Ball Lightning","Force Field"],"picked":"SKIP","floor":14},{"not_picked":["Rainbow","All For One"],"picked":"Seek","floor":16},{"not_picked":["Rebound","Sweeping Beam"],"picked":"BootSequence","floor":18},{"not_picked":["Melter","Coolheaded+1"],"picked":"Undo+1","floor":21},{"not_picked":["Beam Cell","Darkness","Stack"],"picked":"SKIP","floor":22},{"not_picked":["Barrage","Echo Form"],"picked":"Glacier+1","floor":23},{"not_picked":["Conserve Battery","Leap"],"picked":"Steam+1","floor":25},{"not_picked":["Gash","Rebound"],"picked":"Turbo","floor":27},{"not_picked":["FTL+1","Gash"],"picked":"Compile Driver+1","floor":29},{"not_picked":["Electrodynamics","Thunder Strike"],"picked":"Machine Learning","floor":33},{"not_picked":["Tempest","Turbo+1"],"picked":"Defragment","floor":35},{"not_picked":["Storm+1","Cold Snap","Auto Shields"],"picked":"SKIP","floor":37},{"not_picked":["Streamline","Heatsinks","Cold Snap+1"],"picked":"SKIP","floor":40},{"not_picked":["Core Surge","Fission"],"picked":"Hologram+1","floor":42},{"not_picked":["Coolheaded","Glacier+1"],"picked":"Ball Lightning+1","floor":44},{"not_picked":["Chill+1","Beam Cell+1"],"picked":"Conserve Battery","floor":46},{"not_picked":["Gash","Coolheaded+1"],"picked":"Loop","floor":48}],"player_experience":539875,"relics_obtained":[{"floor":8,"key":"Bottled Flame"},{"floor":9,"key":"DataDisk"},{"floor":10,"key":"Strawberry"},{"floor":23,"key":"Gambling Chip"},{"floor":25,"key":"Tiny Chest"},{"floor":26,"key":"Potion Belt"},{"floor":30,"key":"Lantern"},{"floor":40,"key":"Juzu Bracelet"},{"floor":42,"key":"Cables"},{"floor":43,"key":"Ice Cream"},{"floor":46,"key":"Dead Branch"}],"event_choices":[{"cards_removed":["Strike_B"],"damage_healed":0,"gold_gain":0,"player_choice":"Card Removal","damage_taken":7,"max_hp_gain":0,"max_hp_loss":0,"event_name":"Golden Wing","floor":5,"gold_loss":0},{"damage_healed":0,"gold_gain":0,"player_choice":"Searched \u00272\u0027 times","damage_taken":0,"max_hp_gain":0,"max_hp_loss":0,"event_name":"Dead Adventurer","floor":10,"gold_loss":0},{"damage_healed":0,"gold_gain":0,"player_choice":"Simplicity","damage_taken":0,"max_hp_gain":0,"max_hp_loss":0,"event_name":"Back to Basics","floor":19,"gold_loss":0,"cards_upgraded":["Strike_B","Strike_B","Defend_B","Defend_B","Defend_B","Defend_B"]},{"damage_healed":0,"gold_gain":0,"player_choice":"Got Potions","damage_taken":0,"max_hp_gain":0,"max_hp_loss":0,"event_name":"Lab","floor":20,"gold_loss":0},{"damage_healed":0,"gold_gain":0,"player_choice":"Embrace Madness","damage_taken":10,"max_hp_gain":0,"max_hp_loss":0,"event_name":"Winding Halls","floor":38,"gold_loss":0,"cards_obtained":["Madness","Madness"]},{"cards_removed":["Strike_B"],"damage_healed":0,"gold_gain":0,"player_choice":"Purged","damage_taken":0,"max_hp_gain":0,"max_hp_loss":0,"event_name":"Purifier","floor":39,"gold_loss":0},{"damage_healed":0,"gold_gain":0,"player_choice":"Fight","damage_taken":0,"max_hp_gain":0,"max_hp_loss":0,"event_name":"Mysterious Sphere","floor":46,"gold_loss":0}],"is_beta":false,"boss_relics":[{"not_picked":["White Beast Statue","Coffee Dripper"],"picked":"Sozu"},{"not_picked":["FrozenCore","Eternal Feather"],"picked":"Inserter"}],"items_purged_floors":[2,28,31],"is_endless":false,"potions_floor_spawned":[7,8,10,13,14,21,22,27,35,42,44,46],"ascension_level":7}