{"gold_per_floor":[110,110,35,35,35,68,68,96,122,72,72,97,108,128,128,225,225,239,253,203,220,220],"floor_reached":22,"playtime":1083,"items_purged":["Strike_B","Strike_B","Defend_B"],"score":240,"play_id":"4009c975-f114-4d1f-840c-cce3fd4e5935","local_time":"20181209134716","is_ascension_mode":true,"campfire_choices":[{"data":"Dualcast","floor":7,"key":"SMITH"},{"data":"Zap","floor":11,"key":"SMITH"},{"floor":15,"key":"REST"}],"neow_cost":"NONE","seed_source_timestamp":538856620937421,"circlet_count":0,"master_deck":["Defend_B","Defend_B","Defend_B","Zap+1","Dualcast+1","Doom and Gloom","Compile Driver","Redo","Redo","Genetic Algorithm","Rainbow","Genetic Algorithm","Barrage+1","Defragment"],"relics":["Cracked Core","Smiling Mask","Centennial Puzzle","Bronze Scales","Orichalcum","Black Star"],"potions_floor_usage":[13,19],"damage_taken":[{"damage":10,"enemies":"Small Slimes","floor":1,"turns":3},{"damage":36,"enemies":"Gremlin Nob","floor":6,"turns":4},{"damage":30,"enemies":"Lagavulin","floor":8,"turns":5},{"damage":3,"enemies":"2 Louse","floor":13,"turns":1},{"damage":7,"enemies":"Jaw Worm","floor":14,"turns":2},{"damage":17,"enemies":"Hexaghost","floor":16,"turns":7},{"damage":12,"enemies":"Chosen","floor":18,"turns":4},{"damage":25,"enemies":"2 Thieves","floor":19,"turns":3},{"damage":16,"enemies":"Snecko","floor":21,"turns":4},{"damage":11,"enemies":"Snake Plant","floor":22,"turns":2}],"seed_played":"4857005455179160137","potions_obtained":[{"floor":1,"key":"FairyPotion"},{"floor":6,"key":"Energy Potion"},{"floor":16,"key":"Explosive Potion"},{"floor":21,"key":"Weak Potion"}],"is_trial":false,"path_per_floor":["M","?","$","?","?","E","R","E","T","$","R","T","M","M","R","B",null,"M","M","$","M","M"],"character_chosen":"DEFECT","items_purchased":[],"campfire_rested":1,"item_purchase_floors":[],"current_hp_per_floor":[65,75,75,75,75,39,39,9,9,9,9,9,6,7,29,12,59,47,22,22,6,0],"gold":220,"neow_bonus":"TRANSFORM_CARD","is_prod":false,"is_daily":false,"chose_seed":false,"campfire_upgraded":2,"win_rate":0,"timestamp":1544334436,"path_taken":["M","?","$","?","?","E","R","E","T","$","R","?","?","M","R","BOSS","M","M","$","M","M"],"build_version":"2018-12-06","purchased_purges":3,"victory":false,"max_hp_per_floor":[75,75,75,75,75,75,75,75,75,75,75,75,75,75,75,75,75,75,75,75,75,75],"card_choices":[{"not_picked":["Rip and Tear","Static Discharge"],"picked":"Compile Driver","floor":1},{"not_picked":["Turbo","Leap"],"picked":"Redo","floor":6},{"not_picked":["Undo","Skim"],"picked":"Redo","floor":8},{"not_picked":["BootSequence","Force Field","Steam"],"picked":"SKIP","floor":13},{"not_picked":["Sweeping Beam","Chaos"],"picked":"Genetic Algorithm","floor":14},{"not_picked":["Hyperbeam","Multi-Cast"],"picked":"Rainbow","floor":16},{"not_picked":["Doom and Gloom","Fusion"],"picked":"Genetic Algorithm","floor":18},{"not_picked":["Redo","Go for the Eyes"],"picked":"Barrage+1","floor":19},{"not_picked":["Streamline","Go for the Eyes"],"picked":"Defragment","floor":21}],"player_experience":519040,"relics_obtained":[{"floor":6,"key":"Smiling Mask"},{"floor":8,"key":"Centennial Puzzle"},{"floor":9,"key":"Bronze Scales"},{"floor":12,"key":"Orichalcum"}],"event_choices":[{"damage_healed":25,"gold_gain":0,"player_choice":"Banana","damage_taken":0,"max_hp_gain":0,"max_hp_loss":0,"event_name":"Big Fish","floor":2,"gold_loss":0},{"damage_healed":0,"gold_gain":0,"player_choice":"Ignored","damage_taken":0,"max_hp_gain":0,"max_hp_loss":0,"event_name":"Liars Game","floor":4,"gold_loss":0},{"cards_removed":["Strike_B"],"damage_healed":0,"gold_gain":0,"player_choice":"Forget","damage_taken":0,"max_hp_gain":0,"max_hp_loss":0,"event_name":"Living Wall","floor":5,"gold_loss":0}],"is_beta":false,"boss_relics":[{"not_picked":["Runic Dome","Inserter"],"picked":"Black Star"}],"items_purged_floors":[3,10,20],"is_endless":false,"potions_floor_spawned":[1,6,16,21],"killed_by":"Snake Plant","ascension_level":5}