{"gold_per_floor":[116,135,60,60,74,74,105,105,105,105,122,122,158,108,108,108],"floor_reached":16,"playtime":492,"items_purged":["Strike_R"],"score":157,"play_id":"3b35d023-0124-4384-b926-5eb690e86ca2","local_time":"20181217203224","is_ascension_mode":true,"campfire_choices":[{"data":"Flame Barrier","floor":6,"key":"SMITH"},{"data":"Seeing Red","floor":8,"key":"SMITH"},{"data":"1","floor":10,"key":"LIFT"},{"data":"Flame Barrier","floor":15,"key":"SMITH"}],"neow_cost":"NONE","seed_source_timestamp":439882010954442,"circlet_count":0,"master_deck":["AscendersBane","Strike_R","Strike_R","Strike_R","Strike_R","Defend_R","Defend_R","Defend_R","Bash","Flame Barrier+1","Seeing Red+1","Flame Barrier+1"],"relics":["Burning Blood","Girya","Thread and Needle","Golden Idol","Odd Mushroom"],"potions_floor_usage":[7,13,16],"damage_taken":[{"damage":11,"enemies":"Cultist","floor":1,"turns":4},{"damage":3,"enemies":"Jaw Worm","floor":2,"turns":6},{"damage":1,"enemies":"2 Louse","floor":5,"turns":3},{"damage":27,"enemies":"Gremlin Nob","floor":7,"turns":5},{"damage":4,"enemies":"Large Slime","floor":11,"turns":9},{"damage":9,"enemies":"The Mushroom Lair","floor":13,"turns":4},{"damage":70,"enemies":"Slime Boss","floor":16,"turns":11}],"seed_played":"9000176643764168751","potions_obtained":[{"floor":2,"key":"Strength Potion"},{"floor":7,"key":"PowerPotion"},{"floor":13,"key":"Swift Potion"}],"is_trial":false,"path_per_floor":["M","M","$","?","M","R","E","R","T","R","M","?","?","?","R","B"],"character_chosen":"IRONCLAD","items_purchased":[],"campfire_rested":0,"item_purchase_floors":[],"current_hp_per_floor":[67,70,70,75,80,80,59,59,59,59,61,61,58,58,58,0],"gold":108,"neow_bonus":"THREE_CARDS","is_prod":false,"is_daily":false,"chose_seed":false,"campfire_upgraded":3,"win_rate":0,"timestamp":1545049944,"path_taken":["M","?","$","?","M","R","E","R","T","R","M","?","?","?","R","BOSS"],"build_version":"2018-12-13","purchased_purges":1,"victory":false,"max_hp_per_floor":[80,80,80,85,85,85,85,85,85,85,85,79,79,79,79,79],"card_choices":[{"not_picked":["Thunderclap","Havoc"],"picked":"Flame Barrier","floor":1},{"not_picked":["Sever Soul","Body Slam","Flex"],"picked":"SKIP","floor":2},{"not_picked":["Body Slam","Intimidate","Warcry"],"picked":"SKIP","floor":5},{"not_picked":["Heavy Blade","Havoc"],"picked":"Seeing Red","floor":7},{"not_picked":["Clothesline","Perfected Strike","Dual Wield"],"picked":"SKIP","floor":11},{"not_picked":["Corruption","Disarm"],"picked":"Flame Barrier","floor":13}],"player_experience":586126,"relics_obtained":[{"floor":7,"key":"Girya"},{"floor":9,"key":"Thread and Needle"},{"floor":13,"key":"Odd Mushroom"}],"event_choices":[{"damage_healed":0,"gold_gain":0,"player_choice":"Donut","damage_taken":0,"max_hp_gain":5,"max_hp_loss":0,"event_name":"Big Fish","floor":4,"gold_loss":0},{"damage_healed":0,"gold_gain":0,"player_choice":"Lose Max HP","damage_taken":0,"relics_obtained":["Golden Idol"],"max_hp_gain":0,"max_hp_loss":6,"event_name":"Golden Idol","floor":12,"gold_loss":0},{"damage_healed":0,"gold_gain":0,"player_choice":"Fought Mushrooms","damage_taken":0,"max_hp_gain":0,"max_hp_loss":0,"event_name":"Mushrooms","floor":13,"gold_loss":0},{"cards_removed":["Defend_R"],"damage_healed":0,"gold_gain":0,"player_choice":"Card Removal","damage_taken":0,"max_hp_gain":0,"max_hp_loss":0,"event_name":"The Cleric","floor":14,"gold_loss":50}],"is_beta":false,"boss_relics":[],"items_purged_floors":[3],"is_endless":false,"potions_floor_spawned":[2,7,13],"killed_by":"Slime Boss","ascension_level":12}