{"gold_per_floor":[118,193,293,310,329,329,363,380,406,406,143,143,206,156,156,260,260,271,284,284,304,37,37,63,63,86,102,102,202,218,42,42,147,147,161,213,213,227,227,227,66,98,123,123,141,78,91,102,102,102],"floor_reached":51,"playtime":3384,"items_purged":["Strike_B","Strike_B","Decay"],"score":860,"play_id":"3f81c4c2-a73c-462a-adbb-9d2bab462c16","local_time":"20190531225204","is_ascension_mode":true,"campfire_choices":[{"data":"Sunder","floor":6,"key":"SMITH"},{"data":"Static Discharge","floor":10,"key":"SMITH"},{"data":"Apotheosis","floor":12,"key":"SMITH"},{"data":"Capacitor","floor":15,"key":"SMITH"},{"floor":23,"key":"REST"},{"floor":25,"key":"REST"},{"floor":32,"key":"REST"},{"floor":40,"key":"REST"},{"floor":44,"key":"REST"},{"floor":49,"key":"REST"}],"neow_cost":"NONE","seed_source_timestamp":1142391805919886,"circlet_count":0,"master_deck":["Strike_B+1","Defend_B+1","Defend_B","Defend_B","Zap","Dualcast","Static Discharge+1","Chill","Cold Snap+1","Sunder+1","Rip and Tear","Apotheosis+1","Capacitor+1","Biased Cognition","RitualDagger","Go for the Eyes","Leap","Leap","Defragment","Panacea","Glacier+1","Defragment","Hologram+1","Leap+1","Glacier+1","Turbo"],"relics":["Cracked Core","Ancient Tea Set","Whetstone","Pen Nib","Busted Crown","Membership Card","Blue Candle","Centennial Puzzle","Prayer Wheel","Bottled Flame","Runic Pyramid","Emotion Chip","DollysMirror","DataDisk","War Paint"],"potions_floor_usage":[13,19,24,27,33,36,36,42,42,42,50,50,50],"damage_taken":[{"damage":0,"enemies":"Small Slimes","floor":1,"turns":2},{"damage":1,"enemies":"2 Louse","floor":4,"turns":2},{"damage":0,"enemies":"Cultist","floor":5,"turns":4},{"damage":12,"enemies":"3 Sentries","floor":7,"turns":7},{"damage":1,"enemies":"2 Fungi Beasts","floor":8,"turns":3},{"damage":0,"enemies":"3 Sentries","floor":13,"turns":2},{"damage":9,"enemies":"The Guardian","floor":16,"turns":9},{"damage":0,"enemies":"Spheric Guardian","floor":18,"turns":3},{"damage":21,"enemies":"3 Byrds","floor":19,"turns":4},{"damage":0,"enemies":"Cultist and Chosen","floor":21,"turns":6},{"damage":32,"enemies":"Slavers","floor":24,"turns":4},{"damage":0,"enemies":"Snecko","floor":27,"turns":3},{"damage":9,"enemies":"Colosseum Slavers","floor":29,"turns":3},{"damage":7,"enemies":"Colosseum Nobs","floor":29,"turns":5},{"damage":14,"enemies":"Snake Plant","floor":30,"turns":5},{"damage":10,"enemies":"Champ","floor":33,"turns":8},{"damage":16,"enemies":"Orb Walker","floor":35,"turns":4},{"damage":33,"enemies":"2 Orb Walkers","floor":36,"turns":4},{"damage":2,"enemies":"3 Shapes","floor":38,"turns":5},{"damage":22,"enemies":"Reptomancer","floor":42,"turns":8},{"damage":0,"enemies":"Spire Growth","floor":45,"turns":6},{"damage":0,"enemies":"3 Darklings","floor":47,"turns":8},{"damage":0,"enemies":"Sphere and 2 Shapes","floor":48,"turns":5},{"damage":5,"enemies":"Time Eater","floor":50,"turns":12}],"seed_played":"3299037986866153253","potions_obtained":[{"floor":1,"key":"Ancient Potion"},{"floor":5,"key":"Weak Potion"},{"floor":8,"key":"AttackPotion"},{"floor":13,"key":"Explosive Potion"},{"floor":29,"key":"GamblersBrew"},{"floor":30,"key":"Swift Potion"},{"floor":33,"key":"PowerPotion"},{"floor":38,"key":"Regen Potion"},{"floor":47,"key":"FearPotion"}],"is_trial":false,"path_per_floor":["M","?","?","M","M","R","E","M","T","R","$","R","?","?","R","B",null,"M","M","?","M","$","R","E","R","T","M","?","?","M","$","R","B",null,"M","?","?","M","?","R","$","E","T","R","M","$","M","M","R","B",null],"character_chosen":"DEFECT","items_purchased":["Apotheosis","Membership Card","Go for the Eyes","Defragment","Panacea","Weak Potion","Leap","DollysMirror","FocusPotion","LiquidBronze","PowerPotion"],"campfire_rested":6,"item_purchase_floors":[11,22,22,31,31,31,41,41,41,46,46],"current_hp_per_floor":[75,64,64,63,63,63,51,50,50,50,50,50,50,50,50,41,67,67,46,40,40,40,62,30,52,52,52,52,36,22,22,44,34,65,49,16,16,14,14,36,36,29,29,51,51,51,51,51,73,68],"gold":102,"neow_bonus":"TRANSFORM_CARD","is_prod":false,"is_daily":false,"chose_seed":false,"campfire_upgraded":4,"win_rate":0,"timestamp":1559357524,"path_taken":["M","?","?","M","?","R","E","M","T","R","$","R","?","?","R","BOSS","M","M","?","M","$","R","E","R","T","M","?","?","M","$","R","BOSS","M","?","?","M","?","R","?","E","T","R","?","$","M","M","R","BOSS"],"build_version":"2019-01-23","purchased_purges":3,"victory":true,"max_hp_per_floor":[75,75,75,75,75,75,75,75,75,75,75,75,75,75,75,75,75,75,75,75,75,75,75,75,75,75,75,75,75,75,75,75,75,75,75,75,75,75,75,75,75,75,75,75,75,75,75,75,75,75],"card_choices":[{"not_picked":["Sweeping Beam","Beam Cell"],"picked":"Chill","floor":1},{"not_picked":["Auto Shields","Darkness"],"picked":"Cold Snap","floor":4},{"not_picked":["Tempest","Go for the Eyes"],"picked":"Sunder","floor":5},{"not_picked":["Sweeping Beam","BootSequence"],"picked":"Rip and Tear","floor":7},{"not_picked":["Sweeping Beam","Barrage","Meteor Strike"],"picked":"SKIP","floor":8},{"not_picked":["Melter","Steam"],"picked":"Capacitor","floor":13},{"not_picked":["Core Surge","Thunder Strike"],"picked":"Biased Cognition","floor":16},{"not_picked":[],"picked":"Loop","floor":18},{"not_picked":["Rip and Tear"],"picked":"SKIP","floor":19},{"not_picked":["Leap+1"],"picked":"SKIP","floor":21},{"not_picked":[],"picked":"Leap","floor":24},{"not_picked":["Fusion"],"picked":"SKIP","floor":27},{"not_picked":[],"picked":"Leap","floor":29},{"not_picked":["Beam Cell"],"picked":"SKIP","floor":30},{"not_picked":["Tempest+1"],"picked":"SKIP","floor":30},{"not_picked":[],"picked":"Glacier+1","floor":35},{"not_picked":["Undo+1"],"picked":"SKIP","floor":35},{"not_picked":[],"picked":"Defragment","floor":36},{"not_picked":[],"picked":"Hologram+1","floor":38},{"not_picked":["Go for the Eyes"],"picked":"SKIP","floor":38},{"not_picked":["All For One"],"picked":"SKIP","floor":42},{"not_picked":["Sweeping Beam"],"picked":"SKIP","floor":45},{"not_picked":["Beam Cell+1"],"picked":"SKIP","floor":45},{"not_picked":["Skim+1"],"picked":"SKIP","floor":47},{"not_picked":["Beam Cell"],"picked":"SKIP","floor":47},{"not_picked":[],"picked":"Turbo","floor":48},{"not_picked":["Consume"],"picked":"SKIP","floor":48}],"player_experience":673348,"relics_obtained":[{"floor":7,"key":"Ancient Tea Set"},{"floor":9,"key":"Whetstone"},{"floor":24,"key":"Blue Candle"},{"floor":26,"key":"Centennial Puzzle"},{"floor":29,"key":"Prayer Wheel"},{"floor":29,"key":"Bottled Flame"},{"floor":36,"key":"Emotion Chip"},{"floor":42,"key":"DataDisk"},{"floor":43,"key":"War Paint"}],"event_choices":[{"damage_healed":0,"gold_gain":75,"player_choice":"Gather Gold","damage_taken":11,"max_hp_gain":0,"max_hp_loss":0,"event_name":"World of Goop","floor":2,"gold_loss":0},{"damage_healed":0,"gold_gain":100,"player_choice":"Gold","damage_taken":0,"max_hp_gain":0,"max_hp_loss":0,"event_name":"Wheel of Change","floor":3,"gold_loss":0},{"damage_healed":0,"gold_gain":0,"player_choice":"Searched \u00272\u0027 times","damage_taken":0,"relics_obtained":["Pen Nib"],"max_hp_gain":0,"max_hp_loss":0,"event_name":"Dead Adventurer","floor":13,"gold_loss":0},{"cards_removed":["Defend_B"],"damage_healed":0,"gold_gain":0,"player_choice":"Card Removal","damage_taken":0,"max_hp_gain":0,"max_hp_loss":0,"event_name":"The Cleric","floor":14,"gold_loss":50},{"damage_healed":0,"gold_gain":0,"player_choice":"Joined the Cult","damage_taken":6,"max_hp_gain":0,"max_hp_loss":0,"event_name":"Nest","floor":20,"gold_loss":0,"cards_obtained":["RitualDagger"]},{"damage_healed":0,"gold_gain":0,"player_choice":"Smashed Altar","damage_taken":0,"max_hp_gain":0,"max_hp_loss":0,"event_name":"Forgotten Altar","floor":28,"gold_loss":0,"cards_obtained":["Decay"]},{"damage_healed":0,"gold_gain":0,"player_choice":"Fight","damage_taken":0,"max_hp_gain":0,"max_hp_loss":0,"event_name":"Colosseum","floor":29,"gold_loss":0},{"damage_healed":0,"gold_gain":0,"player_choice":"Fought Nobs","damage_taken":0,"max_hp_gain":0,"max_hp_loss":0,"event_name":"Colosseum","floor":29,"gold_loss":0},{"damage_healed":0,"gold_gain":0,"player_choice":"Fight","damage_taken":0,"max_hp_gain":0,"max_hp_loss":0,"event_name":"Mysterious Sphere","floor":36,"gold_loss":0},{"damage_healed":0,"gold_gain":0,"player_choice":"Ignored","damage_taken":0,"max_hp_gain":0,"max_hp_loss":0,"event_name":"Tomb of Lord Red Mask","floor":37,"gold_loss":0},{"cards_removed":["Loop"],"damage_healed":0,"gold_gain":0,"player_choice":"Removed Power","damage_taken":0,"max_hp_gain":0,"max_hp_loss":0,"event_name":"Falling","floor":39,"gold_loss":0}],"is_beta":false,"boss_relics":[{"not_picked":["Nuclear Battery","Coffee Dripper"],"picked":"Busted Crown"},{"not_picked":["Calling Bell","Eternal Feather"],"picked":"Runic Pyramid"}],"items_purged_floors":[11,22,31],"is_endless":false,"potions_floor_spawned":[1,5,8,13,18,29,30,33,38,47,48],"ascension_level":5}