{"gold_per_floor":[112,37,48,48,68,68,99,99,177,177,187,187,204,214,214,310,310,326,401,415,431,32,32,58,58,103,118,136,136,154,29,29,128,128,145,160,160,160],"floor_reached":38,"playtime":1980,"items_purged":["Strike_G","Strike_G","Strike_G"],"score":593,"play_id":"5e399417-3d1d-4bd5-a9d3-b528d87abbb4","local_time":"20190608120026","is_ascension_mode":true,"campfire_choices":[{"data":"Flying Knee","floor":6,"key":"SMITH"},{"data":"Crippling Poison","floor":10,"key":"SMITH"},{"data":"Terror","floor":12,"key":"SMITH"},{"data":"Neutralize","floor":15,"key":"SMITH"},{"data":"Envenom","floor":23,"key":"SMITH"},{"data":"Neutralize","floor":25,"key":"SMITH"},{"data":"Finisher","floor":29,"key":"SMITH"},{"floor":32,"key":"REST"}],"neow_cost":"TEN_PERCENT_HP_LOSS","seed_source_timestamp":64597576141440,"circlet_count":0,"master_deck":["Defend_G","Defend_G","Defend_G","Defend_G","Strike_G+1","Survivor","Neutralize+1","Poisoned Stab+1","Deflect","Flying Knee+1","Crippling Poison+1","Slice","Neutralize+1","Unload","Terror+1","Heel Hook","Envenom+1","Finisher+1","Quick Slash+1","Flying Knee+1","Heel Hook+1","Catalyst+1","Poisoned Stab+1","Night Terror"],"relics":["Ring of the Serpent","Vajra","Pear","Incense Burner","Strawberry","Whetstone","Cursed Key"],"potions_floor_usage":[7,20,24,28,33,33],"damage_taken":[{"damage":0,"enemies":"Small Slimes","floor":1,"turns":5},{"damage":0,"enemies":"2 Louse","floor":3,"turns":2},{"damage":0,"enemies":"Cultist","floor":5,"turns":4},{"damage":10,"enemies":"Gremlin Nob","floor":7,"turns":3},{"damage":4,"enemies":"Exordium Thugs","floor":11,"turns":4},{"damage":3,"enemies":"Lots of Slimes","floor":13,"turns":2},{"damage":8,"enemies":"Large Slime","floor":14,"turns":4},{"damage":0,"enemies":"Slime Boss","floor":16,"turns":7},{"damage":0,"enemies":"3 Byrds","floor":18,"turns":3},{"damage":9,"enemies":"2 Thieves","floor":20,"turns":4},{"damage":0,"enemies":"Snecko","floor":21,"turns":3},{"damage":30,"enemies":"Book of Stabbing","floor":24,"turns":5},{"damage":10,"enemies":"Centurion and Healer","floor":27,"turns":4},{"damage":16,"enemies":"Shelled Parasite and Fungi","floor":28,"turns":5},{"damage":0,"enemies":"Snecko","floor":30,"turns":2},{"damage":13,"enemies":"Champ","floor":33,"turns":6},{"damage":18,"enemies":"3 Darklings","floor":35,"turns":4},{"damage":4,"enemies":"Orb Walker","floor":36,"turns":2},{"damage":71,"enemies":"Donu and Deca","floor":38,"turns":4}],"seed_played":"3253790751089178027","potions_obtained":[{"floor":3,"key":"Fire Potion"},{"floor":7,"key":"Block Potion"},{"floor":14,"key":"SpeedPotion"},{"floor":21,"key":"GamblersBrew"},{"floor":24,"key":"Poison Potion"},{"floor":27,"key":"Ancient Potion"},{"floor":28,"key":"Strength Potion"}],"is_trial":false,"path_per_floor":["M","$","M","?","M","R","E","?","T","R","M","R","M","M","R","B",null,"M","?","M","M","$","R","E","R","T","M","M","R","M","$","R","B",null,"M","M","?","B"],"character_chosen":"THE_SILENT","items_purchased":["Incense Burner"],"campfire_rested":1,"item_purchase_floors":[22],"current_hp_per_floor":[63,63,63,68,68,68,58,58,68,68,64,64,61,53,53,53,78,78,71,62,62,62,62,39,39,39,29,13,13,13,13,38,25,85,67,63,63,0],"gold":160,"neow_bonus":"REMOVE_TWO","is_prod":false,"is_daily":false,"chose_seed":false,"campfire_upgraded":7,"win_rate":0,"timestamp":1559966426,"path_taken":["M","$","M","?","M","R","E","?","T","R","M","R","?","M","R","BOSS","M","?","M","M","?","R","E","R","T","M","M","R","?","$","R","BOSS","M","M","?","BOSS"],"build_version":"2019-01-23","purchased_purges":3,"victory":false,"max_hp_per_floor":[63,63,63,68,68,68,68,68,78,78,78,78,78,78,78,78,78,78,78,78,78,78,78,85,85,85,85,85,85,85,85,85,85,85,85,85,85,85],"card_choices":[{"not_picked":["Bane","Blade Dance"],"picked":"Poisoned Stab","floor":1},{"not_picked":["Blade Dance","Eviscerate"],"picked":"Deflect","floor":3},{"not_picked":["Slice","Dagger Spray"],"picked":"Flying Knee","floor":5},{"not_picked":["Blade Dance","Terror"],"picked":"Crippling Poison","floor":7},{"not_picked":["Deadly Poison","Bullet Time"],"picked":"Terror","floor":11},{"not_picked":["Eviscerate","Dodge and Roll","Finisher"],"picked":"SKIP","floor":13},{"not_picked":["Dagger Spray","Blade Dance"],"picked":"Heel Hook","floor":14},{"not_picked":["Bullet Time","Burst"],"picked":"Envenom","floor":16},{"not_picked":["Reflex","Poisoned Stab"],"picked":"Finisher","floor":18},{"not_picked":["Flying Knee","Prepared"],"picked":"Quick Slash+1","floor":20},{"not_picked":["Quick Slash+1","Dagger Throw"],"picked":"Flying Knee+1","floor":21},{"not_picked":["Eviscerate","Blur","Dash"],"picked":"SKIP","floor":24},{"not_picked":["Underhanded Strike+1","Bane+1"],"picked":"Heel Hook+1","floor":27},{"not_picked":["Infinite Blades","Dagger Throw"],"picked":"Catalyst+1","floor":28},{"not_picked":["Glass Knife","Backflip"],"picked":"Poisoned Stab+1","floor":30},{"not_picked":["Unload","Venomology"],"picked":"Night Terror","floor":33},{"not_picked":["Flying Knee","Dagger Spray+1","Dodge and Roll"],"picked":"SKIP","floor":35},{"not_picked":["Bane","Poisoned Stab","Deflect"],"picked":"SKIP","floor":36}],"player_experience":682241,"relics_obtained":[{"floor":7,"key":"Vajra"},{"floor":9,"key":"Pear"},{"floor":24,"key":"Strawberry"},{"floor":26,"key":"Whetstone"}],"event_choices":[{"damage_healed":0,"gold_gain":0,"player_choice":"Donut","damage_taken":0,"max_hp_gain":5,"max_hp_loss":0,"event_name":"Big Fish","floor":4,"gold_loss":0},{"damage_healed":0,"gold_gain":0,"player_choice":"3 cards matched","damage_taken":0,"max_hp_gain":0,"max_hp_loss":0,"event_name":"Match and Keep!","floor":8,"gold_loss":0,"cards_obtained":["Slice","Neutralize","Unload"]},{"damage_healed":0,"gold_gain":75,"player_choice":"Touch","damage_taken":7,"max_hp_gain":0,"max_hp_loss":0,"event_name":"FaceTrader","floor":19,"gold_loss":0},{"damage_healed":0,"gold_gain":0,"player_choice":"Took Portal","damage_taken":0,"max_hp_gain":0,"max_hp_loss":0,"event_name":"SecretPortal","floor":37,"gold_loss":0}],"is_beta":false,"boss_relics":[{"not_picked":["Runic Dome","Snecko Eye"],"picked":"Ring of the Serpent"},{"not_picked":["White Beast Statue","Runic Pyramid"],"picked":"Cursed Key"}],"items_purged_floors":[2,22,31],"is_endless":false,"potions_floor_spawned":[3,7,14,21,24,27,28],"killed_by":"Donu and Deca","ascension_level":4}