{"gold_per_floor":[110,110,129,129,129,163,163,188,188,252,265,282,31,31,31,135,135,153,29,29,39,54,84,84,95,95,126,159,178,198,214,214,318,318,336,356,410,410,423,453,467,467,492,504,53,53,79,97,97,97],"floor_reached":51,"playtime":2922,"items_purged":[],"score":1020,"play_id":"ba3f0938-424a-49ba-93f3-ad22a772348f","local_time":"20190614154153","is_ascension_mode":true,"campfire_choices":[{"floor":7,"key":"REST"},{"floor":15,"key":"REST"},{"floor":24,"key":"REST"},{"floor":32,"key":"REST"},{"floor":42,"key":"REST"},{"floor":49,"key":"REST"}],"neow_cost":"NONE","seed_source_timestamp":26077659501431,"circlet_count":0,"master_deck":["Defend_G","Defend_G","Defend_G","Defend_G","Defend_G","Strike_G","Strike_G","Strike_G","Strike_G","Survivor","Neutralize","Slice","Infinite Blades+1","Backflip","Slice+1","Crippling Poison","Backstab+1","Dash+1","Deadly Poison","Cloak And Dagger+1","Flash of Steel+1","Parasite","After Image+1","After Image+1","Blade Dance","Accuracy+1","Prepared+1","After Image+1","Cloak And Dagger","Adrenaline","Calculated Gamble","Slice+1","Cloak And Dagger","Mind Blast+1","Finesse","Parasite","Blade Dance+1","Envenom+1","Decay","Backflip+1"],"relics":["Ring of the Snake","NeowsBlessing","Molten Egg 2","Ninja Scroll","Frozen Egg 2","Tiny Chest","Regal Pillow","Fusion Hammer","Question Card","Prayer Wheel","Red Mask","Strawberry","Runic Dome","Tough Bandages","Bottled Tornado","Centennial Puzzle","Kunai","TwistedFunnel","Happy Flower"],"potions_floor_usage":[8,10,16,22,33,37,50,50,50],"damage_taken":[{"damage":0,"enemies":"2 Louse","floor":1,"turns":1},{"damage":0,"enemies":"Cultist","floor":3,"turns":1},{"damage":0,"enemies":"Small Slimes","floor":5,"turns":1},{"damage":24,"enemies":"3 Sentries","floor":6,"turns":12},{"damage":26,"enemies":"Gremlin Nob","floor":8,"turns":5},{"damage":12,"enemies":"Lagavulin","floor":10,"turns":7},{"damage":0,"enemies":"Blue Slaver","floor":11,"turns":2},{"damage":11,"enemies":"Exordium Thugs","floor":12,"turns":3},{"damage":27,"enemies":"Hexaghost","floor":16,"turns":10},{"damage":0,"enemies":"Chosen","floor":18,"turns":4},{"damage":0,"enemies":"3 Byrds","floor":21,"turns":5},{"damage":0,"enemies":"3 Cultists","floor":22,"turns":4},{"damage":16,"enemies":"Slavers","floor":23,"turns":7},{"damage":0,"enemies":"Snake Plant","floor":25,"turns":4},{"damage":0,"enemies":"Masked Bandits","floor":27,"turns":4},{"damage":0,"enemies":"Book of Stabbing","floor":28,"turns":5},{"damage":0,"enemies":"Centurion and Healer","floor":29,"turns":6},{"damage":3,"enemies":"Snecko","floor":30,"turns":5},{"damage":0,"enemies":"3 Cultists","floor":31,"turns":5},{"damage":19,"enemies":"Collector","floor":33,"turns":11},{"damage":6,"enemies":"3 Shapes","floor":35,"turns":4},{"damage":0,"enemies":"Orb Walker","floor":36,"turns":3},{"damage":5,"enemies":"2 Orb Walkers","floor":37,"turns":6},{"damage":16,"enemies":"Writhing Mass","floor":39,"turns":7},{"damage":11,"enemies":"Giant Head","floor":40,"turns":8},{"damage":0,"enemies":"Sphere and 2 Shapes","floor":41,"turns":6},{"damage":0,"enemies":"Jaw Worm Horde","floor":44,"turns":3},{"damage":9,"enemies":"Nemesis","floor":47,"turns":5},{"damage":0,"enemies":"4 Shapes","floor":48,"turns":4},{"damage":7,"enemies":"Awakened One","floor":50,"turns":13}],"seed_played":"-6436189148464776332","potions_obtained":[{"floor":1,"key":"Swift Potion"},{"floor":8,"key":"Dexterity Potion"},{"floor":10,"key":"Block Potion"},{"floor":18,"key":"Poison Potion"},{"floor":22,"key":"Dexterity Potion"},{"floor":27,"key":"SteroidPotion"},{"floor":28,"key":"Explosive Potion"},{"floor":36,"key":"Weak Potion"},{"floor":37,"key":"EssenceOfSteel"}],"is_trial":false,"path_per_floor":["M","?","M","?","M","E","R","E","T","E","M","M","$","?","R","B",null,"M","$","?","M","M","E","R","M","T","?","E","M","M","M","R","B",null,"M","M","?","?","M","E","M","R","T","M","$","?","E","M","R","B",null],"character_chosen":"THE_SILENT","items_purchased":["Cloak And Dagger","Flash of Steel+1","Regal Pillow","After Image+1","Blade Dance","Kunai","TwistedFunnel"],"campfire_rested":6,"item_purchase_floors":[13,13,13,19,19,45,45],"current_hp_per_floor":[63,63,63,63,63,39,60,34,34,22,22,11,11,28,64,37,62,62,62,62,62,62,46,70,70,70,70,77,77,74,74,77,58,72,66,66,61,51,35,24,24,62,62,62,62,62,53,53,77,70],"gold":97,"neow_bonus":"THREE_ENEMY_KILL","is_prod":false,"is_daily":false,"chose_seed":false,"campfire_upgraded":0,"win_rate":0,"timestamp":1560494513,"path_taken":["M","?","?","?","M","E","R","E","T","E","M","M","$","?","R","BOSS","M","$","?","M","M","E","R","?","T","?","E","M","M","M","R","BOSS","M","M","?","?","M","E","M","R","T","M","$","?","E","?","R","BOSS"],"build_version":"2019-01-23","purchased_purges":0,"victory":true,"max_hp_per_floor":[70,70,70,70,70,70,70,70,70,70,70,70,70,70,70,70,70,70,70,70,70,70,70,70,70,70,70,77,77,77,77,77,77,77,77,77,77,77,77,77,77,77,77,77,77,77,77,77,77,77],"card_choices":[{"not_picked":["All Out Attack","Acrobatics"],"picked":"Slice","floor":1},{"not_picked":["Terror","Dagger Spray"],"picked":"Infinite Blades","floor":3},{"not_picked":["Riddle With Holes","Acrobatics"],"picked":"Backflip","floor":5},{"not_picked":["Expertise","Leg Sweep"],"picked":"Slice","floor":6},{"not_picked":["Grand Finale+1","Prepared"],"picked":"Crippling Poison","floor":8},{"not_picked":["Eviscerate+1","Acrobatics"],"picked":"Backstab+1","floor":10},{"not_picked":["Dagger Spray+1","Calculated Gamble"],"picked":"Dash+1","floor":11},{"not_picked":["Leg Sweep","Dagger Spray+1"],"picked":"Deadly Poison","floor":12},{"not_picked":["Phantasmal Killer","Malaise"],"picked":"After Image+1","floor":16},{"not_picked":["PiercingWail","Acrobatics","Flechettes+1"],"picked":"SKIP","floor":18},{"not_picked":["Outmaneuver+1","Deadly Poison"],"picked":"Accuracy+1","floor":21},{"not_picked":["Dodge and Roll","All Out Attack+1","Quick Slash+1"],"picked":"SKIP","floor":22},{"not_picked":["All Out Attack+1","Deadly Poison","Doppelganger"],"picked":"SKIP","floor":23},{"not_picked":["Dagger Throw+1","Bane+1","Underhanded Strike+1","PiercingWail"],"picked":"SKIP","floor":25},{"not_picked":["Distraction","Riddle With Holes+1","Concentrate"],"picked":"Prepared+1","floor":27},{"not_picked":["Flying Knee+1","Tactician","Poisoned Stab+1"],"picked":"After Image+1","floor":28},{"not_picked":["Blade Dance","Backstab+1","Deadly Poison+1"],"picked":"Cloak And Dagger","floor":29},{"not_picked":["Leg Sweep","Reflex","Dagger Spray+1","Concentrate"],"picked":"SKIP","floor":29},{"not_picked":["Slice+1","Tactician","Dagger Throw+1"],"picked":"Adrenaline","floor":30},{"not_picked":["Bane+1","PiercingWail","Flechettes+1","Dodge and Roll"],"picked":"SKIP","floor":30},{"not_picked":["Prepared","Venomology","Terror+1"],"picked":"Calculated Gamble","floor":31},{"not_picked":["Backflip","Quick Slash+1","Deflect"],"picked":"Slice+1","floor":31},{"not_picked":["Slice+1","Riddle With Holes+1","Dagger Spray+1"],"picked":"Cloak And Dagger","floor":35},{"not_picked":["Acrobatics","Footwork+1","Sucker Punch+1","Quick Slash+1"],"picked":"SKIP","floor":35},{"not_picked":["Backflip","Slice+1","Outmaneuver","Blur+1"],"picked":"SKIP","floor":36},{"not_picked":["Skewer+1","Crippling Poison+1","Acrobatics","Eviscerate+1"],"picked":"SKIP","floor":36},{"not_picked":["PanicButton","Trip","Enlightenment"],"picked":"Mind Blast+1","floor":38},{"not_picked":["PanicButton","Jack Of All Trades","HandOfGreed+1"],"picked":"Finesse","floor":38},{"not_picked":["Bane+1","Acrobatics+1","Quick Slash+1"],"picked":"Blade Dance+1","floor":39},{"not_picked":["Leg Sweep+1","Deflect+1","Finisher+1","PiercingWail"],"picked":"SKIP","floor":39},{"not_picked":["Acrobatics+1","Dagger Spray+1","Sucker Punch+1","Flying Knee+1"],"picked":"SKIP","floor":40},{"not_picked":["Deadly Poison+1","PiercingWail+1","Underhanded Strike+1"],"picked":"Envenom+1","floor":41},{"not_picked":["Flying Knee+1","Backflip","Underhanded Strike+1","Bullet Time"],"picked":"SKIP","floor":41},{"not_picked":["PiercingWail+1","Sucker Punch+1","Backstab+1","Outmaneuver+1"],"picked":"SKIP","floor":44},{"not_picked":["Bouncing Flask+1","Acrobatics","Masterful Stab+1","Sucker Punch+1"],"picked":"SKIP","floor":44},{"not_picked":["Eviscerate+1","Slice+1","Dagger Throw+1","Quick Slash+1"],"picked":"SKIP","floor":47},{"not_picked":["PiercingWail+1","Distraction+1","Well Laid Plans+1"],"picked":"Backflip+1","floor":48},{"not_picked":["Slice+1","Well Laid Plans+1","Leg Sweep","Prepared+1"],"picked":"SKIP","floor":48}],"player_experience":426240,"relics_obtained":[{"floor":6,"key":"Molten Egg 2"},{"floor":8,"key":"Ninja Scroll"},{"floor":9,"key":"Frozen Egg 2"},{"floor":10,"key":"Tiny Chest"},{"floor":23,"key":"Question Card"},{"floor":26,"key":"Prayer Wheel"},{"floor":27,"key":"Red Mask"},{"floor":28,"key":"Strawberry"},{"floor":37,"key":"Tough Bandages"},{"floor":40,"key":"Bottled Tornado"},{"floor":43,"key":"Centennial Puzzle"},{"floor":47,"key":"Happy Flower"}],"event_choices":[{"cards_removed":["Strike_G"],"damage_healed":0,"gold_gain":0,"player_choice":"Purged","damage_taken":0,"max_hp_gain":0,"max_hp_loss":0,"event_name":"Purifier","floor":2,"gold_loss":0},{"damage_healed":0,"gold_gain":0,"player_choice":"Grow","damage_taken":0,"max_hp_gain":0,"max_hp_loss":0,"event_name":"Living Wall","floor":4,"gold_loss":0,"cards_upgraded":["Infinite Blades"]},{"damage_healed":17,"gold_gain":0,"player_choice":"Healed and dodged fight","damage_taken":0,"max_hp_gain":0,"max_hp_loss":0,"event_name":"Mushrooms","floor":14,"gold_loss":0,"cards_obtained":["Parasite"]},{"damage_healed":0,"gold_gain":0,"player_choice":"Upgraded","damage_taken":0,"max_hp_gain":0,"max_hp_loss":0,"event_name":"Upgrade Shrine","floor":20,"gold_loss":0,"cards_upgraded":["Cloak And Dagger"]},{"damage_healed":0,"gold_gain":0,"player_choice":"Fought Bandits","damage_taken":0,"max_hp_gain":0,"max_hp_loss":0,"event_name":"Masked Bandits","floor":27,"gold_loss":0},{"damage_healed":0,"gold_gain":0,"player_choice":"Fight","damage_taken":0,"max_hp_gain":0,"max_hp_loss":0,"event_name":"Mysterious Sphere","floor":37,"gold_loss":0},{"damage_healed":0,"gold_gain":0,"player_choice":"Memory 3","damage_taken":10,"max_hp_gain":0,"max_hp_loss":0,"event_name":"SensoryStone","floor":38,"gold_loss":0},{"damage_healed":0,"gold_gain":0,"player_choice":"Cursed","damage_taken":0,"max_hp_gain":0,"max_hp_loss":0,"event_name":"Wheel of Change","floor":46,"gold_loss":0,"cards_obtained":["Decay"]}],"is_beta":false,"boss_relics":[{"not_picked":["Ring of the Serpent","Orrery"],"picked":"Fusion Hammer"},{"not_picked":["Empty Cage","Philosopher\u0027s Stone"],"picked":"Runic Dome"}],"items_purged_floors":[],"is_endless":false,"potions_floor_spawned":[1,8,10,18,22,27,28,31,36,37,48],"ascension_level":6}