{"gold_per_floor":[111,36,36,36,52,52,63,74,74,87,87,104,119,19,19,19],"floor_reached":16,"playtime":1257,"items_purged":["Strike_R","True Grit"],"score":94,"play_id":"47bc964c-aea4-45c3-b5ce-031e47b19ac1","local_time":"20180721164109","is_ascension_mode":false,"campfire_choices":[{"data":"Strike_R","floor":6,"key":"PURGE"},{"data":"Defend_R","floor":15,"key":"PURGE"}],"neow_cost":"","seed_source_timestamp":76657551469049,"circlet_count":0,"master_deck":["Strike_R","Defend_R","Defend_R","Defend_R","Bash","Iron Wave"],"relics":["Burning Blood","Peace Pipe","Bird Faced Urn"],"potions_floor_usage":[16,16,16],"damage_taken":[{"damage":0,"enemies":"Small Slimes","floor":1,"turns":3},{"damage":6,"enemies":"Jaw Worm","floor":5,"turns":6},{"damage":18,"enemies":"Cultist","floor":7,"turns":6},{"damage":31,"enemies":"Lots of Slimes","floor":8,"turns":9},{"damage":4,"enemies":"Blue Slaver","floor":10,"turns":8},{"damage":14,"enemies":"Exordium Thugs","floor":12,"turns":8},{"damage":11,"enemies":"Lots of Slimes","floor":13,"turns":8},{"damage":35,"enemies":"Hexaghost","floor":16,"turns":10}],"seed_played":"6301625692291602481","potions_obtained":[{"floor":1,"key":"EssenceOfSteel"},{"floor":7,"key":"Strength Potion"},{"floor":8,"key":"Poison Potion"}],"is_trial":false,"path_per_floor":["M","$","?","T","M","R","M","M","T","M","?","M","M","$","R"],"character_chosen":"IRONCLAD","items_purchased":[],"campfire_rested":0,"item_purchase_floors":[],"current_hp_per_floor":[80,80,80,80,80,80,68,43,43,45,45,37,32,32,32,0],"gold":19,"neow_bonus":"","is_prod":false,"is_daily":false,"chose_seed":false,"campfire_upgraded":0,"win_rate":0,"timestamp":1532162469,"path_taken":["M","$","?","?","M","R","M","M","T","M","?","M","?","$","R","BOSS"],"build_version":"2018-07-19v2","purchased_purges":2,"victory":false,"max_hp_per_floor":[80,80,80,80,80,80,80,80,80,80,80,80,80,80,80,80],"card_choices":[{"not_picked":["Evolve","Headbutt","Heavy Blade"],"picked":"SKIP","floor":1},{"not_picked":["Spot Weakness","Iron Wave","Sever Soul"],"picked":"SKIP","floor":5},{"not_picked":["Pommel Strike","Metallicize","Thunderclap"],"picked":"SKIP","floor":7},{"not_picked":["Whirlwind","Feel No Pain"],"picked":"Iron Wave","floor":8},{"not_picked":["Shockwave","Heavy Blade","Anger"],"picked":"SKIP","floor":10},{"not_picked":["Second Wind","Searing Blow","Spot Weakness"],"picked":"SKIP","floor":12},{"not_picked":["Cleave","Wild Strike","Iron Wave"],"picked":"SKIP","floor":13}],"player_experience":198906,"relics_obtained":[{"floor":4,"key":"Peace Pipe"},{"floor":9,"key":"Bird Faced Urn"}],"event_choices":[{"event_name":"Living Wall","player_choice":"Forget","floor":3,"damage_taken":0},{"event_name":"Transmorgrifier","player_choice":"Transform","floor":11,"damage_taken":0}],"is_beta":false,"boss_relics":[],"items_purged_floors":[2,14],"is_endless":false,"potions_floor_spawned":[1,7,8],"killed_by":"Hexaghost","ascension_level":0}