{"gold_per_floor":[117,192,41,59,234,265,111,146,223,223,243,243],"floor_reached":12,"playtime":515,"items_purged":["Strike_B","Strike_B"],"score":167,"play_id":"bb5c011c-3ad2-4217-8db4-5b74f8ad99c9","local_time":"20190613070247","is_ascension_mode":true,"campfire_choices":[{"data":"Scrape","floor":10,"key":"SMITH"}],"neow_cost":"NONE","seed_source_timestamp":220191031356100,"circlet_count":0,"master_deck":["AscendersBane","Strike_B","Strike_B","Defend_B","Defend_B","Defend_B","Defend_B","Zap","Dualcast","Streamline","Scrape+1","Gash","Doubt","All For One","Gash","Leap","Hologram"],"relics":["Cracked Core","NeowsBlessing","DataDisk","Ginger","Letter Opener"],"potions_floor_usage":[],"damage_taken":[{"damage":0,"enemies":"Small Slimes","floor":1,"turns":1},{"damage":0,"enemies":"2 Louse","floor":4,"turns":1},{"damage":0,"enemies":"3 Sentries","floor":6,"turns":1},{"damage":36,"enemies":"Lagavulin","floor":8,"turns":7},{"damage":12,"enemies":"Jaw Worm","floor":11,"turns":2},{"damage":9,"enemies":"Exordium Wildlife","floor":12,"turns":1}],"seed_played":"-9038187309146543977","potions_obtained":[{"floor":6,"key":"EssenceOfSteel"}],"is_trial":false,"path_per_floor":["M","?","$","M","?","E","$","E","T","R","M","M"],"character_chosen":"DEFECT","items_purchased":["Scrape","Gash"],"campfire_rested":0,"item_purchase_floors":[3,7],"current_hp_per_floor":[68,57,57,57,57,57,57,21,21,21,9,0],"gold":243,"neow_bonus":"THREE_ENEMY_KILL","is_prod":false,"is_daily":false,"chose_seed":false,"campfire_upgraded":1,"win_rate":0,"timestamp":1560402167,"path_taken":["M","?","$","M","?","E","$","E","T","R","M","M"],"build_version":"2019-01-23","purchased_purges":2,"victory":false,"max_hp_per_floor":[75,75,75,75,75,75,75,75,75,75,75,75],"card_choices":[{"not_picked":["Leap","Compile Driver"],"picked":"Streamline","floor":1},{"not_picked":["Darkness","Go for the Eyes"],"picked":"Gash","floor":4},{"not_picked":["Redo","Turbo"],"picked":"All For One","floor":6},{"not_picked":["Force Field","Storm"],"picked":"Leap","floor":8},{"not_picked":["Go for the Eyes","Sunder"],"picked":"Hologram","floor":11}],"player_experience":206211,"relics_obtained":[{"floor":6,"key":"DataDisk"},{"floor":8,"key":"Ginger"},{"floor":9,"key":"Letter Opener"}],"event_choices":[{"damage_healed":0,"gold_gain":75,"player_choice":"Gather Gold","damage_taken":11,"max_hp_gain":0,"max_hp_loss":0,"event_name":"World of Goop","floor":2,"gold_loss":0},{"damage_healed":0,"gold_gain":175,"player_choice":"AGREE","damage_taken":0,"max_hp_gain":0,"max_hp_loss":0,"event_name":"Liars Game","floor":5,"gold_loss":0,"cards_obtained":["Doubt"]}],"is_beta":false,"boss_relics":[],"items_purged_floors":[3,7],"is_endless":false,"potions_floor_spawned":[6],"killed_by":"Exordium Wildlife","ascension_level":10}