{"gold_per_floor":[111,111,131,149,162,162,191,191,244,244,260,270,290,350,350,350],"floor_reached":16,"playtime":855,"items_purged":[],"score":131,"play_id":"f402e551-4e4a-43e7-bb50-23d0ba84ae8b","local_time":"20180810220134","is_ascension_mode":true,"campfire_choices":[{"data":"Dagger Spray","floor":6,"key":"SMITH"},{"data":"Acrobatics","floor":8,"key":"SMITH"},{"floor":15,"key":"REST"}],"neow_cost":"NONE","seed_source_timestamp":397451755529991,"circlet_count":0,"master_deck":["Defend_G","Defend_G","Defend_G","Defend_G","Defend_G","Strike_G","Strike_G","Strike_G","Strike_G","Survivor","Neutralize","Acrobatics+1","Underhanded Strike","Dagger Spray+1","Calculated Gamble","Noxious Fumes","After Image","Dagger Spray","Underhanded Strike"],"relics":["Philosopher\u0027s Stone","Meat on the Bone","Dream Catcher","Tiny Chest"],"potions_floor_usage":[5,7,11],"damage_taken":[{"damage":9,"enemies":"Jaw Worm","floor":1,"turns":6},{"damage":3,"enemies":"Small Slimes","floor":3,"turns":6},{"damage":0,"enemies":"2 Louse","floor":4,"turns":3},{"damage":0,"enemies":"Large Slime","floor":5,"turns":3},{"damage":45,"enemies":"Gremlin Nob","floor":7,"turns":4},{"damage":0,"enemies":"Gremlin Gang","floor":11,"turns":2},{"damage":9,"enemies":"2 Fungi Beasts","floor":12,"turns":2},{"damage":16,"enemies":"Exordium Wildlife","floor":13,"turns":4},{"damage":15,"enemies":"Lagavulin","floor":14,"turns":6},{"damage":35,"enemies":"Slime Boss","floor":16,"turns":7}],"seed_played":"8347289270152912103","potions_obtained":[{"floor":1,"key":"FearPotion"},{"floor":3,"key":"Fire Potion"},{"floor":4,"key":"Explosive Potion"}],"is_trial":false,"path_per_floor":["M","?","M","M","M","R","E","R","T","?","M","M","M","E","R"],"character_chosen":"THE_SILENT","items_purchased":[],"campfire_rested":1,"item_purchase_floors":[],"current_hp_per_floor":[61,54,51,51,51,51,6,6,6,6,18,21,17,14,35,0],"gold":350,"neow_bonus":"BOSS_RELIC","is_prod":false,"is_daily":false,"chose_seed":false,"campfire_upgraded":2,"win_rate":0,"timestamp":1533909694,"path_taken":["M","?","M","M","M","R","E","R","T","?","M","M","M","E","R","BOSS"],"build_version":"2018-08-09","purchased_purges":0,"victory":false,"max_hp_per_floor":[70,70,70,70,70,70,70,70,70,70,70,70,70,70,70,70],"card_choices":[{"not_picked":["Predator","Setup"],"picked":"Acrobatics","floor":1},{"not_picked":["Predator","Dagger Throw"],"picked":"Underhanded Strike","floor":3},{"not_picked":["PiercingWail","Sucker Punch"],"picked":"Dagger Spray","floor":4},{"not_picked":["Sucker Punch","PiercingWail"],"picked":"Calculated Gamble","floor":5},{"not_picked":["Dodge and Roll","Blade Dance","Sucker Punch"],"picked":"SKIP","floor":7},{"not_picked":["Deflect","Prepared"],"picked":"Noxious Fumes","floor":11},{"not_picked":["Cloak And Dagger","Accuracy"],"picked":"After Image","floor":12},{"not_picked":["Slice","PiercingWail"],"picked":"Dagger Spray","floor":13},{"not_picked":["Sucker Punch","Outmaneuver"],"picked":"Underhanded Strike","floor":14}],"player_experience":350194,"relics_obtained":[{"floor":7,"key":"Meat on the Bone"},{"floor":9,"key":"Dream Catcher"},{"floor":14,"key":"Tiny Chest"}],"event_choices":[{"event_name":"Golden Wing","player_choice":"Card Removal","floor":2,"damage_taken":0},{"event_name":"Shining Light","player_choice":"Ignored","floor":10,"damage_taken":0}],"is_beta":false,"boss_relics":[],"items_purged_floors":[],"is_endless":false,"potions_floor_spawned":[1,3,4],"killed_by":"Slime Boss","ascension_level":3}