{"gold_per_floor":[111,111,128,143,68,68,78,78,78,97,125,158,168,194,194,294,294,304,4,4,24,24,24,24],"floor_reached":24,"playtime":1157,"items_purged":["Strike_B","Strike_B"],"score":258,"play_id":"3756543a-b7d9-4322-81f8-63a148b40e2d","local_time":"20180726101509","is_ascension_mode":true,"campfire_choices":[{"data":"Streamline","floor":6,"key":"SMITH"},{"data":"Conserve Battery","floor":8,"key":"SMITH"},{"floor":15,"key":"REST"},{"data":"Self Repair","floor":23,"key":"SMITH"}],"neow_cost":"NONE","seed_source_timestamp":390491993780206,"circlet_count":0,"master_deck":["Defend_B","Defend_B","Defend_B","Defend_B","Zap","Dualcast","Conserve Battery+1","Streamline+1","Streamline+1","Thunder Strike+1","Melter+1","Ball Lightning+1","Self Repair+1","Creative AI"],"relics":["Snecko Eye","Molten Egg 2","Odd Mushroom","Ginger","Lantern","Empty Cage","ClockworkSouvenir"],"potions_floor_usage":[18,24,24],"damage_taken":[{"damage":5,"enemies":"Small Slimes","floor":1,"turns":4},{"damage":0,"enemies":"2 Louse","floor":3,"turns":2},{"damage":0,"enemies":"Cultist","floor":4,"turns":4},{"damage":0,"enemies":"2 Fungi Beasts","floor":7,"turns":2},{"damage":0,"enemies":"Large Slime","floor":10,"turns":3},{"damage":12,"floor":11,"turns":3},{"damage":8,"enemies":"Gremlin Nob","floor":12,"turns":3},{"damage":8,"enemies":"Blue Slaver","floor":13,"turns":2},{"damage":25,"enemies":"Lagavulin","floor":14,"turns":4},{"damage":28,"enemies":"The Guardian","floor":16,"turns":9},{"damage":22,"enemies":"2 Thieves","floor":18,"turns":4},{"damage":27,"enemies":"Shell Parasite","floor":21,"turns":5},{"damage":39,"enemies":"Book of Stabbing","floor":24,"turns":4}],"seed_played":"3893600323214187322","potions_obtained":[{"floor":3,"key":"EssenceOfSteel"},{"floor":12,"key":"FearPotion"},{"floor":13,"key":"Swift Potion"}],"is_trial":false,"path_per_floor":["M","?","M","M","$","R","M","R","T","M","?","E","M","E","R","B",null,"M","$","?","M","$","R"],"character_chosen":"DEFECT","items_purchased":["ClockworkSouvenir"],"campfire_rested":1,"item_purchase_floors":[19],"current_hp_per_floor":[70,70,70,70,70,70,70,70,70,70,58,50,42,17,39,18,61,46,46,46,26,26,26,0],"gold":24,"neow_bonus":"BOSS_RELIC","is_prod":false,"is_daily":false,"chose_seed":false,"campfire_upgraded":3,"win_rate":0,"timestamp":1532571309,"path_taken":["M","?","M","M","$","R","?","R","T","M","?","E","M","E","R","BOSS","M","?","?","M","$","R","E"],"build_version":"2018-07-19v2","purchased_purges":2,"victory":false,"max_hp_per_floor":[75,75,75,75,75,75,75,75,75,75,75,75,75,75,75,75,75,75,75,75,75,75,75,75],"card_choices":[{"not_picked":["Gash","Cold Snap"],"picked":"Conserve Battery","floor":1},{"not_picked":["Storm","Ball Lightning"],"picked":"Streamline","floor":3},{"not_picked":["Turbo","Leap","Steam"],"picked":"SKIP","floor":4},{"not_picked":["Ball Lightning","Leap","Redo"],"picked":"SKIP","floor":7},{"not_picked":["Ball Lightning+1","Scrape+1"],"picked":"Streamline+1","floor":10},{"not_picked":["Rebound+1","Leap"],"picked":"Thunder Strike+1","floor":11},{"not_picked":["Coolheaded","Go for the Eyes+1"],"picked":"Melter+1","floor":12},{"not_picked":["Stack","Cold Snap+1"],"picked":"Ball Lightning+1","floor":13},{"not_picked":["Chill","Beam Cell+1"],"picked":"Self Repair","floor":14},{"not_picked":["Hyperbeam+1","Reboot"],"picked":"Creative AI","floor":16},{"not_picked":["Leap","Barrage+1","Steam"],"picked":"SKIP","floor":18},{"not_picked":["Leap","Defragment+1","Gash+1"],"picked":"SKIP","floor":21}],"player_experience":245495,"relics_obtained":[{"floor":9,"key":"Molten Egg 2"},{"floor":11,"key":"Odd Mushroom"},{"floor":12,"key":"Ginger"},{"floor":14,"key":"Lantern"}],"event_choices":[{"event_name":"Golden Idol","player_choice":"Ignored","floor":2,"damage_taken":0},{"event_name":"Mushrooms","player_choice":"Fought Mushrooms","floor":11,"damage_taken":0},{"event_name":"Ghosts","player_choice":"Ignored","floor":20,"damage_taken":0}],"is_beta":false,"boss_relics":[{"not_picked":["White Beast Statue","Tiny House"],"picked":"Empty Cage"}],"items_purged_floors":[5,19],"is_endless":false,"potions_floor_spawned":[3,12,13,14],"killed_by":"Book of Stabbing","ascension_level":5}