{"gold_per_floor":[364,376,376,301,313,338,338,363,363,363,216,216,226,241,241,340,340,355,2,22,22,22,22,42,42,42,60,73,73,89,39,39,39],"floor_reached":33,"playtime":2072,"items_purged":["Strike_G","Defend_G","Defend_G"],"score":398,"play_id":"dd6b9dc0-8685-4638-ba10-ebc38f49b731","local_time":"20190611092249","is_ascension_mode":true,"campfire_choices":[{"data":"Backflip","floor":7,"key":"SMITH"},{"floor":10,"key":"REST"},{"data":"Survivor","floor":12,"key":"SMITH"},{"data":"Neutralize","floor":15,"key":"SMITH"},{"data":"Finisher","floor":23,"key":"SMITH"},{"data":"Venomology","floor":25,"key":"SMITH"},{"data":"Bite","floor":29,"key":"SMITH"},{"data":"Deadly Poison","floor":32,"key":"SMITH"}],"neow_cost":"TEN_PERCENT_HP_LOSS","seed_source_timestamp":30949297775886,"circlet_count":0,"master_deck":["Defend_G","Defend_G","Defend_G","Survivor+1","Neutralize+1","Deadly Poison+1","Flying Knee","Backflip+1","Die Die Die","Well Laid Plans","Well Laid Plans","Backstab","Finisher+1","Escape Plan","Backflip+1","Bite+1","Bite","Bite","Bite","Bite","Neutralize+1","Venomology+1","Slice"],"relics":["Ring of the Snake","Regal Pillow","Sundial","Art of War","Smiling Mask","Black Star","Membership Card","Bag of Preparation","Pen Nib"],"potions_floor_usage":[6,16,30,30,33,33],"damage_taken":[{"damage":2,"enemies":"Jaw Worm","floor":1,"turns":5},{"damage":2,"enemies":"2 Louse","floor":2,"turns":3},{"damage":1,"enemies":"Cultist","floor":5,"turns":4},{"damage":19,"enemies":"Gremlin Nob","floor":6,"turns":5},{"damage":28,"enemies":"Lagavulin","floor":8,"turns":7},{"damage":4,"enemies":"Blue Slaver","floor":13,"turns":4},{"damage":9,"enemies":"Large Slime","floor":14,"turns":8},{"damage":5,"enemies":"The Guardian","floor":16,"turns":12},{"damage":9,"enemies":"Chosen","floor":18,"turns":6},{"damage":5,"enemies":"Spheric Guardian","floor":20,"turns":4},{"damage":2,"enemies":"Cultist and Chosen","floor":24,"turns":5},{"damage":10,"enemies":"Snecko","floor":27,"turns":7},{"damage":2,"enemies":"Centurion and Healer","floor":28,"turns":6},{"damage":2,"enemies":"Cultist and Chosen","floor":30,"turns":6},{"damage":60,"enemies":"Automaton","floor":33,"turns":6}],"seed_played":"-5990823703271792672","potions_obtained":[{"floor":2,"key":"GhostInAJar"},{"floor":14,"key":"LiquidBronze"},{"floor":16,"key":"SteroidPotion"},{"floor":27,"key":"SpeedPotion"},{"floor":28,"key":"Energy Potion"}],"is_trial":false,"path_per_floor":["M","M","?","$","M","E","R","E","T","R","?","R","M","M","R","B",null,"M","$","M","?","?","R","M","R","T","M","M","R","M","$","R","B"],"character_chosen":"THE_SILENT","items_purchased":["Membership Card","Escape Plan","Bag of Preparation"],"campfire_rested":1,"item_purchase_floors":[19,19,19],"current_hp_per_floor":[61,59,52,52,51,32,32,4,4,37,37,37,33,24,24,19,52,43,43,38,38,38,38,42,42,42,42,44,44,44,44,44,0],"gold":39,"neow_bonus":"TWO_FIFTY_GOLD","is_prod":false,"is_daily":false,"chose_seed":false,"campfire_upgraded":7,"win_rate":0,"timestamp":1560216169,"path_taken":["M","M","?","$","M","E","R","E","T","R","?","R","?","M","R","BOSS","M","$","M","?","?","R","M","R","T","M","?","R","?","?","R","BOSS"],"build_version":"2019-01-23","purchased_purges":3,"victory":false,"max_hp_per_floor":[63,63,63,63,63,63,63,63,63,63,63,63,63,63,63,63,63,63,63,63,44,44,44,44,44,44,44,44,44,44,44,44,44],"card_choices":[{"not_picked":["Acrobatics","Dagger Throw"],"picked":"Deadly Poison","floor":1},{"not_picked":["PiercingWail","Sucker Punch"],"picked":"Flying Knee","floor":2},{"not_picked":["Quick Slash","Acrobatics"],"picked":"Backflip","floor":5},{"not_picked":["PiercingWail","Flying Knee"],"picked":"Die Die Die","floor":6},{"not_picked":["Eviscerate","Cloak And Dagger"],"picked":"Well Laid Plans","floor":8},{"not_picked":["Dodge and Roll","Crippling Poison"],"picked":"Well Laid Plans","floor":13},{"not_picked":["Flying Knee","Dagger Spray"],"picked":"Backstab","floor":14},{"not_picked":["Eviscerate","Leg Sweep"],"picked":"Finisher","floor":18},{"not_picked":["Sucker Punch","Outmaneuver"],"picked":"Backflip+1","floor":20},{"not_picked":["Dodge and Roll","Poisoned Stab"],"picked":"Venomology","floor":24},{"not_picked":["Accuracy","Cloak And Dagger","Eviscerate"],"picked":"SKIP","floor":27},{"not_picked":["Dodge and Roll","Sucker Punch","Expertise+1"],"picked":"SKIP","floor":28},{"not_picked":["Flying Knee","Setup"],"picked":"Slice","floor":30}],"player_experience":773735,"relics_obtained":[{"floor":6,"key":"Regal Pillow"},{"floor":8,"key":"Sundial"},{"floor":9,"key":"Art of War"},{"floor":26,"key":"Pen Nib"}],"event_choices":[{"cards_removed":["Strike_G"],"damage_healed":0,"gold_gain":0,"player_choice":"Card Removal","damage_taken":7,"max_hp_gain":0,"max_hp_loss":0,"event_name":"Golden Wing","floor":3,"gold_loss":0},{"damage_healed":0,"gold_gain":0,"player_choice":"Paid Gold","damage_taken":0,"relics_obtained":["Smiling Mask"],"max_hp_gain":0,"max_hp_loss":0,"event_name":"WeMeetAgain","floor":11,"gold_loss":147},{"damage_healed":0,"gold_gain":0,"player_choice":"Became a vampire","damage_taken":0,"max_hp_gain":0,"max_hp_loss":19,"event_name":"Vampires","floor":21,"gold_loss":0,"cards_obtained":["Bite","Bite","Bite","Bite","Bite"]},{"damage_healed":0,"gold_gain":0,"player_choice":"Copied","damage_taken":0,"max_hp_gain":0,"max_hp_loss":0,"event_name":"Duplicator","floor":22,"gold_loss":0,"cards_obtained":["Neutralize"]}],"is_beta":false,"boss_relics":[{"not_picked":["HoveringKite","Fusion Hammer"],"picked":"Black Star"}],"items_purged_floors":[4,19,31],"is_endless":false,"potions_floor_spawned":[2,14,16,27,28],"killed_by":"Automaton","ascension_level":9}