{"gold_per_floor":[114,43,43,43,54,54,88,100,135,147,174,211,223,253,265,378,390,415,87,11,28,45,45,56,56,80,80,80,93,112,124,124,221,221,232,232,245,257,272,272,282,282,282,313,313,340,340,250,250,250],"floor_reached":51,"playtime":5879,"items_purged":["Defend_B"],"score":700,"play_id":"6a16b670-86e9-4376-bf23-cdb733258d4c","local_time":"20190122101822","is_ascension_mode":true,"campfire_choices":[{"data":"Zap","floor":6.0,"key":"SMITH"},{"data":"FTL","floor":8.0,"key":"SMITH"},{"data":"FTL","floor":10.0,"key":"SMITH"},{"data":"Genetic Algorithm","floor":13.0,"key":"SMITH"},{"floor":15.0,"key":"REST"},{"data":"Self Repair","floor":23.0,"key":"SMITH"},{"data":"Defragment","floor":25.0,"key":"SMITH"},{"data":"Redo","floor":32.0,"key":"SMITH"},{"data":"Machine Learning","floor":40.0,"key":"SMITH"},{"data":"Gash","floor":42.0,"key":"SMITH"},{"data":"Echo Form","floor":45.0,"key":"SMITH"},{"floor":49,"key":"REST"}],"neow_cost":"NONE","seed_source_timestamp":47713725619100,"circlet_count":0,"master_deck":["Strike_B+1","Strike_B+1","Defend_B","Zap+1","Dualcast","Redo","Genetic Algorithm+1","Glacier","FTL+1","FTL+1","Steam","Beam Cell","Reboot","Self Repair+1","Echo Form","Stack+1","Gash+1","Madness","Defragment+1","Scrape+1","Turbo+1","Storm","Redo+1","Skim","Stack+1","Hologram","Echo Form+1","Redo+1","Compile Driver","Machine Learning+1","Go for the Eyes","Madness+1","Madness"],"special_seed":0,"relics":["Cracked Core","MawBank","Whetstone","Bottled Flame","Runic Pyramid","Anchor","Oddly Smooth Stone","Nuclear Battery","Juzu Bracelet","Regal Pillow","Potion Belt"],"potions_floor_usage":[46,46],"damage_taken":[{"damage":6.0,"enemies":"Cultist","floor":1.0,"turns":3.0},{"damage":11.0,"enemies":"2 Louse","floor":5.0,"turns":3.0},{"damage":23.0,"enemies":"3 Sentries","floor":7.0,"turns":9.0},{"damage":0.0,"enemies":"Jaw Worm","floor":11.0,"turns":3.0},{"damage":9.0,"enemies":"Lagavulin","floor":12.0,"turns":5.0},{"damage":0.0,"enemies":"Blue Slaver","floor":14.0,"turns":1.0},{"damage":35.0,"enemies":"Slime Boss","floor":16.0,"turns":12.0},{"damage":33.0,"enemies":"Shell Parasite","floor":18.0,"turns":5.0},{"damage":6.0,"enemies":"Chosen","floor":21.0,"turns":6.0},{"damage":15.0,"enemies":"Shelled Parasite and Fungi","floor":22.0,"turns":6.0},{"damage":24.0,"enemies":"Centurion and Healer","floor":24.0,"turns":10.0},{"damage":12.0,"enemies":"3 Cultists","floor":29.0,"turns":5.0},{"damage":0.0,"enemies":"Chosen and Byrds","floor":30.0,"turns":5.0},{"damage":16.0,"enemies":"Snake Plant","floor":31.0,"turns":7.0},{"damage":18.0,"enemies":"Champ","floor":33.0,"turns":8.0},{"damage":0.0,"enemies":"3 Darklings","floor":35.0,"turns":5.0},{"damage":0.0,"enemies":"Orb Walker","floor":37.0,"turns":4.0},{"damage":17.0,"enemies":"Jaw Worm Horde","floor":38.0,"turns":3.0},{"damage":20.0,"enemies":"4 Shapes","floor":39.0,"turns":6.0},{"damage":22.0,"enemies":"Writhing Mass","floor":41.0,"turns":5.0},{"damage":48.0,"enemies":"Reptomancer","floor":44.0,"turns":8.0},{"damage":33,"enemies":"Nemesis","floor":46,"turns":8},{"damage":17,"enemies":"Awakened One","floor":50,"turns":16}],"seed_played":"6030798670047042471","potions_obtained":[{"floor":1.0,"key":"SteroidPotion"},{"floor":5.0,"key":"Strength Potion"},{"floor":12.0,"key":"Poison Potion"},{"floor":21.0,"key":"SteroidPotion"},{"floor":24.0,"key":"SkillPotion"},{"floor":28.0,"key":"EssenceOfSteel"},{"floor":30.0,"key":"SpeedPotion"},{"floor":31.0,"key":"Dexterity Potion"},{"floor":37.0,"key":"PowerPotion"},{"floor":38.0,"key":"Regen Potion"},{"floor":44.0,"key":"Fruit Juice"}],"is_trial":false,"path_per_floor":["M","$","$","?","M","R","E","R","T","R","M","E","R","M","R","B",null,"M","$","$","M","M","R","M","R","T","?","?","M","M","M","R","B",null,"M","?","M","M","M","R","M","R","T","E","R","E","?","?","R","B",null],"character_chosen":"DEFECT","items_purchased":["Glacier","Anchor","Gash","Madness","Defragment"],"campfire_rested":2,"item_purchase_floors":[2,19,19,19,20],"current_hp_per_floor":[69,69,69,69,58,58,35,35,35,35,35,26,26,26,48,20,75,49,49,49,50,42,42,28,28,28,28,28,36,46,50,50,52,75,75,75,75,75,75,75,63,63,63,25,25,22,12,12,51,44],"gold":250,"neow_bonus":"THREE_CARDS","is_prod":false,"is_daily":false,"chose_seed":false,"campfire_upgraded":10,"win_rate":0,"timestamp":1548148702,"path_taken":["M","?","$","?","M","R","E","R","T","R","M","E","R","M","R","BOSS","M","?","$","M","M","R","M","R","T","?","?","M","?","M","R","BOSS","M","?","M","?","M","R","M","R","T","E","R","E","?","?","R","BOSS"],"build_version":"2019-01-17v2","purchased_purges":1,"victory":true,"max_hp_per_floor":[75,75,75,75,75,75,75,75,75,75,75,75,75,75,75,75,75,75,75,75,75,75,75,75,75,75,75,75,75,75,75,75,75,75,75,75,75,75,75,75,75,75,75,75,75,80,80,80,80,80],"card_choices":[{"not_picked":["Darkness","Rip and Tear"],"picked":"Redo","floor":0.0},{"not_picked":["Steam","Static Discharge"],"picked":"Genetic Algorithm","floor":1.0},{"not_picked":["Conserve Battery","Storm"],"picked":"FTL","floor":5.0},{"not_picked":["Cold Snap","Ball Lightning"],"picked":"Steam","floor":7.0},{"not_picked":["Steam","Doom and Gloom"],"picked":"Beam Cell","floor":11.0},{"not_picked":["Steam","Darkness"],"picked":"Reboot","floor":12.0},{"not_picked":["Hologram","Auto Shields"],"picked":"Self Repair","floor":14.0},{"not_picked":["Reboot","Creative AI"],"picked":"Echo Form","floor":16.0},{"not_picked":["Reprogram","Auto Shields+1"],"picked":"Stack+1","floor":18.0},{"not_picked":["Loop","Cold Snap"],"picked":"Scrape","floor":21.0},{"not_picked":["Stack","Rebound"],"picked":"Turbo+1","floor":22.0},{"not_picked":["Darkness","Glacier","Leap"],"picked":"SKIP","floor":24.0},{"not_picked":["Leap","Reinforced Body+1"],"picked":"Skim","floor":29.0},{"not_picked":["Lockon+1","Redo"],"picked":"Stack+1","floor":30.0},{"not_picked":["Conserve Battery","Consume"],"picked":"Hologram","floor":31.0},{"not_picked":["Core Surge","Rainbow"],"picked":"Echo Form","floor":33.0},{"not_picked":["Steam","Doom and Gloom"],"picked":"Redo+1","floor":35.0},{"not_picked":["Coolheaded+1","Conserve Battery"],"picked":"Compile Driver","floor":37.0},{"not_picked":["Coolheaded","Lockon","Sunder+1"],"picked":"SKIP","floor":38.0},{"not_picked":["Sunder","Turbo"],"picked":"Machine Learning","floor":39.0},{"not_picked":["Scrape","Self Repair+1","Rebound"],"picked":"SKIP","floor":41.0},{"not_picked":["Ball Lightning+1","Defragment"],"picked":"Go for the Eyes","floor":44.0},{"not_picked":["Beam Cell+1","Storm+1","Sweeping Beam+1"],"picked":"SKIP","floor":46}],"player_experience":58476,"relics_obtained":[{"floor":7.0,"key":"MawBank"},{"floor":9.0,"key":"Whetstone"},{"floor":12.0,"key":"Bottled Flame"},{"floor":26.0,"key":"Oddly Smooth Stone"},{"floor":43.0,"key":"Juzu Bracelet"},{"floor":44.0,"key":"Regal Pillow"},{"floor":46,"key":"Potion Belt"}],"event_choices":[{"damage_healed":0.0,"max_hp_gain":0.0,"max_hp_loss":0.0,"gold_gain":0.0,"cards_transformed":["Strike_B"],"event_name":"Transmorgrifier","player_choice":"Transformed","floor":4.0,"gold_loss":0.0,"damage_taken":0.0,"cards_obtained":["FTL"]},{"damage_healed":0.0,"max_hp_gain":0.0,"max_hp_loss":0.0,"gold_gain":0.0,"cards_transformed":["Strike_B","Defend_B"],"event_name":"Drug Dealer","player_choice":"Became Test Subject","floor":27.0,"gold_loss":0.0,"damage_taken":0.0,"cards_obtained":["Storm","Redo"]},{"damage_healed":0.0,"max_hp_gain":0.0,"max_hp_loss":0.0,"gold_gain":0.0,"event_name":"Lab","player_choice":"Got Potions","floor":28.0,"gold_loss":0.0,"damage_taken":0.0},{"damage_healed":0.0,"max_hp_gain":0.0,"max_hp_loss":0.0,"gold_gain":0.0,"event_name":"Accursed Blacksmith","player_choice":"Forge","floor":36.0,"gold_loss":0.0,"damage_taken":0.0,"cards_upgraded":["Scrape"]},{"damage_healed":0,"gold_gain":0,"player_choice":"Embrace Madness","damage_taken":10,"max_hp_gain":0,"max_hp_loss":0,"event_name":"Winding Halls","floor":47,"gold_loss":0,"cards_obtained":["Madness","Madness"]},{"cards_removed":["Defend_B"],"damage_healed":0,"gold_gain":0,"player_choice":"Upgrade and Remove","damage_taken":0,"max_hp_gain":0,"max_hp_loss":0,"event_name":"Designer","floor":48,"gold_loss":90,"cards_upgraded":["Madness"]}],"is_beta":false,"boss_relics":[{"not_picked":["Philosopher\u0027s Stone","Ectoplasm"],"picked":"Runic Pyramid"},{"not_picked":["Runic Dome","Eternal Feather"],"picked":"Nuclear Battery"}],"items_purged_floors":[19],"is_endless":false,"potions_floor_spawned":[1,5,12,21,24,30,31,37,38,44],"ascension_level":1}