{"gold_per_floor":[114,133,133,133,133,164,164,205,205,230,19,19,19,19,19,115,115,136,150,150,174,187,187,230,230,230,66,100,100,119,63,63,63],"floor_reached":33,"playtime":1218,"items_purged":[],"score":666,"play_id":"0c495dc5-4e89-4822-b8b4-41d49324ac71","local_time":"20190614173210","is_ascension_mode":true,"campfire_choices":[{"data":"White Noise","floor":7.0,"key":"SMITH"},{"data":"Undo","floor":12,"key":"SMITH"},{"data":"Dualcast","floor":15,"key":"SMITH"},{"data":"Coolheaded","floor":23,"key":"SMITH"},{"floor":25,"key":"REST"},{"floor":32,"key":"REST"}],"neow_cost":"NONE","seed_source_timestamp":135431374248091,"circlet_count":0,"master_deck":["AscendersBane","Strike_B","Strike_B","Strike_B","Strike_B","Defend_B+1","Defend_B","Defend_B","Zap","Dualcast+1","Undo+1","White Noise+1","Gash+1","Coolheaded+1","Cold Snap+1","All For One","Defragment","Cold Snap","Cold Snap"],"special_seed":0,"relics":["Cracked Core","NeowsBlessing","Golden Idol","Matryoshka","Orichalcum","Bag of Preparation","Kunai","Lee\u0027s Waffle","Singing Bowl","StoneCalendar","Sozu","Mango","Bottled Flame","Strawberry","Pear"],"potions_floor_usage":[24],"damage_taken":[{"damage":0.0,"enemies":"2 Louse","floor":1.0,"turns":1.0},{"damage":0.0,"enemies":"Jaw Worm","floor":2.0,"turns":1.0},{"damage":0.0,"enemies":"3 Sentries","floor":6.0,"turns":1.0},{"damage":36.0,"enemies":"Gremlin Nob","floor":8.0,"turns":4.0},{"damage":5,"enemies":"Small Slimes","floor":10,"turns":3},{"damage":6,"enemies":"The Guardian","floor":16,"turns":10},{"damage":1,"enemies":"Chosen","floor":18,"turns":6},{"damage":19,"enemies":"3 Byrds","floor":19,"turns":5},{"damage":21,"enemies":"Snecko","floor":21,"turns":7},{"damage":0,"enemies":"3 Cultists","floor":22,"turns":4},{"damage":48,"enemies":"Book of Stabbing","floor":24,"turns":7},{"damage":34,"enemies":"Gremlin Leader","floor":28,"turns":7},{"damage":25,"enemies":"Snake Plant","floor":30,"turns":4},{"damage":47,"enemies":"Collector","floor":33,"turns":12}],"seed_played":"9157701648382536946","potions_obtained":[{"floor":6.0,"key":"Explosive Potion"},{"floor":10,"key":"GamblersBrew"}],"is_trial":false,"path_per_floor":["M","M","?","?","?","E","R","E","T","M","$","R","?","T","R","B",null,"M","M","?","M","M","R","E","R","T","$","E","?","M","$","R","B"],"character_chosen":"DEFECT","items_purchased":["Lee\u0027s Waffle","Strawberry","Cold Snap"],"campfire_rested":2,"item_purchase_floors":[11,27,31],"current_hp_per_floor":[64,64,69,43,43,43,43,7,7,2,83,83,58,58,58,54,77,78,59,76,55,57,57,23,53,53,60,36,36,11,11,47,0],"gold":63,"neow_bonus":"THREE_ENEMY_KILL","is_prod":false,"is_daily":false,"chose_seed":false,"campfire_upgraded":4,"win_rate":0,"timestamp":1560504730,"path_taken":["M","M","?","?","?","E","R","E","T","?","$","R","?","?","R","BOSS","M","M","?","M","M","R","E","R","T","$","E","?","M","$","R","BOSS"],"build_version":"2019-01-23","purchased_purges":0,"victory":false,"max_hp_per_floor":[71,71,76,76,76,76,76,76,76,76,83,83,83,83,83,85,85,87,87,87,87,89,89,103,103,103,110,120,120,120,120,120,120],"card_choices":[{"not_picked":["Leap","Ball Lightning"],"picked":"Undo","floor":1.0},{"not_picked":["Sweeping Beam","Scrape","Tempest"],"picked":"SKIP","floor":2.0},{"not_picked":["Darkness","Genetic Algorithm"],"picked":"White Noise","floor":6.0},{"not_picked":["Static Discharge","Melter"],"picked":"Gash","floor":8.0},{"not_picked":["Sweeping Beam","Recycle","Chaos"],"picked":"SKIP","floor":10},{"not_picked":["Multi-Cast","Reboot","Buffer"],"picked":"Singing Bowl","floor":16},{"not_picked":["Lockon","Auto Shields","Consume"],"picked":"Singing Bowl","floor":18},{"not_picked":["Reprogram","Reinforced Body"],"picked":"Coolheaded","floor":19},{"not_picked":["Force Field","Hologram"],"picked":"Cold Snap+1","floor":21},{"not_picked":["Melter","Tempest","Reprogram+1"],"picked":"Singing Bowl","floor":22},{"not_picked":["Leap","Skim"],"picked":"All For One","floor":24},{"not_picked":["Scrape","Redo"],"picked":"Defragment","floor":28},{"not_picked":["Hologram","Rip and Tear"],"picked":"Cold Snap","floor":30}],"player_experience":677655,"relics_obtained":[{"floor":6.0,"key":"Matryoshka"},{"floor":8.0,"key":"Orichalcum"},{"floor":9.0,"key":"Bag of Preparation"},{"floor":9.0,"key":"Kunai"},{"floor":14,"key":"Singing Bowl"},{"floor":14,"key":"StoneCalendar"},{"floor":24,"key":"Mango"},{"floor":26,"key":"Bottled Flame"},{"floor":28,"key":"Pear"}],"event_choices":[{"damage_healed":0.0,"max_hp_gain":5.0,"max_hp_loss":0.0,"gold_gain":0.0,"event_name":"Big Fish","player_choice":"Donut","floor":3.0,"gold_loss":0.0,"damage_taken":0.0},{"damage_healed":0.0,"max_hp_gain":0.0,"max_hp_loss":0.0,"gold_gain":0.0,"event_name":"Golden Idol","player_choice":"Take Damage","floor":4.0,"gold_loss":0.0,"damage_taken":26.0,"relics_obtained":["Golden Idol"]},{"cards_removed":["Defend_B"],"damage_healed":0.0,"max_hp_gain":0.0,"max_hp_loss":0.0,"gold_gain":0.0,"event_name":"Living Wall","player_choice":"Forget","floor":5.0,"gold_loss":0.0,"damage_taken":0.0},{"damage_healed":0,"gold_gain":0,"player_choice":"Entered Light","damage_taken":25,"max_hp_gain":0,"max_hp_loss":0,"event_name":"Shining Light","floor":13,"gold_loss":0,"cards_upgraded":["Defend_B","Gash"]},{"damage_healed":17,"gold_gain":0,"player_choice":"Heal","damage_taken":0,"max_hp_gain":0,"max_hp_loss":0,"event_name":"The Library","floor":20,"gold_loss":0},{"damage_healed":0,"gold_gain":0,"player_choice":"Ignored","damage_taken":0,"max_hp_gain":0,"max_hp_loss":0,"event_name":"Ghosts","floor":29,"gold_loss":0}],"is_beta":false,"boss_relics":[{"not_picked":["Runic Dome","Philosopher\u0027s Stone"],"picked":"Sozu"}],"items_purged_floors":[],"is_endless":false,"potions_floor_spawned":[6,10,18,19,24,30],"killed_by":"Collector","ascension_level":19}