{"gold_per_floor":[117,129,54,74,88,88,103,114,114,14,14,44,44,62,62,158,158,178,198,217,92,92,92],"floor_reached":23,"playtime":935,"items_purged":["Strike_R","Defend_R","Strike_R"],"score":312,"play_id":"a346a158-da47-4a2a-8938-768f0874ca18","local_time":"20181215141240","is_ascension_mode":true,"campfire_choices":[{"data":"Whirlwind","floor":6,"key":"SMITH"},{"data":"Double Tap","floor":13,"key":"SMITH"},{"data":"Cleave","floor":15,"key":"SMITH"}],"neow_cost":"NONE","seed_source_timestamp":243854309484124,"circlet_count":0,"master_deck":["AscendersBane","Strike_R","Strike_R","Defend_R","Defend_R","Defend_R","Bash","Clash","Whirlwind+1","Headbutt","True Grit","Double Tap+1","Cleave+1","Twin Strike","Berserk","Cleave+1","Headbutt+1","Writhe"],"relics":["Burning Blood","Mummified Hand","Calipers","Sundial","Sozu","Happy Flower"],"potions_floor_usage":[],"damage_taken":[{"damage":9,"enemies":"2 Louse","floor":1,"turns":4},{"damage":6,"enemies":"Cultist","floor":2,"turns":4},{"damage":2,"enemies":"Jaw Worm","floor":4,"turns":3},{"damage":11,"enemies":"Blue Slaver","floor":5,"turns":4},{"damage":0,"enemies":"Red Slaver","floor":7,"turns":4},{"damage":18,"enemies":"Large Slime","floor":8,"turns":7},{"damage":23,"enemies":"Gremlin Nob","floor":12,"turns":4},{"damage":4,"enemies":"Looter","floor":14,"turns":2},{"damage":18,"enemies":"Slime Boss","floor":16,"turns":5},{"damage":22,"enemies":"2 Thieves","floor":18,"turns":2},{"damage":12,"enemies":"3 Byrds","floor":19,"turns":3},{"damage":41,"enemies":"Snake Plant","floor":20,"turns":4},{"damage":21,"enemies":"Gremlin Leader","floor":23,"turns":4}],"seed_played":"2731318032540952355","potions_obtained":[{"floor":1,"key":"SteroidPotion"},{"floor":4,"key":"Ancient Potion"},{"floor":14,"key":"AttackPotion"}],"is_trial":false,"path_per_floor":["M","M","$","M","M","R","M","M","T","$","?","E","R","M","R","B",null,"M","M","M","$","?","E"],"character_chosen":"IRONCLAD","items_purchased":[],"campfire_rested":0,"item_purchase_floors":[],"current_hp_per_floor":[69,69,69,73,68,68,74,62,62,62,62,45,45,47,47,35,69,53,47,12,12,12,0],"gold":92,"neow_bonus":"TRANSFORM_CARD","is_prod":false,"is_daily":false,"chose_seed":false,"campfire_upgraded":3,"win_rate":0,"timestamp":1544854360,"path_taken":["M","M","$","M","M","R","M","M","T","$","?","E","R","M","R","BOSS","M","M","?","$","?","E"],"build_version":"2018-12-13","purchased_purges":3,"victory":false,"max_hp_per_floor":[80,80,80,80,80,80,80,80,80,80,80,80,80,80,80,80,80,80,80,80,80,80,80],"card_choices":[{"not_picked":["Disarm","Wild Strike"],"picked":"Clash","floor":1},{"not_picked":["Inflame","Clash"],"picked":"Whirlwind","floor":2},{"not_picked":["Feel No Pain","Sentinel"],"picked":"Headbutt","floor":4},{"not_picked":["Sever Soul","Headbutt"],"picked":"True Grit","floor":5},{"not_picked":["Cleave","Evolve"],"picked":"Double Tap","floor":7},{"not_picked":["Perfected Strike","Pommel Strike","Body Slam"],"picked":"SKIP","floor":8},{"not_picked":["Dual Wield","Burning Pact"],"picked":"Cleave","floor":12},{"not_picked":["Flex","Pommel Strike"],"picked":"Twin Strike","floor":14},{"not_picked":["Immolate","Limit Break"],"picked":"Berserk","floor":16},{"not_picked":["Flex","Anger"],"picked":"Cleave+1","floor":18},{"not_picked":["Iron Wave","Body Slam"],"picked":"Headbutt+1","floor":19},{"not_picked":["Sword Boomerang","Warcry","Body Slam+1"],"picked":"SKIP","floor":20}],"player_experience":574084,"relics_obtained":[{"floor":9,"key":"Mummified Hand"},{"floor":12,"key":"Sundial"}],"event_choices":[{"cards_removed":["Second Wind"],"damage_healed":0,"gold_gain":0,"player_choice":"Gave Card","damage_taken":0,"relics_obtained":["Calipers"],"max_hp_gain":0,"max_hp_loss":0,"event_name":"WeMeetAgain","floor":11,"gold_loss":0},{"damage_healed":0,"gold_gain":0,"player_choice":"Opened","damage_taken":0,"relics_obtained":["Happy Flower"],"max_hp_gain":0,"max_hp_loss":0,"event_name":"The Mausoleum","floor":22,"gold_loss":0,"cards_obtained":["Writhe"]}],"is_beta":false,"boss_relics":[{"not_picked":["Black Star","White Beast Statue"],"picked":"Sozu"}],"items_purged_floors":[3,10,21],"is_endless":false,"potions_floor_spawned":[1,4,7,14,16,19],"killed_by":"Gremlin Leader","ascension_level":12}