{"path_per_floor":["M","?","?","?","M","R","M","$","T","R","E","R","?","M","R","B",null,"M","M","T","M","M","R","?","M","T","M","$","R","T","M","R"],"character_chosen":"THE_SILENT","items_purchased":["Backflip","Oddly Smooth Stone"],"gold_per_floor":[111,111,111,186,204,204,220,93,119,119,154,154,104,114,114,190,190,206,226,226,240,258,258,258,276,276,296,39,39,65,85,85,85],"floor_reached":33,"campfire_rested":5,"playtime":2084,"current_hp_per_floor":[55,55,55,44,44,63,61,61,61,61,19,38,38,22,41,5,51,41,39,39,19,13,32,32,32,32,31,31,50,50,50,50,0],"items_purged":["Defend_G","A Thousand Cuts"],"gold":85,"score":420,"play_id":"ab619b81-271d-4688-bedf-6aa2223c03ca","local_time":"20180325222622","is_prod":false,"is_daily":false,"is_ascension_mode":true,"campfire_upgraded":2,"timestamp":1522034782,"path_taken":["M","?","?","?","M","R","M","$","T","R","E","R","?","M","R","BOSS","M","?","?","M","M","R","?","M","T","?","$","R","?","M","R","BOSS"],"build_version":"2018-03-22v2","purchased_purges":2,"victory":false,"master_deck":["Defend_G","Defend_G","Defend_G","Survivor","Neutralize","AscendersBane","Calculated Gamble","Noxious Fumes+1","Footwork","Backflip+1","Deadly Poison","Heel Hook+1","Venomology+1","Backflip+1"],"max_hp_per_floor":[66,66,66,66,66,66,66,66,66,66,66,66,66,66,66,66,66,66,66,66,66,66,66,66,66,66,66,66,66,66,66,66,66],"relics":["Ring of the Snake","Pen Nib","Letter Opener","Astrolabe","Unceasing Top","Thread and Needle","Oddly Smooth Stone","Happy Flower"],"card_choices":[{"not_picked":["Concentrate","Cloak And Dagger"],"picked":"Noxious Fumes","floor":1.0},{"not_picked":["Deflect","Endless Agony"],"picked":"Footwork","floor":7.0},{"not_picked":["Dagger Throw","Envenom"],"picked":"Deadly Poison","floor":11.0},{"not_picked":["Sucker Punch","Cloak And Dagger"],"picked":"Backflip","floor":18.0}],"player_experience":359776,"potions_floor_usage":[22,25,27,27,33,33,33,33],"damage_taken":[{"damage":4.0,"enemies":"Jaw Worm","floor":1.0,"turns":5.0},{"damage":0.0,"enemies":"Small Slimes","floor":5.0,"turns":5.0},{"damage":2.0,"enemies":"2 Louse","floor":7.0,"turns":3.0},{"damage":42.0,"enemies":"Gremlin Nob","floor":11.0,"turns":6.0},{"damage":16.0,"enemies":"Gremlin Gang","floor":14.0,"turns":4.0},{"damage":36.0,"enemies":"Hexaghost","floor":16.0,"turns":11.0},{"damage":10.0,"enemies":"Spheric Guardian","floor":18.0,"turns":6.0},{"damage":2.0,"enemies":"Shell Parasite","floor":19.0,"turns":5.0},{"damage":20.0,"enemies":"Chosen and Byrds","floor":21.0,"turns":7.0},{"damage":6,"enemies":"Snecko","floor":22,"turns":6},{"damage":0,"enemies":"Centurion and Healer","floor":25,"turns":7},{"damage":1,"enemies":"3 Cultists","floor":27,"turns":6},{"damage":0,"enemies":"Chosen and Byrds","floor":31,"turns":7},{"damage":50,"enemies":"Champ","floor":33,"turns":16}],"event_choices":[{"event_name":"Living Wall","player_choice":"Forget","floor":2.0,"damage_taken":0.0},{"event_name":"Accursed Blacksmith","player_choice":"Forge","floor":3.0,"damage_taken":0.0},{"event_name":"World of Goop","player_choice":"Gather Gold","floor":4.0,"damage_taken":0.0},{"event_name":"The Cleric","player_choice":"Card Removal","floor":13.0,"damage_taken":0.0},{"event_name":"Addict","player_choice":"Ignored","floor":24,"damage_taken":0}],"boss_relics":[],"potions_floor_spawned":[1,5,11,18,25,31],"seed_played":"-8945467393490077355","killed_by":"Champ","ascension_level":14,"is_trial":false}