{"gold_per_floor":[110,122,122,122,132,163,179,179],"floor_reached":8,"playtime":227,"items_purged":[],"score":84,"play_id":"0971a776-4d4c-4ab6-9154-3cd0b2b260fd","local_time":"20190610225620","is_ascension_mode":true,"campfire_choices":[],"neow_cost":"NONE","seed_source_timestamp":278505793553827,"circlet_count":0,"master_deck":["Defend_G","Defend_G","Defend_G","Defend_G","Defend_G","Strike_G","Strike_G","Strike_G","Strike_G","Strike_G","Survivor","Neutralize","Catalyst","Deadly Poison","Backstab","Adrenaline","Bane"],"relics":["Ring of the Snake","NeowsBlessing","Bronze Scales","Potion Belt"],"potions_floor_usage":[8,8,8],"damage_taken":[{"damage":0,"enemies":"Small Slimes","floor":1,"turns":1},{"damage":0,"enemies":"Jaw Worm","floor":2,"turns":1},{"damage":0,"enemies":"Cultist","floor":5,"turns":1},{"damage":43,"enemies":"Gremlin Nob","floor":6,"turns":5},{"damage":0,"enemies":"Blue Slaver","floor":7,"turns":4},{"damage":10,"enemies":"Lagavulin","floor":8,"turns":2}],"seed_played":"6977296996523198461","potions_obtained":[{"floor":1,"key":"Strength Potion"},{"floor":2,"key":"AttackPotion"},{"floor":6,"key":"GamblersBrew"}],"is_trial":false,"path_per_floor":["M","M","?","?","M","E","M","E"],"character_chosen":"THE_SILENT","items_purchased":[],"campfire_rested":0,"item_purchase_floors":[],"current_hp_per_floor":[63,63,63,45,45,2,2,0],"gold":179,"neow_bonus":"THREE_ENEMY_KILL","is_prod":false,"is_daily":false,"chose_seed":false,"campfire_upgraded":0,"win_rate":0,"timestamp":1560178580,"path_taken":["M","M","?","?","M","E","M","E"],"build_version":"2019-01-23","purchased_purges":0,"victory":false,"max_hp_per_floor":[70,70,70,70,70,70,70,70],"card_choices":[{"not_picked":["Accuracy","Eviscerate"],"picked":"Catalyst","floor":1},{"not_picked":["Setup","Acrobatics"],"picked":"Deadly Poison","floor":2},{"not_picked":["Cloak And Dagger","Underhanded Strike"],"picked":"Backstab","floor":5},{"not_picked":["Concentrate","Riddle With Holes"],"picked":"Adrenaline","floor":6},{"not_picked":["Quick Slash","Deflect"],"picked":"Bane","floor":7}],"player_experience":767254,"relics_obtained":[{"floor":6,"key":"Potion Belt"}],"event_choices":[{"damage_healed":0,"gold_gain":0,"player_choice":"Ignored","damage_taken":0,"max_hp_gain":0,"max_hp_loss":0,"event_name":"Liars Game","floor":3,"gold_loss":0},{"damage_healed":0,"gold_gain":0,"player_choice":"Success","damage_taken":18,"relics_obtained":["Bronze Scales"],"max_hp_gain":0,"max_hp_loss":0,"event_name":"Scrap Ooze","floor":4,"gold_loss":0}],"is_beta":false,"boss_relics":[],"items_purged_floors":[],"is_endless":false,"potions_floor_spawned":[1,2,6],"killed_by":"Lagavulin","ascension_level":9}