{"gold_per_floor":[119,194,194,119,136,136,170,183,183,183,203,103,103,130,130,231,231,246,246,246,29,45,45],"floor_reached":23,"playtime":1688,"items_purged":["Defend_R","Strike_R","Strike_R"],"score":265,"play_id":"6d58b58b-5779-49a6-b514-63fe063e3e4e","local_time":"20180814152408","is_ascension_mode":true,"campfire_choices":[{"data":"Bash","floor":6,"key":"SMITH"},{"data":"True Grit","floor":10,"key":"SMITH"},{"data":"Pommel Strike","floor":15,"key":"SMITH"}],"neow_cost":"NONE","seed_source_timestamp":28946054412322,"circlet_count":0,"master_deck":["Strike_R","Defend_R","Defend_R","Defend_R","Bash+1","True Grit+1","Dropkick","Headbutt","Pommel Strike+1","Double Tap","Headbutt","Finesse"],"relics":["Black Blood","NeowsBlessing","Frozen Egg 2","Singing Bowl","Thread and Needle","Odd Mushroom"],"potions_floor_usage":[14,14,16,16],"damage_taken":[{"damage":0,"enemies":"Jaw Worm","floor":1,"turns":1},{"damage":0,"enemies":"Small Slimes","floor":5,"turns":1},{"damage":0,"enemies":"Gremlin Nob","floor":7,"turns":1},{"damage":6,"enemies":"2 Louse","floor":8,"turns":2},{"damage":3,"enemies":"Looter","floor":11,"turns":4},{"damage":11,"floor":14,"turns":6},{"damage":72,"enemies":"Hexaghost","floor":16,"turns":10},{"damage":0,"enemies":"Chosen","floor":18,"turns":4},{"damage":40,"enemies":"Spheric Guardian","floor":22,"turns":7},{"damage":59,"enemies":"Gremlin Leader","floor":23,"turns":7}],"seed_played":"-7748202409510072193","potions_obtained":[{"floor":7,"key":"Fruit Juice"},{"floor":11,"key":"Ancient Potion"},{"floor":14,"key":"EntropicBrew"},{"floor":22,"key":"GamblersBrew"}],"is_trial":false,"path_per_floor":["M","?","?","$","M","R","E","M","T","R","M","$","?","?","R","B",null,"M","?","?","$","M"],"character_chosen":"IRONCLAD","items_purchased":["Finesse"],"campfire_rested":0,"item_purchase_floors":[21],"current_hp_per_floor":[80,69,69,69,75,75,80,80,80,80,80,80,77,79,79,13,69,81,81,81,81,53,0],"gold":45,"neow_bonus":"THREE_ENEMY_KILL","is_prod":false,"is_daily":false,"chose_seed":false,"campfire_upgraded":3,"win_rate":0,"timestamp":1534231448,"path_taken":["M","?","?","$","?","R","E","M","T","R","M","$","?","?","R","BOSS","M","?","?","$","?","E"],"build_version":"2018-08-09","purchased_purges":3,"victory":false,"max_hp_per_floor":[80,80,80,80,80,80,80,80,80,80,80,80,80,87,87,87,87,89,89,89,89,91,91],"card_choices":[{"not_picked":["Perfected Strike","Heavy Blade"],"picked":"True Grit","floor":1},{"not_picked":["Anger","Armaments"],"picked":"Dropkick","floor":5},{"not_picked":["Metallicize","Carnage"],"picked":"Headbutt","floor":7},{"not_picked":["Twin Strike","Havoc","Feel No Pain+1"],"picked":"SKIP","floor":8},{"not_picked":["Entrench","Battle Trance"],"picked":"Pommel Strike","floor":11},{"not_picked":["Pummel","Havoc","Warcry"],"picked":"Singing Bowl","floor":14},{"not_picked":["Berserk+1","Fiend Fire"],"picked":"Double Tap","floor":16},{"not_picked":["Entrench+1","Rupture+1","Hemokinesis"],"picked":"Singing Bowl","floor":18},{"not_picked":["Bloodletting","Iron Wave","Cleave"],"picked":"Singing Bowl","floor":22}],"player_experience":423044,"relics_obtained":[{"floor":7,"key":"Frozen Egg 2"},{"floor":9,"key":"Singing Bowl"},{"floor":14,"key":"Odd Mushroom"}],"event_choices":[{"event_name":"World of Goop","player_choice":"Gather Gold","floor":2,"damage_taken":0},{"event_name":"Living Wall","player_choice":"Forget","floor":3,"damage_taken":0},{"event_name":"Scrap Ooze","player_choice":"success","floor":13,"damage_taken":3},{"event_name":"Mushrooms","player_choice":"Fought Mushrooms","floor":14,"damage_taken":0},{"event_name":"The Mausoleum","player_choice":"No","floor":19,"damage_taken":0},{"event_name":"Transmorgrifier","player_choice":"Transform","floor":20,"damage_taken":0}],"is_beta":false,"boss_relics":[{"not_picked":["White Beast Statue","Coffee Dripper"],"picked":"Black Blood"}],"items_purged_floors":[4,12,21],"is_endless":false,"potions_floor_spawned":[7,11,14,22],"killed_by":"Gremlin Leader","ascension_level":5}