{"gold_per_floor":[116,191,191,209,134,169,169,202,283,315,315,332,400,134,134,210,210,220,232,24,36,52,52,68,68,91,91,119,137,137],"floor_reached":30,"playtime":1039,"items_purged":["Strike_R","Strike_R","Strike_R"],"score":527,"play_id":"4d338bb0-660a-4f10-a35a-2c3d504e4b1a","local_time":"20181226223902","is_ascension_mode":true,"campfire_choices":[{"data":"Bash","floor":7,"key":"SMITH"},{"data":"Sword Boomerang","floor":15,"key":"SMITH"},{"data":"Whirlwind","floor":23,"key":"SMITH"},{"floor":25,"key":"REST"},{"data":"Demon Form","floor":27,"key":"SMITH"}],"neow_cost":"NONE","seed_source_timestamp":449321383994442,"circlet_count":0,"master_deck":["AscendersBane","Strike_R","Strike_R","Defend_R","Defend_R","Defend_R","Defend_R","Bash+1","Carnage","Cleave","Clothesline","Sword Boomerang+1","Demon Form+1","Whirlwind+1","Seeing Red+1"],"relics":["Burning Blood","NeowsBlessing","Boot","Happy Flower","Dodecahedron","Pen Nib","Potion Belt","Darkstone Periapt","Orichalcum","Busted Crown","Oddly Smooth Stone","FossilizedHelix"],"potions_floor_usage":[8,10,16,16,22,22],"damage_taken":[{"damage":0,"enemies":"Cultist","floor":1,"turns":1},{"damage":0,"enemies":"Small Slimes","floor":4,"turns":1},{"damage":0,"enemies":"Lagavulin","floor":6,"turns":1},{"damage":12,"enemies":"Gremlin Nob","floor":8,"turns":3},{"damage":20,"enemies":"3 Sentries","floor":10,"turns":6},{"damage":5,"enemies":"2 Louse","floor":12,"turns":3},{"damage":12,"enemies":"Slime Boss","floor":16,"turns":6},{"damage":9,"enemies":"Shell Parasite","floor":18,"turns":3},{"damage":30,"enemies":"3 Byrds","floor":19,"turns":4},{"damage":12,"enemies":"Snake Plant","floor":21,"turns":3},{"damage":19,"enemies":"Shelled Parasite and Fungi","floor":22,"turns":3},{"damage":9,"enemies":"Snecko","floor":24,"turns":4},{"damage":35,"enemies":"Book of Stabbing","floor":28,"turns":4},{"damage":0,"enemies":"Cultist and Chosen","floor":29,"turns":3},{"damage":19,"enemies":"Shelled Parasite and Fungi","floor":30,"turns":2}],"seed_played":"-946191480947123776","potions_obtained":[{"floor":1,"key":"SteroidPotion"},{"floor":8,"key":"SkillPotion"},{"floor":10,"key":"AttackPotion"},{"floor":12,"key":"Energy Potion"},{"floor":19,"key":"LiquidBronze"},{"floor":21,"key":"EssenceOfSteel"},{"floor":28,"key":"SpeedPotion"}],"is_trial":false,"path_per_floor":["M","?","?","M","$","E","R","E","T","E","?","M","T","$","R","B",null,"M","M","$","M","M","R","M","R","T","R","E","M","M"],"character_chosen":"IRONCLAD","items_purchased":["Orichalcum","Whirlwind"],"campfire_rested":1,"item_purchase_floors":[14,20],"current_hp_per_floor":[74,63,63,69,69,75,75,69,69,55,50,51,51,51,51,45,68,65,41,41,35,22,22,19,41,41,41,12,18,0],"gold":137,"neow_bonus":"THREE_ENEMY_KILL","is_prod":false,"is_daily":false,"chose_seed":false,"campfire_upgraded":4,"win_rate":0,"timestamp":1545835142,"path_taken":["M","?","?","M","$","E","R","E","T","E","?","M","?","$","R","BOSS","M","M","$","M","M","R","M","R","T","R","E","M","M"],"build_version":"2018-12-20","purchased_purges":3,"victory":false,"max_hp_per_floor":[75,75,75,75,75,75,75,75,75,75,75,75,75,75,75,75,75,75,75,75,75,75,75,75,75,75,75,75,75,75],"card_choices":[{"not_picked":["Anger","Twin Strike"],"picked":"Carnage","floor":1},{"not_picked":["Pommel Strike","Blood for Blood"],"picked":"Cleave","floor":4},{"not_picked":["Blood for Blood","Disarm"],"picked":"Clothesline","floor":6},{"not_picked":["Warcry","True Grit"],"picked":"Sword Boomerang","floor":8},{"not_picked":["Clothesline","Warcry","Headbutt"],"picked":"SKIP","floor":10},{"not_picked":["Infernal Blade","Armaments","Perfected Strike"],"picked":"SKIP","floor":12},{"not_picked":["Bludgeon","Immolate"],"picked":"Demon Form","floor":16},{"not_picked":["Body Slam"],"picked":"SKIP","floor":18},{"not_picked":["Spot Weakness"],"picked":"SKIP","floor":19},{"not_picked":["Pommel Strike"],"picked":"SKIP","floor":21},{"not_picked":["Dual Wield"],"picked":"SKIP","floor":22},{"not_picked":["Carnage"],"picked":"SKIP","floor":24},{"not_picked":[],"picked":"Seeing Red+1","floor":28},{"not_picked":["Shrug It Off"],"picked":"SKIP","floor":29}],"player_experience":616767,"relics_obtained":[{"floor":6,"key":"Boot"},{"floor":8,"key":"Happy Flower"},{"floor":9,"key":"Dodecahedron"},{"floor":10,"key":"Pen Nib"},{"floor":13,"key":"Darkstone Periapt"},{"floor":26,"key":"Oddly Smooth Stone"},{"floor":28,"key":"FossilizedHelix"}],"event_choices":[{"damage_healed":0,"gold_gain":75,"player_choice":"Gather Gold","damage_taken":11,"max_hp_gain":0,"max_hp_loss":0,"event_name":"World of Goop","floor":2,"gold_loss":0},{"damage_healed":0,"gold_gain":0,"player_choice":"Ignored","damage_taken":0,"max_hp_gain":0,"max_hp_loss":0,"event_name":"Liars Game","floor":3,"gold_loss":0},{"damage_healed":0,"gold_gain":0,"player_choice":"Success","damage_taken":5,"relics_obtained":["Potion Belt"],"max_hp_gain":0,"max_hp_loss":0,"event_name":"Scrap Ooze","floor":11,"gold_loss":0}],"is_beta":false,"boss_relics":[{"not_picked":["Tiny House","Empty Cage"],"picked":"Busted Crown"}],"items_purged_floors":[5,14,20],"is_endless":false,"potions_floor_spawned":[1,8,10,12,19,21,28],"killed_by":"Shelled Parasite and Fungi","ascension_level":16}