{"gold_per_floor":[109,34,52,52,70,135,135,163,163,25,60,60],"floor_reached":12,"playtime":685,"items_purged":["Strike_B","Defend_B"],"score":110,"play_id":"071c3c91-e5b5-46f3-8c3b-56e8691b32a3","local_time":"20180721140917","is_ascension_mode":true,"campfire_choices":[{"data":"Turbo","floor":7,"key":"SMITH"}],"neow_cost":"NONE","seed_source_timestamp":68117869770570,"circlet_count":0,"master_deck":["Strike_B","Strike_B","Strike_B","Defend_B","Defend_B","Defend_B","Zap+1","Dualcast","Rip and Tear","Ball Lightning","Skim","Turbo+1","Conserve Battery","FTL","Multi-Cast"],"relics":["Cracked Core","Tiny Chest","Pantograph","Blood Vial","Matryoshka"],"potions_floor_usage":[11,11],"damage_taken":[{"damage":5,"enemies":"Cultist","floor":1,"turns":4},{"damage":5,"enemies":"2 Louse","floor":3,"turns":2},{"damage":2,"enemies":"Jaw Worm","floor":5,"turns":2},{"damage":25,"enemies":"Lagavulin","floor":6,"turns":4},{"damage":17,"enemies":"3 Sentries","floor":8,"turns":5},{"damage":16,"enemies":"Gremlin Nob","floor":11,"turns":3},{"damage":20,"enemies":"Gremlin Gang","floor":12,"turns":1}],"seed_played":"-2886772954276332834","potions_obtained":[{"floor":1,"key":"Regen Potion"},{"floor":3,"key":"SteroidPotion"},{"floor":6,"key":"SkillPotion"}],"is_trial":false,"path_per_floor":["M","$","M","$","M","E","R","E","T","$","E"],"character_chosen":"DEFECT","items_purchased":["FTL"],"campfire_rested":0,"item_purchase_floors":[10],"current_hp_per_floor":[70,70,65,65,63,38,38,21,21,21,16,0],"gold":60,"neow_bonus":"UPGRADE_CARD","is_prod":false,"is_daily":false,"chose_seed":false,"campfire_upgraded":1,"win_rate":0,"timestamp":1532153357,"path_taken":["M","?","?","$","M","E","R","E","T","$","E","M"],"build_version":"2018-07-19v2","purchased_purges":2,"victory":false,"max_hp_per_floor":[75,75,75,75,75,75,75,75,75,75,75,75],"card_choices":[{"not_picked":["Auto Shields","Turbo"],"picked":"Rip and Tear","floor":1},{"not_picked":["Scrape","Sweeping Beam"],"picked":"Ball Lightning","floor":3},{"not_picked":["Compile Driver","Doom and Gloom"],"picked":"Skim","floor":5},{"not_picked":["Steam","Stack"],"picked":"Turbo","floor":6},{"not_picked":["Darkness","Storm"],"picked":"Conserve Battery","floor":8},{"not_picked":["Go for the Eyes","Turbo"],"picked":"Multi-Cast","floor":11}],"player_experience":192051,"relics_obtained":[{"floor":6,"key":"Tiny Chest"},{"floor":8,"key":"Pantograph"},{"floor":9,"key":"Blood Vial"},{"floor":11,"key":"Matryoshka"}],"event_choices":[],"is_beta":false,"boss_relics":[],"items_purged_floors":[2,10],"is_endless":false,"potions_floor_spawned":[1,3,6],"killed_by":"Gremlin Gang","ascension_level":3}