{"gold_per_floor":[99,24,24,24,24,24,24,24,24,24,24,24,24,24,24,24,24,24,24,24,24,24,24,24,24,24,24,24,24,24,24,24,24,24,24,24,24,24,24,24,24,24,24,24,24,24,24,24,24,24],"floor_reached":51,"playtime":3576,"items_purged":["Strike_B"],"score":725,"play_id":"88d94996-0cb3-495f-92c6-c3c0a6cd7740","local_time":"20180721071256","is_ascension_mode":true,"campfire_choices":[{"data":"Dualcast","floor":6,"key":"SMITH"},{"data":"Defragment","floor":10,"key":"SMITH"},{"data":"Glacier","floor":15,"key":"SMITH"},{"data":"Double Energy","floor":23,"key":"SMITH"},{"data":"Skim","floor":25,"key":"SMITH"},{"data":"Redo","floor":27,"key":"SMITH"},{"data":"Thunder Strike","floor":29,"key":"SMITH"},{"data":"All For One","floor":32,"key":"SMITH"},{"data":"Defragment","floor":40,"key":"SMITH"},{"data":"Self Repair","floor":42,"key":"SMITH"},{"floor":47,"key":"REST"},{"floor":49,"key":"REST"}],"neow_cost":"NONE","seed_source_timestamp":40233343430959,"circlet_count":0,"master_deck":["Strike_B","Strike_B","Defend_B","Defend_B","Defend_B","Defend_B","Zap+1","Dualcast+1","Redo+1","Melter","Defragment+1","Melter","Glacier+1","Defragment+1","All For One+1","Self Repair+1","Thunder Strike+1","Self Repair","Necronomicurse","Double Energy+1","Skim+1","Ball Lightning+1","BootSequence+1","Storm+1","Echo Form","Static Discharge+1","Leap+1","Self Repair","Storm+1","Meteor Strike","Dark Shackles"],"relics":["Ectoplasm","Pen Nib","Happy Flower","Sozu","Necronomicon","Omamori","Mummified Hand","Dodecahedron","Lizard Tail","Boot","Letter Opener"],"potions_floor_usage":[16,16,16],"damage_taken":[{"damage":1,"enemies":"Jaw Worm","floor":1,"turns":4},{"damage":31,"enemies":"Lagavulin","floor":7,"turns":6},{"damage":0,"enemies":"Cultist","floor":8,"turns":4},{"damage":2,"enemies":"2 Louse","floor":12,"turns":3},{"damage":0,"enemies":"Exordium Wildlife","floor":13,"turns":2},{"damage":0,"enemies":"Large Slime","floor":14,"turns":5},{"damage":9,"enemies":"Hexaghost","floor":16,"turns":9},{"damage":5,"enemies":"Chosen","floor":18,"turns":4},{"damage":9,"enemies":"Shell Parasite","floor":22,"turns":5},{"damage":1,"enemies":"Centurion and Healer","floor":24,"turns":7},{"damage":17,"enemies":"Slavers","floor":28,"turns":7},{"damage":36,"enemies":"Book of Stabbing","floor":30,"turns":4},{"damage":0,"enemies":"Sentry and Sphere","floor":31,"turns":2},{"damage":40,"enemies":"Collector","floor":33,"turns":8},{"damage":18,"enemies":"Orb Walker","floor":35,"turns":3},{"damage":32,"enemies":"3 Darklings","floor":37,"turns":4},{"damage":7,"enemies":"Transient","floor":38,"turns":5},{"damage":0,"enemies":"Spire Growth","floor":39,"turns":4},{"damage":50,"enemies":"2 Orb Walkers","floor":41,"turns":4},{"damage":4,"enemies":"Sphere and 2 Shapes","floor":44,"turns":3},{"damage":39,"enemies":"Flame Bruiser 2 Orb","floor":45,"turns":4},{"damage":27,"enemies":"Spire Growth","floor":46,"turns":3},{"damage":52,"enemies":"Donu and Deca","floor":50,"turns":5}],"seed_played":"6705683963944491181","potions_obtained":[{"floor":8,"key":"FocusPotion"},{"floor":12,"key":"AttackPotion"},{"floor":13,"key":"Ancient Potion"}],"is_trial":false,"path_per_floor":["M","$","?","$","?","R","E","M","T","R","?","M","M","M","R","B",null,"M","?","?","?","M","R","M","R","T","R","E","R","E","M","R","B",null,"M","$","M","M","M","R","E","R","T","M","M","M","R","?","R","B"],"character_chosen":"DEFECT","items_purchased":[],"campfire_rested":2,"item_purchase_floors":[],"current_hp_per_floor":[74,74,74,74,74,74,43,43,43,43,43,41,41,41,41,32,75,70,70,70,54,59,59,72,72,72,72,69,69,47,54,54,28,75,64,64,32,39,60,60,24,24,24,30,44,24,46,46,68,30],"gold":24,"neow_bonus":"BOSS_RELIC","is_prod":false,"is_daily":false,"chose_seed":false,"campfire_upgraded":10,"win_rate":0,"timestamp":1532128376,"path_taken":["M","$","?","?","?","R","E","?","T","R","?","M","M","M","R","BOSS","M","?","?","?","M","R","M","R","T","R","E","R","E","M","R","BOSS","M","?","M","M","M","R","E","R","T","M","M","M","R","?","R","BOSS"],"build_version":"2018-07-19v2","purchased_purges":1,"victory":true,"max_hp_per_floor":[75,75,75,75,75,75,75,75,75,75,75,75,75,75,75,75,75,75,75,75,75,75,75,75,75,75,75,75,75,75,75,75,75,75,75,75,75,75,75,75,75,75,75,75,75,75,75,75,75,75],"card_choices":[{"not_picked":["Sweeping Beam","Go for the Eyes"],"picked":"Redo","floor":1},{"not_picked":["Storm","Lockon"],"picked":"Melter","floor":7},{"not_picked":["Barrage","Rebound"],"picked":"Defragment","floor":8},{"not_picked":["Force Field","Recycle"],"picked":"Melter","floor":12},{"not_picked":["Steam","Compile Driver"],"picked":"Glacier","floor":13},{"not_picked":["Biased Cognition","Rebound"],"picked":"Defragment","floor":14},{"not_picked":["Fission","Electrodynamics"],"picked":"All For One","floor":16},{"not_picked":["Ball Lightning","Static Discharge"],"picked":"Self Repair","floor":18},{"not_picked":["Cold Snap","Blizzard"],"picked":"Double Energy","floor":22},{"not_picked":["Compile Driver","Capacitor"],"picked":"Skim","floor":24},{"not_picked":["Stack","Cold Snap"],"picked":"Ball Lightning+1","floor":28},{"not_picked":["Streamline","Gash"],"picked":"BootSequence+1","floor":30},{"not_picked":["Consume","Streamline"],"picked":"Storm+1","floor":31},{"not_picked":["Thunder Strike","Rainbow"],"picked":"Echo Form","floor":33},{"not_picked":["White Noise","Steam Power"],"picked":"Static Discharge+1","floor":35},{"not_picked":["Barrage","Recycle","Hello World"],"picked":"SKIP","floor":37},{"not_picked":["Steam","Barrage"],"picked":"Leap+1","floor":38},{"not_picked":["Consume+1","Compile Driver+1"],"picked":"Self Repair","floor":39},{"not_picked":["Consume","Gash"],"picked":"Storm+1","floor":41},{"not_picked":["Aggregate+1","Redo","Consume+1"],"picked":"SKIP","floor":44},{"not_picked":["Turbo","Stack"],"picked":"Meteor Strike","floor":45},{"not_picked":["Doom and Gloom","Rebound","Scrape"],"picked":"SKIP","floor":46},{"not_picked":["Deep Breath","Apotheosis"],"picked":"Dark Shackles","floor":48}],"player_experience":172920,"relics_obtained":[{"floor":7,"key":"Pen Nib"},{"floor":9,"key":"Happy Flower"},{"floor":21,"key":"Necronomicon"},{"floor":26,"key":"Omamori"},{"floor":28,"key":"Mummified Hand"},{"floor":30,"key":"Dodecahedron"},{"floor":41,"key":"Boot"},{"floor":43,"key":"Letter Opener"}],"event_choices":[{"event_name":"Liars Game","player_choice":"disagreed","floor":3,"damage_taken":0},{"event_name":"Upgrade Shrine","player_choice":"Upgraded","floor":5,"damage_taken":0},{"event_name":"Living Wall","player_choice":"Forget","floor":11,"damage_taken":0},{"event_name":"Match and Keep!","player_choice":"1 cards matched","floor":19,"damage_taken":0},{"event_name":"The Library","player_choice":"Read","floor":20,"damage_taken":0},{"event_name":"Cursed Tome","player_choice":"Obtained Book","floor":21,"damage_taken":0},{"event_name":"SensoryStone","player_choice":"Memory 1","floor":48,"damage_taken":0}],"is_beta":false,"boss_relics":[{"not_picked":["Snecko Eye","Philosopher\u0027s Stone"],"picked":"Sozu"},{"not_picked":["Nuclear Battery","Black Star"],"picked":"Lizard Tail"}],"items_purged_floors":[2],"is_endless":false,"potions_floor_spawned":[8,12,13,24,28,30,33,35,39,46],"ascension_level":1}