{"path_per_floor":["M","$","?","M","?","R","E","R","T","M","?","M","E","M","R","B",null,"M","M","$","?","?","R","E","R","T","?","M","?","$","M","R"],"character_chosen":"DEFECT","items_purchased":["Cold Snap","Defragment","Reinforced Body","Juzu Bracelet"],"gold_per_floor":[113,63,20,30,130,130,165,165,216,230,230,250,284,301,301,401,401,382,400,95,0,0,0,29,29,29,29,44,44,44,56,56,56],"floor_reached":33,"campfire_rested":5,"playtime":1878,"current_hp_per_floor":[29,29,29,29,29,51,17,41,41,41,34,28,23,23,47,14,65,59,54,54,54,54,54,35,59,59,59,59,43,43,43,67,0],"items_purged":[],"gold":56,"score":422,"play_id":"37e3db73-8257-459b-9b33-040a43d1ab19","local_time":"20180501234602","is_prod":false,"is_daily":false,"chose_seed":false,"is_ascension_mode":true,"campfire_upgraded":1,"timestamp":1525236362,"path_taken":["M","$","?","M","?","R","E","R","T","?","?","?","E","M","R","BOSS","M","M","$","?","?","R","E","R","T","?","M","?","$","M","R","BOSS"],"build_version":"2018-05-01","seed_source_timestamp":387683657317812,"purchased_purges":0,"victory":false,"master_deck":["Strike_B+1","Strike_B","Strike_B+1","Defend_B","Defend_B","Defend_B","Defend_B","Zap","Dualcast","AscendersBane","Skim","Cold Snap","Leap+1","Chill","Capacitor","Impulse","Biased Cognition","Rebound","Coolheaded","Defragment","Reinforced Body","Impulse","Stack","Necronomicurse","Leap"],"max_hp_per_floor":[75,75,75,75,75,75,82,82,82,82,82,82,82,82,82,82,82,82,82,82,82,82,82,82,82,82,82,82,82,82,82,82,82],"relics":["Cracked Core","Gambling Chip","Strawberry","Bag of Preparation","Bronze Scales","Sozu","Juzu Bracelet","Lantern","Whetstone","Cables","Spirit Poop","Necronomicon"],"card_choices":[{"not_picked":["Steam Power","Reprieve"],"picked":"Skim","floor":1},{"not_picked":["Impulse","Cold Snap"],"picked":"Leap","floor":7},{"not_picked":["Coolheaded","Go for the Eyes"],"picked":"Chill","floor":10},{"not_picked":["Sweeping Beam","Turbo"],"picked":"Capacitor","floor":13},{"not_picked":["Go for the Eyes","Double Energy"],"picked":"Impulse","floor":14},{"not_picked":["Thunder Strike","Machine Learning"],"picked":"Biased Cognition","floor":16},{"not_picked":["Undo","Go for the Eyes"],"picked":"Rebound","floor":18},{"not_picked":["Axe Kick","Aggregate"],"picked":"Coolheaded","floor":19},{"not_picked":["Steam Power","Scrape"],"picked":"Impulse","floor":24},{"not_picked":["Streamline","Hologram"],"picked":"Stack","floor":28},{"not_picked":["Coolheaded","Reprogram"],"picked":"Leap","floor":31}],"player_experience":141353,"potions_floor_usage":[12,14],"damage_taken":[{"damage":5,"enemies":"2 Louse","floor":1,"turns":3},{"damage":0,"enemies":"Small Slimes","floor":4,"turns":3},{"damage":41,"enemies":"Lagavulin","floor":7,"turns":8},{"damage":0,"enemies":"Cultist","floor":10,"turns":3},{"damage":18,"enemies":"Exordium Wildlife","floor":12,"turns":7},{"damage":5,"enemies":"3 Sentries","floor":13,"turns":11},{"damage":0,"enemies":"Gremlin Gang","floor":14,"turns":3},{"damage":33,"enemies":"The Guardian","floor":16,"turns":16},{"damage":6,"enemies":"2 Thieves","floor":18,"turns":4},{"damage":5,"enemies":"Chosen","floor":19,"turns":6},{"damage":19,"enemies":"Slavers","floor":24,"turns":9},{"damage":0,"enemies":"Snecko","floor":28,"turns":7},{"damage":0,"enemies":"Sentry and Sphere","floor":31,"turns":5},{"damage":70,"enemies":"Automaton","floor":33,"turns":14}],"event_choices":[{"event_name":"World of Goop","player_choice":"Left","floor":3,"damage_taken":0},{"event_name":"Golden Shrine","player_choice":"Pray","floor":5,"damage_taken":0},{"event_name":"Golden Wing","player_choice":"Card Removal","floor":11,"damage_taken":0},{"event_name":"Masked Bandits","player_choice":"Paid Bandits 95 gold","floor":21,"damage_taken":0},{"event_name":"The Mausoleum","player_choice":"Yes","floor":22,"damage_taken":0},{"event_name":"Bonfire Elementals","player_choice":"CURSE","floor":27,"damage_taken":0},{"event_name":"Cursed Tome","player_choice":"Obtained Book","floor":29,"damage_taken":0}],"boss_relics":[{"not_picked":["Pandora\u0027s Box","Snecko Eye"],"picked":"Sozu"}],"potions_floor_spawned":[1,4,10,19,28,31],"seed_played":"3321757432829582168","killed_by":"Automaton","ascension_level":11,"is_trial":false}