{"gold_per_floor":[115,115,115,28,43,71,71,246,246,246],"floor_reached":10,"playtime":311,"items_purged":[],"score":74,"play_id":"88e94a70-c722-47b4-90ef-b325711ef126","local_time":"20190612221745","is_ascension_mode":true,"campfire_choices":[{"data":"Double Energy","floor":7,"key":"SMITH"}],"neow_cost":"NONE","seed_source_timestamp":6456368300760,"circlet_count":0,"master_deck":["Strike_B","Strike_B","Strike_B","Defend_B","Defend_B","Defend_B","Defend_B","Zap","Dualcast","Go for the Eyes","Bandage Up","Gash","Double Energy+1","Doubt"],"relics":["Cracked Core","DataDisk","Mummified Hand"],"potions_floor_usage":[6],"damage_taken":[{"damage":0,"enemies":"2 Louse","floor":1,"turns":2},{"damage":2,"enemies":"Jaw Worm","floor":5,"turns":3},{"damage":31,"enemies":"Lagavulin","floor":6,"turns":6},{"damage":62,"enemies":"3 Sentries","floor":10,"turns":10}],"seed_played":"7415090421962836881","potions_obtained":[{"floor":1,"key":"FearPotion"}],"is_trial":false,"path_per_floor":["M","?","?","$","M","E","R","?","T","E"],"character_chosen":"DEFECT","items_purchased":["Bandage Up"],"campfire_rested":0,"item_purchase_floors":[4],"current_hp_per_floor":[82,75,80,80,82,55,55,55,55,0],"gold":246,"neow_bonus":"TEN_PERCENT_HP_BONUS","is_prod":false,"is_daily":false,"chose_seed":false,"campfire_upgraded":1,"win_rate":0,"timestamp":1560392265,"path_taken":["M","?","?","?","M","E","R","?","T","E"],"build_version":"2019-01-23","purchased_purges":0,"victory":false,"max_hp_per_floor":[82,82,87,87,87,87,87,87,87,87],"card_choices":[{"not_picked":["BootSequence","Hologram"],"picked":"Go for the Eyes","floor":1},{"not_picked":["Hologram","Blizzard"],"picked":"Gash","floor":5},{"not_picked":["Fusion","Barrage"],"picked":"Double Energy","floor":6}],"player_experience":397945,"relics_obtained":[{"floor":6,"key":"DataDisk"},{"floor":9,"key":"Mummified Hand"}],"event_choices":[{"cards_removed":["Strike_B"],"damage_healed":0,"gold_gain":0,"player_choice":"Card Removal","damage_taken":7,"max_hp_gain":0,"max_hp_loss":0,"event_name":"Golden Wing","floor":2,"gold_loss":0},{"damage_healed":0,"gold_gain":0,"player_choice":"Donut","damage_taken":0,"max_hp_gain":5,"max_hp_loss":0,"event_name":"Big Fish","floor":3,"gold_loss":0},{"damage_healed":0,"gold_gain":175,"player_choice":"AGREE","damage_taken":0,"max_hp_gain":0,"max_hp_loss":0,"event_name":"Liars Game","floor":8,"gold_loss":0,"cards_obtained":["Doubt"]}],"is_beta":false,"boss_relics":[],"items_purged_floors":[],"is_endless":false,"potions_floor_spawned":[1],"killed_by":"3 Sentries","ascension_level":3}