{"path_per_floor":["M","$","?","?","$","E","R","E","T","M","M","E","T","?","R","B",null,"M","?","$","$","?","?"],"character_chosen":"THE_SILENT","items_purchased":["Footwork","Backflip"],"gold_per_floor":[116,5,5,5,5,32,32,59,59,78,98,124,204,204,204,308,308,288,288,188,164,164,79],"floor_reached":24,"campfire_rested":0,"playtime":1051,"current_hp_per_floor":[63,63,56,56,56,56,56,63,63,59,59,39,39,57,57,13,59,47,47,47,47,47,47],"items_purged":["Parasite","Dagger Throw"],"gold":79,"score":413,"play_id":"5606d407-3f50-4699-8f84-89fdaea8595b","is_prod":false,"is_daily":false,"is_ascension_mode":true,"campfire_upgraded":2,"path_taken":["M","$","?","?","?","E","R","E","T","?","M","E","?","?","R","BOSS","M","?","?","$","?","?","E"],"build_version":"2018-02-22-PROD2","purchased_purges":2,"victory":false,"master_deck":["Defend_G+1","Defend_G","Defend_G","Defend_G+1","Defend_G","Survivor","Neutralize","Footwork+1","Footwork","Flechettes+1","Parasite","Venomology","Noxious Fumes","Bite","Bite","Bite","Bite","Bite","Backflip","Blur"],"max_hp_per_floor":[70,67,67,67,67,67,67,74,74,74,74,74,74,74,74,74,74,74,51,51,51,51,51],"relics":["Ring of the Snake","NeowsBlessing","War Paint","Strawberry","Du-Vu Doll","Bag of Preparation","Blue Candle","Runic Pyramid","Centennial Puzzle"],"card_choices":[{"not_picked":["Crippling Poison","Acrobatics"],"picked":"Dagger Throw"},{"not_picked":["Poisoned Stab","Dagger Throw"],"picked":"Footwork"},{"not_picked":["Acrobatics","Accuracy"],"picked":"Flechettes"},{"not_picked":["Phantasmal Killer","Wraith Form"],"picked":"Venomology"},{"not_picked":["Choke","Setup"],"picked":"Noxious Fumes"}],"player_experience":197656,"potions_floor_usage":[16,24],"damage_taken":[{"damage":0,"enemies":"Cultist","floor":1,"turns":1},{"damage":0,"enemies":"3 Sentries","floor":6,"turns":2},{"damage":0,"enemies":"Lagavulin","floor":8,"turns":1},{"damage":4,"enemies":"2 Louse","floor":10,"turns":4},{"damage":0,"enemies":"Small Slimes","floor":11,"turns":4},{"damage":20,"enemies":"Gremlin Nob","floor":12,"turns":6},{"damage":44,"enemies":"The Guardian","floor":16,"turns":19},{"damage":12,"enemies":"2 Thieves","floor":18,"turns":4},{"damage":63,"enemies":"Slavers","floor":24,"turns":5}],"event_choices":[{"event_name":"Golden Wing","player_choice":"Card Removal","floor":3,"damage_taken":0},{"event_name":"Liars Game","player_choice":"disagreed","floor":4,"damage_taken":0},{"event_name":"Mushrooms","player_choice":"Healed and dodged fight","floor":14,"damage_taken":0},{"event_name":"Vampires","player_choice":"Became a vampire","floor":19,"damage_taken":0},{"event_name":"Match and Keep!","player_choice":"1 cards matched","floor":22,"damage_taken":0},{"event_name":"Addict","player_choice":"Obtained Relic","floor":23,"damage_taken":0}],"boss_relics":[{"not_picked":["Cursed Key","Eternal Feather"],"picked":"Runic Pyramid"}],"potions_floor_spawned":[1,16,18],"seed_played":"-6958099385716803157","killed_by":"Slavers","ascension_level":10,"is_trial":false}