{"gold_per_floor":[113,188,207,226,226,226,255,275,301,314,314,314,345,363,363,363],"floor_reached":16,"playtime":584,"items_purged":[],"score":157,"play_id":"4ceb1660-3b07-4c55-bfad-c253aaa19477","local_time":"20181213002949","is_ascension_mode":true,"campfire_choices":[{"data":"Defend_B","floor":6,"key":"SMITH"},{"floor":11,"key":"REST"},{"data":"Gash","floor":15,"key":"SMITH"}],"neow_cost":"NONE","seed_source_timestamp":22034703556389,"circlet_count":0,"master_deck":["Strike_B","Strike_B","Strike_B","Defend_B+1","Defend_B","Defend_B","Defend_B","Zap+1","Dualcast+1","Steam","Scrape+1","BootSequence","Seek","Leap","Gash+1","Hologram"],"relics":["Cracked Core","Bag of Marbles","Strawberry","Centennial Puzzle"],"potions_floor_usage":[13,16],"damage_taken":[{"damage":12,"enemies":"Jaw Worm","floor":1,"turns":2},{"damage":1,"enemies":"Small Slimes","floor":3,"turns":3},{"damage":0,"enemies":"2 Louse","floor":4,"turns":2},{"damage":23,"enemies":"Gremlin Nob","floor":7,"turns":4},{"damage":0,"enemies":"Red Slaver","floor":8,"turns":3},{"damage":4,"enemies":"Lots of Slimes","floor":10,"turns":3},{"damage":7,"enemies":"Lagavulin","floor":13,"turns":6},{"damage":0,"enemies":"Blue Slaver","floor":14,"turns":2},{"damage":29,"enemies":"Hexaghost","floor":16,"turns":9}],"seed_played":"1950062232796721208","potions_obtained":[{"floor":3,"key":"SkillPotion"},{"floor":7,"key":"FearPotion"}],"is_trial":false,"path_per_floor":["M","?","M","M","?","R","E","M","T","M","R","?","E","M","R","B"],"character_chosen":"DEFECT","items_purchased":[],"campfire_rested":1,"item_purchase_floors":[],"current_hp_per_floor":[56,45,44,44,29,29,6,6,13,9,33,33,26,26,26,0],"gold":363,"neow_bonus":"UPGRADE_CARD","is_prod":false,"is_daily":false,"chose_seed":false,"campfire_upgraded":2,"win_rate":0,"timestamp":1544632189,"path_taken":["M","?","M","M","?","R","E","M","T","M","R","?","E","M","R","BOSS"],"build_version":"2018-12-06","purchased_purges":0,"victory":false,"max_hp_per_floor":[75,75,75,75,75,75,75,75,82,82,82,82,82,82,82,82],"card_choices":[{"not_picked":["Barrage","Rebound"],"picked":"Steam","floor":1},{"not_picked":["Go for the Eyes","Stack","Streamline"],"picked":"SKIP","floor":3},{"not_picked":["Force Field","Rebound"],"picked":"Scrape","floor":4},{"not_picked":["Scrape","Double Energy"],"picked":"BootSequence","floor":7},{"not_picked":["Coolheaded","Compile Driver"],"picked":"Seek","floor":8},{"not_picked":["Blizzard","Steam"],"picked":"Leap","floor":10},{"not_picked":["Sunder","Beam Cell"],"picked":"Gash","floor":13},{"not_picked":["BootSequence","Thunder Strike"],"picked":"Hologram","floor":14}],"player_experience":554001,"relics_obtained":[{"floor":7,"key":"Bag of Marbles"},{"floor":9,"key":"Strawberry"},{"floor":13,"key":"Centennial Puzzle"}],"event_choices":[{"damage_healed":0,"gold_gain":75,"player_choice":"Gather Gold","damage_taken":11,"max_hp_gain":0,"max_hp_loss":0,"event_name":"World of Goop","floor":2,"gold_loss":0},{"damage_healed":0,"gold_gain":0,"player_choice":"Entered Light","damage_taken":15,"max_hp_gain":0,"max_hp_loss":0,"event_name":"Shining Light","floor":5,"gold_loss":0,"cards_upgraded":["Dualcast","Scrape"]},{"cards_removed":["Strike_B"],"damage_healed":0,"gold_gain":0,"player_choice":"Purged","damage_taken":0,"max_hp_gain":0,"max_hp_loss":0,"event_name":"Purifier","floor":12,"gold_loss":0}],"is_beta":false,"boss_relics":[],"items_purged_floors":[],"is_endless":false,"potions_floor_spawned":[3,7],"killed_by":"Hexaghost","ascension_level":8}