{"gold_per_floor":[119,119,119,132,150,179,192,206,253,273,273,284,295,295,295,394,394,409,392,392,404,329,329,359,259,259,259,259],"floor_reached":28,"playtime":1832,"items_purged":["Strike_G","Strike_G"],"score":365,"play_id":"28b5f2ab-211f-4b88-83b8-e84db6c4e568","local_time":"20190609063300","is_ascension_mode":true,"campfire_choices":[{"data":"Bane","floor":11,"key":"SMITH"},{"data":"Survivor","floor":15,"key":"SMITH"},{"floor":23,"key":"REST"},{"data":"Noxious Fumes","floor":27,"key":"SMITH"}],"neow_cost":"NONE","seed_source_timestamp":131499295224553,"circlet_count":0,"master_deck":["Defend_G","Defend_G","Defend_G","Defend_G+1","Strike_G+1","Survivor+1","Neutralize","Well Laid Plans","Bouncing Flask","Deflect","Outmaneuver","Bouncing Flask","Bane+1","Slice","After Image","Backstab","Terror+1","Noxious Fumes+1","Backstab"],"relics":["Ring of the Snake","StoneCalendar","Omamori","Empty Cage","Pantograph","Shuriken"],"potions_floor_usage":[13,13,16,19,24,28],"damage_taken":[{"damage":0,"enemies":"2 Louse","floor":1,"turns":4},{"damage":4,"enemies":"Small Slimes","floor":4,"turns":4},{"damage":0,"enemies":"Cultist","floor":5,"turns":3},{"damage":32,"enemies":"Gremlin Nob","floor":6,"turns":5},{"damage":0,"enemies":"Looter","floor":7,"turns":3},{"damage":0,"enemies":"2 Fungi Beasts","floor":8,"turns":3},{"damage":8,"enemies":"Red Slaver","floor":10,"turns":3},{"damage":1,"enemies":"Exordium Thugs","floor":12,"turns":5},{"damage":7,"enemies":"Large Slime","floor":13,"turns":6},{"damage":0,"enemies":"The Guardian","floor":16,"turns":7},{"damage":10,"enemies":"3 Byrds","floor":18,"turns":7},{"damage":8,"enemies":"2 Thieves","floor":19,"turns":4},{"damage":18,"enemies":"Snake Plant","floor":21,"turns":4},{"damage":27,"enemies":"Book of Stabbing","floor":24,"turns":6},{"damage":21,"enemies":"Cultist and Chosen","floor":28,"turns":6}],"seed_played":"2266267248471179917","potions_obtained":[{"floor":1,"key":"SteroidPotion"},{"floor":5,"key":"Ancient Potion"},{"floor":7,"key":"AttackPotion"},{"floor":13,"key":"GamblersBrew"},{"floor":16,"key":"Energy Potion"},{"floor":18,"key":"FearPotion"},{"floor":24,"key":"Regen Potion"}],"is_trial":false,"path_per_floor":["M","?","?","M","M","E","M","M","T","M","R","M","M","?","R","B",null,"M","M","?","M","$","R","E","$","T","R","M"],"character_chosen":"THE_SILENT","items_purchased":[],"campfire_rested":1,"item_purchase_floors":[],"current_hp_per_floor":[70,70,56,52,52,20,20,20,20,12,12,11,4,27,27,27,59,49,41,28,10,10,32,5,5,5,5,0],"gold":259,"neow_bonus":"REMOVE_CARD","is_prod":false,"is_daily":false,"chose_seed":false,"campfire_upgraded":3,"win_rate":0,"timestamp":1560033180,"path_taken":["M","?","?","M","M","E","M","M","T","M","R","M","M","?","R","BOSS","M","M","?","M","$","R","E","$","T","R","M"],"build_version":"2019-01-23","purchased_purges":2,"victory":false,"max_hp_per_floor":[70,70,70,70,70,70,70,70,70,70,70,70,70,70,70,70,70,70,70,75,75,75,75,75,75,75,75,75],"card_choices":[{"not_picked":["Concentrate","Flechettes"],"picked":"Well Laid Plans","floor":1},{"not_picked":["Backstab","Prepared"],"picked":"Bouncing Flask","floor":4},{"not_picked":["Prepared","Flying Knee"],"picked":"Deflect","floor":5},{"not_picked":["Burst","All Out Attack"],"picked":"Outmaneuver","floor":6},{"not_picked":["Slice","Flechettes"],"picked":"Bouncing Flask","floor":7},{"not_picked":["Slice","Sucker Punch"],"picked":"Bane","floor":8},{"not_picked":["Flying Knee","Prepared"],"picked":"Slice","floor":10},{"not_picked":["Underhanded Strike","Riddle With Holes","Prepared"],"picked":"SKIP","floor":12},{"not_picked":["Eviscerate","Prepared","Flying Knee"],"picked":"SKIP","floor":13},{"not_picked":["Storm of Steel","Glass Knife"],"picked":"After Image","floor":16},{"not_picked":["Dash+1","Underhanded Strike"],"picked":"Backstab","floor":18},{"not_picked":["Caltrops","Bouncing Flask+1"],"picked":"Terror+1","floor":19},{"not_picked":["Blade Dance","Dodge and Roll+1"],"picked":"Noxious Fumes","floor":21},{"not_picked":["Eviscerate","Blade Dance"],"picked":"Backstab","floor":24}],"player_experience":697868,"relics_obtained":[{"floor":6,"key":"StoneCalendar"},{"floor":9,"key":"Omamori"},{"floor":24,"key":"Pantograph"},{"floor":26,"key":"Shuriken"}],"event_choices":[{"damage_healed":0,"gold_gain":0,"player_choice":"Ignored","damage_taken":0,"max_hp_gain":0,"max_hp_loss":0,"event_name":"Liars Game","floor":2,"gold_loss":0},{"damage_healed":0,"gold_gain":0,"player_choice":"Entered Light","damage_taken":14,"max_hp_gain":0,"max_hp_loss":0,"event_name":"Shining Light","floor":3,"gold_loss":0,"cards_upgraded":["Strike_G","Defend_G"]},{"damage_healed":23,"gold_gain":0,"player_choice":"Banana","damage_taken":0,"max_hp_gain":0,"max_hp_loss":0,"event_name":"Big Fish","floor":14,"gold_loss":0},{"damage_healed":0,"gold_gain":0,"player_choice":"Shed Blood","damage_taken":18,"max_hp_gain":5,"max_hp_loss":0,"event_name":"Forgotten Altar","floor":20,"gold_loss":0}],"is_beta":false,"boss_relics":[{"not_picked":["Velvet Choker","Fusion Hammer"],"picked":"Empty Cage"}],"items_purged_floors":[22,25],"is_endless":false,"potions_floor_spawned":[1,5,7,10,13,16,18,24],"killed_by":"Cultist and Chosen","ascension_level":5}