{"gold_per_floor":[111,124,142,142,160,160,23,23,23,23,34,51,65,78,78,181,231,244,244,263,282,282],"floor_reached":22,"playtime":2425,"items_purged":[],"score":207,"play_id":"2cecd332-9a6b-4e81-b62c-973a5c3a6f59","local_time":"20190122012710","is_ascension_mode":false,"campfire_choices":[{"data":"Reboot","floor":6,"key":"SMITH"},{"data":"Echo Form","floor":8,"key":"SMITH"},{"floor":15,"key":"REST"}],"neow_cost":"NONE","seed_source_timestamp":19952674549800,"circlet_count":0,"master_deck":["Strike_B+1","Strike_B","Strike_B","Defend_B","Defend_B","Defend_B","Defend_B","Zap","Dualcast","Steam","Coolheaded","Reboot+1","All For One","Rebound","Echo Form+1","White Noise","Gash","Turbo","Stack","Reboot","Ball Lightning","Steam Power","Ghostly","Ghostly","Ghostly","Ghostly","Ghostly","Gash","Stack+1"],"relics":["Cracked Core","NeowsBlessing","Ice Cream","NlothsMask","Tiny House"],"potions_floor_usage":[11,12,12,16,16,21,22,22],"damage_taken":[{"damage":0,"enemies":"Small Slimes","floor":1,"turns":1},{"damage":0,"enemies":"Cultist","floor":2,"turns":1},{"damage":0,"enemies":"Jaw Worm","floor":3,"turns":1},{"damage":2,"enemies":"Blue Slaver","floor":5,"turns":4},{"damage":15,"enemies":"Large Slime","floor":11,"turns":8},{"damage":9,"enemies":"Gremlin Gang","floor":12,"turns":4},{"damage":15,"enemies":"Blue Slaver","floor":13,"turns":4},{"damage":14,"enemies":"Red Slaver","floor":14,"turns":4},{"damage":40,"enemies":"The Guardian","floor":16,"turns":10},{"damage":28,"enemies":"3 Byrds","floor":18,"turns":4},{"damage":4,"enemies":"Spheric Guardian","floor":20,"turns":4},{"damage":2,"enemies":"Snake Plant","floor":21,"turns":4},{"damage":36,"enemies":"Cultist and Chosen","floor":22,"turns":6}],"seed_played":"1576290579284246214","potions_obtained":[{"floor":1,"key":"EssenceOfSteel"},{"floor":2,"key":"PowerPotion"},{"floor":11,"key":"Dexterity Potion"},{"floor":12,"key":"Swift Potion"},{"floor":13,"key":"Regen Potion"},{"floor":16,"key":"Swift Potion"},{"floor":17,"key":"LiquidBronze"},{"floor":20,"key":"LiquidBronze"}],"is_trial":false,"path_per_floor":["M","M","M","?","M","R","$","R","T","?","M","M","M","M","R","B",null,"M","?","M","M","M"],"character_chosen":"DEFECT","items_purchased":["Echo Form"],"campfire_rested":1,"item_purchase_floors":[7],"current_hp_per_floor":[75,75,75,75,73,73,73,73,73,73,58,49,34,20,42,17,80,52,40,36,34,0],"gold":282,"neow_bonus":"THREE_ENEMY_KILL","is_prod":false,"is_daily":false,"chose_seed":false,"campfire_upgraded":2,"win_rate":0.0,"timestamp":1548116830,"path_taken":["M","M","M","?","?","R","?","R","T","?","?","M","M","M","R","BOSS","M","?","M","M","M"],"build_version":"2019-01-17v2","purchased_purges":0,"victory":false,"max_hp_per_floor":[75,75,75,75,75,75,75,75,75,75,75,75,75,75,75,75,80,80,40,40,40,40],"card_choices":[{"not_picked":["Barrage","Go for the Eyes"],"picked":"Steam","floor":1},{"not_picked":["Heatsinks","Leap"],"picked":"Coolheaded","floor":2},{"not_picked":["Go for the Eyes","Sweeping Beam"],"picked":"Reboot","floor":3},{"not_picked":["Cold Snap","Aggregate"],"picked":"Rebound","floor":5},{"not_picked":["Scrape","Recycle"],"picked":"White Noise","floor":11},{"not_picked":["Sweeping Beam","Cold Snap"],"picked":"Gash","floor":12},{"not_picked":["Lockon","Streamline"],"picked":"Turbo","floor":13},{"not_picked":["Reboot","White Noise"],"picked":"Stack","floor":14},{"not_picked":["Core Surge","Electrodynamics"],"picked":"Reboot","floor":16},{"not_picked":["Barrage","Rip and Tear"],"picked":"Ball Lightning","floor":17},{"not_picked":["Doom and Gloom","Beam Cell"],"picked":"Steam Power","floor":18},{"not_picked":["Rip and Tear","Leap"],"picked":"Gash","floor":20},{"not_picked":["Ball Lightning+1","Compile Driver"],"picked":"Stack+1","floor":21}],"player_experience":35943,"relics_obtained":[{"floor":9,"key":"Ice Cream"}],"event_choices":[{"damage_healed":0,"gold_gain":0,"cards_transformed":["Strike_B"],"player_choice":"Transformed","damage_taken":0,"max_hp_gain":0,"max_hp_loss":0,"event_name":"Transmorgrifier","floor":4,"gold_loss":0,"cards_obtained":["All For One"]},{"damage_healed":0,"gold_gain":0,"player_choice":"Trade","damage_taken":0,"relics_obtained":["NlothsMask"],"max_hp_gain":0,"max_hp_loss":0,"event_name":"FaceTrader","floor":10,"gold_loss":0},{"damage_healed":0,"gold_gain":0,"player_choice":"Became a Ghost","damage_taken":0,"max_hp_gain":0,"max_hp_loss":40,"event_name":"Ghosts","floor":19,"gold_loss":0,"cards_obtained":["Ghostly","Ghostly","Ghostly","Ghostly","Ghostly"]}],"is_beta":false,"boss_relics":[{"not_picked":["Snecko Eye","Eternal Feather"],"picked":"Tiny House"}],"items_purged_floors":[],"is_endless":false,"potions_floor_spawned":[1,2,11,12,13,16,20],"killed_by":"Cultist and Chosen","ascension_level":0}