{"path_per_floor":["M","M","?","?","$","R","M","M","T","R","M","?","$","M","R","B",null,"M","$","T","?","M","R","?","R","T","M","M","M","R","?","R","B",null,"M","$","?","?","M","R","M","R","T","M","?","T","M","?","R","B"],"character_chosen":"THE_SILENT","items_purchased":["Footwork","Footwork"],"gold_per_floor":[117,127,127,127,12,12,25,39,90,90,109,109,9,24,24,129,129,146,21,73,73,87,87,87,87,114,130,148,162,162,162,162,266,266,282,65,65,65,82,82,99,99,99,110,0,0,12,12,12,12],"floor_reached":51,"campfire_rested":2,"playtime":3437,"current_hp_per_floor":[70,67,53,53,53,53,51,49,49,49,49,42,42,33,54,49,70,67,67,67,67,68,68,68,68,75,74,69,52,52,36,59,39,77,68,68,58,58,58,58,48,48,48,24,24,24,19,67,67,31],"items_purged":["Strike_G","Strike_G","Strike_G","Dagger Spray"],"gold":12,"score":487,"play_id":"4b21cc1a-21bd-4eb7-92c9-53a7910d8816","is_prod":false,"is_daily":false,"is_ascension_mode":false,"campfire_upgraded":8,"path_taken":["M","M","?","?","?","R","M","M","T","R","M","?","$","M","R","BOSS","M","?","?","?","M","R","?","R","T","M","?","M","R","?","R","BOSS","M","$","?","?","M","R","M","R","T","?","?","?","M","?","R","BOSS"],"build_version":"2018-02-15-PROD1","purchased_purges":4,"victory":true,"master_deck":["Defend_G","Defend_G+1","Strike_G+1","Survivor+1","Neutralize+1","Adrenaline+1","Footwork+1","Noxious Fumes+1","Backflip+1","Die Die Die","Outmaneuver+1","Cloak And Dagger","Dagger Spray+1","Adrenaline+1","Acrobatics+1","Footwork+1","Madness","Madness","Skewer","Backflip+1","Prepared+1"],"max_hp_per_floor":[70,70,70,70,70,70,70,70,70,70,70,70,70,70,70,70,70,70,70,70,70,70,70,70,70,77,77,77,77,77,77,77,77,77,77,77,77,77,77,77,77,77,77,77,77,77,77,67,67,67],"relics":["Ring of the Snake","Happy Flower","The Specimen","Dream Catcher","Strawberry","Nilry\u0027s Codex","Sozu","Tingsha","Red Mask","Ice Cream"],"card_choices":[{"not_picked":["Slice","Catalyst"],"picked":"Dagger Spray"},{"not_picked":["Sucker Punch","Adrenaline"],"picked":"Noxious Fumes"},{"not_picked":["Poisoned Stab","Deadly Poison"],"picked":"Backflip"},{"not_picked":["Burst","Venomology"],"picked":"Die Die Die"},{"not_picked":["Deadly Poison","Expertise"],"picked":"Outmaneuver"},{"not_picked":["Finisher","Acrobatics"],"picked":"Cloak And Dagger"},{"not_picked":["Dagger Throw","Deadly Poison"],"picked":"Dagger Spray"},{"not_picked":["Envenom","Unload"],"picked":"Adrenaline"},{"not_picked":["Flying Knee","Cloak And Dagger"],"picked":"Acrobatics"},{"not_picked":["Masterful Stab","Backstab"],"picked":"Backflip"},{"not_picked":["Expertise","Flying Knee"],"picked":"Prepared"}],"player_experience":125470,"potions_floor_usage":[16,16,22,33],"damage_taken":[{"damage":0,"enemies":"Cultist","floor":1,"turns":3},{"damage":3,"enemies":"2 Louse","floor":2,"turns":2},{"damage":2,"enemies":"Small Slimes","floor":7,"turns":3},{"damage":2,"enemies":"3 Louse","floor":8,"turns":3},{"damage":0,"enemies":"2 Fungi Beasts","floor":11,"turns":3},{"damage":9,"enemies":"Gremlin Gang","floor":14,"turns":3},{"damage":5,"enemies":"Slime Boss","floor":16,"turns":6},{"damage":3,"enemies":"Spheric Guardian","floor":18,"turns":7},{"damage":11,"enemies":"Chosen","floor":22,"turns":8},{"damage":1,"enemies":"Centurion and Healer","floor":27,"turns":8},{"damage":5,"enemies":"Snake Plant","floor":28,"turns":6},{"damage":17,"enemies":"Slaver and Parasite","floor":29,"turns":7},{"damage":20,"enemies":"Automaton","floor":33,"turns":9},{"damage":9,"enemies":"3 Shapes","floor":35,"turns":3},{"damage":0,"enemies":"3 Darklings","floor":39,"turns":4},{"damage":10,"enemies":"4 Shapes","floor":41,"turns":4},{"damage":24,"enemies":"Sphere and 2 Shapes","floor":44,"turns":4},{"damage":5,"enemies":"3 Darklings","floor":47,"turns":4},{"damage":36,"enemies":"Donu and Deca","floor":50,"turns":12}],"event_choices":[{"event_name":"Shining Light","player_choice":"Entered Light","floor":3,"damage_taken":0},{"event_name":"Liars Game","player_choice":"disagreed","floor":4,"damage_taken":0},{"event_name":"Golden Wing","player_choice":"Card Removal","floor":12,"damage_taken":0},{"event_name":"Drug Dealer","player_choice":"Ignored","floor":21,"damage_taken":0},{"event_name":"Back to Basics","player_choice":"Elegance","floor":24,"damage_taken":0},{"event_name":"Cursed Tome","player_choice":"Obtained Book","floor":31,"damage_taken":0},{"event_name":"Winding Halls","player_choice":"Embrace Madness","floor":37,"damage_taken":0},{"event_name":"Transmorgrifier","player_choice":"Transform","floor":38,"damage_taken":0},{"event_name":"Tomb of Lord Red Mask","player_choice":"Paid","floor":45,"damage_taken":0},{"event_name":"The Moai Head","player_choice":"Heal","floor":48,"damage_taken":0}],"boss_relics":[{"not_picked":["Calling Bell","Lizard Tail"],"picked":"The Specimen"},{"not_picked":["Question Card","White Beast Statue"],"picked":"Sozu"}],"potions_floor_spawned":[2,11,16,29,33,39,41,44],"seed_played":"620554157338361196","ascension_level":0,"is_trial":false}