{"path_per_floor":["M","?","?","M","?","R","$","?","T","R","M","R","$","M","R","B",null,"M","$","?","?","M","R","?","M","T","R","M","M","?"],"character_chosen":"THE_SILENT","items_purchased":["Noxious Fumes"],"gold_per_floor":[110,110,110,126,126,126,48,48,75,75,88,88,13,33,33,126,126,147,47,47,47,62,62,62,76,121,121,134,158,158],"floor_reached":31,"campfire_rested":4,"playtime":1179,"current_hp_per_floor":[62,46,33,24,21,41,41,41,41,41,21,56,56,53,53,39,60,42,42,42,42,37,67,67,37,39,69,42,24,24],"items_purged":["Strike_G","Concentrate"],"gold":158,"score":368,"play_id":"ef5059ae-833c-4539-b350-0c6ae6a6e1e1","local_time":"20180321224140","is_prod":false,"is_daily":false,"is_ascension_mode":true,"campfire_upgraded":2,"timestamp":1521690100,"path_taken":["M","?","?","M","?","R","$","?","T","R","M","R","$","M","R","BOSS","M","$","?","?","?","R","?","M","T","R","M","?","?","M"],"build_version":"2018-03-15v3","purchased_purges":3,"victory":false,"master_deck":["Survivor","Neutralize+1","Backflip+1","Infinite Blades","Noxious Fumes+1","Die Die Die","Noxious Fumes","Dagger Spray","Accuracy","Bouncing Flask","Deflect","Quick Slash","Deflect","Leg Sweep+1","Eviscerate","Well Laid Plans","Catalyst"],"max_hp_per_floor":[67,67,67,67,67,67,67,67,67,67,67,67,67,67,67,67,67,67,67,67,67,67,67,67,67,69,69,71,73,73],"relics":["Ring of the Snake","Golden Idol","Prayer Wheel","Regal Pillow","Pandora\u0027s Box","Singing Bowl"],"card_choices":[{"not_picked":["Finisher","PiercingWail"],"picked":"Backflip"},{"not_picked":["Deflect","Cloak And Dagger"],"picked":"Infinite Blades"},{"not_picked":["Phantasmal Killer","After Image"],"picked":"Die Die Die"},{"not_picked":["Predator","Cloak And Dagger"],"picked":"Leg Sweep"},{"not_picked":["Masterful Stab","Noxious Fumes"],"picked":"Well Laid Plans"},{"not_picked":["Cloak And Dagger","Poisoned Stab"],"picked":"Catalyst"}],"player_experience":313939,"potions_floor_usage":[16,29,31],"damage_taken":[{"damage":1.0,"enemies":"2 Louse","floor":1.0,"turns":4.0},{"damage":9.0,"enemies":"Jaw Worm","floor":4.0,"turns":5.0},{"damage":20,"enemies":"Exordium Wildlife","floor":11,"turns":6},{"damage":3,"enemies":"Looter","floor":14,"turns":4},{"damage":14,"enemies":"Hexaghost","floor":16,"turns":12},{"damage":18,"enemies":"2 Thieves","floor":18,"turns":4},{"damage":5,"enemies":"Spheric Guardian","floor":22,"turns":5},{"damage":30,"enemies":"Snake Plant","floor":25,"turns":4},{"damage":29,"enemies":"3 Cultists","floor":28,"turns":5},{"damage":32,"enemies":"Slaver and Parasite","floor":29,"turns":6},{"damage":25,"enemies":"Chosen and Byrds","floor":31,"turns":3}],"event_choices":[{"event_name":"Golden Idol","player_choice":"Take Damage","floor":2.0,"damage_taken":0.0},{"event_name":"Shining Light","player_choice":"Entered Light","floor":3.0,"damage_taken":0.0},{"event_name":"Scrap Ooze","player_choice":"success","floor":5,"damage_taken":3},{"event_name":"Accursed Blacksmith","player_choice":"Forge","floor":8,"damage_taken":0},{"event_name":"Addict","player_choice":"Ignored","floor":20,"damage_taken":0},{"event_name":"Transmorgrifier","player_choice":"Transform","floor":21,"damage_taken":0},{"event_name":"Vampires","player_choice":"Ignored","floor":24,"damage_taken":0},{"event_name":"Upgrade Shrine","player_choice":"Upgraded","floor":30,"damage_taken":0}],"boss_relics":[{"not_picked":["Philosopher\u0027s Stone","Orrery"],"picked":"Pandora\u0027s Box"}],"potions_floor_spawned":[1,11,16,25,28],"seed_played":"586757592771305408","killed_by":"Chosen and Byrds","ascension_level":13,"is_trial":false}