{"gold_per_floor":[118,43,56,56,75,75,93,111,161,186,186,197,215,229,229,334,334,344,362,362,184,99,99,162,162,185,198,222,234,246,269,281,293],"floor_reached":33,"playtime":1770,"items_purged":["Strike_G","Strike_G"],"score":309,"play_id":"09cd84d7-8f5d-4150-85d2-1f28822e7fb6","local_time":"20180811090629","is_ascension_mode":true,"campfire_choices":[{"data":"Dagger Spray","floor":6,"key":"SMITH"},{"floor":15,"key":"REST"},{"data":"Adrenaline","floor":23,"key":"SMITH"},{"data":"Venomology","floor":25,"key":"SMITH"},{"data":"Outmaneuver","floor":29,"key":"SMITH"},{"data":"Acrobatics","floor":32,"key":"SMITH"}],"neow_cost":"","seed_source_timestamp":33421901769522,"circlet_count":0,"master_deck":["Defend_G+1","Defend_G","Defend_G","Defend_G","Defend_G","Strike_G","Strike_G+1","Strike_G","Survivor","Neutralize","Dagger Spray+1","Quick Slash","Deflect","Dagger Spray","Adrenaline+1","Dash","Underhanded Strike","Backstab","Outmaneuver+1","Venomology+1","Infinite Blades","Dagger Throw","Acrobatics+1","Slice","Dagger Throw","Outmaneuver","Acrobatics"],"relics":["Ring of the Snake","Anchor","Matryoshka","Busted Crown","Omamori","Tiny Chest","Snake Skull","Ancient Tea Set","Strawberry","MawBank"],"potions_floor_usage":[16,18,19,19,24,27,27,27,31,31],"damage_taken":[{"damage":7,"enemies":"Cultist","floor":1,"turns":4},{"damage":0,"enemies":"Small Slimes","floor":3,"turns":3},{"damage":0,"enemies":"Jaw Worm","floor":5,"turns":3},{"damage":2,"enemies":"Red Slaver","floor":7,"turns":3},{"damage":0,"enemies":"Large Slime","floor":8,"turns":3},{"damage":23,"enemies":"Gremlin Nob","floor":10,"turns":4},{"damage":0,"enemies":"2 Fungi Beasts","floor":12,"turns":2},{"damage":1,"enemies":"Looter","floor":13,"turns":3},{"damage":0,"enemies":"Large Slime","floor":14,"turns":3},{"damage":35,"enemies":"Hexaghost","floor":16,"turns":12},{"damage":0,"enemies":"Spheric Guardian","floor":18,"turns":1},{"damage":0,"enemies":"Chosen","floor":19,"turns":3},{"damage":11,"enemies":"Gremlin Leader","floor":24,"turns":7},{"damage":0,"enemies":"Centurion and Healer","floor":27,"turns":3},{"damage":21,"enemies":"Snake Plant","floor":31,"turns":3},{"damage":64,"enemies":"Collector","floor":33,"turns":6}],"seed_played":"-2562799395821864246","potions_obtained":[{"floor":3,"key":"LiquidBronze"},{"floor":5,"key":"Fire Potion"},{"floor":7,"key":"Swift Potion"},{"floor":18,"key":"Ancient Potion"},{"floor":24,"key":"AttackPotion"},{"floor":27,"key":"Energy Potion"}],"is_trial":false,"path_per_floor":["M","$","M","?","M","R","M","M","T","E","?","M","M","M","R","B",null,"M","M","?","$","?","R","E","R","T","M","T","R","?","M","R"],"character_chosen":"THE_SILENT","items_purchased":["Acrobatics","Slice"],"campfire_rested":1,"item_purchase_floors":[21,21],"current_hp_per_floor":[63,63,63,49,49,49,47,47,47,24,29,29,28,28,50,15,75,75,75,75,75,75,75,64,64,64,64,71,71,71,50,50,0],"gold":293,"neow_bonus":"","is_prod":false,"is_daily":false,"chose_seed":false,"campfire_upgraded":5,"win_rate":0,"timestamp":1533949589,"path_taken":["M","$","M","?","?","R","M","M","T","E","?","M","M","M","R","BOSS","M","M","?","$","?","R","E","R","T","?","?","R","?","M","R","BOSS"],"build_version":"2018-08-09","purchased_purges":2,"victory":false,"max_hp_per_floor":[70,70,70,70,70,70,70,70,70,70,75,75,75,75,75,75,75,75,75,75,75,75,75,75,75,75,75,82,82,82,82,82,82],"card_choices":[{"not_picked":["Slice","Bane"],"picked":"Dagger Spray","floor":1},{"not_picked":["Calculated Gamble","Footwork"],"picked":"Quick Slash","floor":3},{"not_picked":["PiercingWail","Calculated Gamble"],"picked":"Deflect","floor":5},{"not_picked":["Endless Agony","Poisoned Stab"],"picked":"Dagger Spray","floor":7},{"not_picked":["Bane","Backflip"],"picked":"Adrenaline","floor":8},{"not_picked":["Setup","Endless Agony"],"picked":"Dash","floor":10},{"not_picked":["Catalyst","Deflect"],"picked":"Underhanded Strike","floor":12},{"not_picked":["Dodge and Roll","Catalyst"],"picked":"Backstab","floor":13},{"not_picked":["Tactician","PiercingWail"],"picked":"Outmaneuver","floor":14},{"not_picked":["Doppelganger","Malaise"],"picked":"Venomology","floor":16},{"not_picked":["Deflect"],"picked":"SKIP","floor":18},{"not_picked":[],"picked":"Infinite Blades","floor":19},{"not_picked":[],"picked":"Dagger Throw","floor":24},{"not_picked":[],"picked":"Outmaneuver","floor":27},{"not_picked":[],"picked":"Acrobatics","floor":31}],"player_experience":351378,"relics_obtained":[{"floor":9,"key":"Anchor"},{"floor":10,"key":"Matryoshka"},{"floor":24,"key":"Tiny Chest"},{"floor":26,"key":"Snake Skull"},{"floor":26,"key":"Ancient Tea Set"},{"floor":28,"key":"Strawberry"},{"floor":28,"key":"MawBank"}],"event_choices":[{"event_name":"Shining Light","player_choice":"Entered Light","floor":4,"damage_taken":0},{"event_name":"Big Fish","player_choice":"Donut","floor":11,"damage_taken":0},{"event_name":"The Library","player_choice":"Read","floor":20,"damage_taken":0},{"event_name":"Addict","player_choice":"Obtained Relic","floor":22,"damage_taken":0},{"event_name":"Drug Dealer","player_choice":"Ignored","floor":30,"damage_taken":0}],"is_beta":false,"boss_relics":[{"not_picked":["Sozu","HoveringKite"],"picked":"Busted Crown"}],"items_purged_floors":[2,21],"is_endless":false,"potions_floor_spawned":[3,5,7,13,18,24,27],"killed_by":"Collector","ascension_level":3}