{"gold_per_floor":[11,11,21,38,53,53,53,53,53,53,67,96,21,21,21,116,116,127,127,43,53,3,3,21,21,45,65,65,65,65],"floor_reached":30,"playtime":1814,"items_purged":["Strike_B","Strike_B","Defend_B"],"score":274,"play_id":"8ba7c586-ffea-4c05-8743-0addb4132085","local_time":"20180725092817","is_ascension_mode":true,"campfire_choices":[{"data":"Zap","floor":6,"key":"SMITH"},{"data":"Rip and Tear","floor":8,"key":"SMITH"},{"data":"Strike_B","floor":10,"key":"PURGE"},{"floor":15,"key":"REST"},{"data":"Barrage","floor":23,"key":"PURGE"},{"data":"Defend_B","floor":29,"key":"PURGE"}],"neow_cost":"NO_GOLD","seed_source_timestamp":300624099363010,"circlet_count":0,"master_deck":["Defend_B","Zap+1","Dualcast","BootSequence","Rip and Tear+1","Coolheaded","Compile Driver","Doom and Gloom","Undo"],"relics":["Cracked Core","Turnip","Peace Pipe","Calipers","Fusion Hammer","Smiling Mask","Dream Catcher","Nilry\u0027s Codex"],"potions_floor_usage":[],"damage_taken":[{"damage":0,"enemies":"2 Louse","floor":1,"turns":4},{"damage":10,"enemies":"Small Slimes","floor":3,"turns":4},{"damage":1,"enemies":"Cultist","floor":4,"turns":4},{"damage":0,"enemies":"Exordium Wildlife","floor":5,"turns":4},{"damage":0,"enemies":"2 Fungi Beasts","floor":11,"turns":2},{"damage":35,"enemies":"Gremlin Nob","floor":12,"turns":5},{"damage":25,"enemies":"The Guardian","floor":16,"turns":12},{"damage":4,"enemies":"Spheric Guardian","floor":18,"turns":4},{"damage":22,"enemies":"Shell Parasite","floor":21,"turns":5},{"damage":2,"enemies":"Snake Plant","floor":24,"turns":3},{"damage":23,"enemies":"Chosen and Byrds","floor":27,"turns":5},{"damage":42,"enemies":"Slavers","floor":30,"turns":3}],"seed_played":"-1080474495103739149","potions_obtained":[{"floor":3,"key":"Explosive Potion"},{"floor":4,"key":"LiquidBronze"},{"floor":5,"key":"PowerPotion"},{"floor":27,"key":"LiquidBronze"}],"is_trial":false,"path_per_floor":["M","$","M","M","M","R","?","R","T","R","M","E","$","?","R","B",null,"M","?","$","M","$","R","M","?","T","M","?","R"],"character_chosen":"DEFECT","items_purchased":["Doom and Gloom"],"campfire_rested":1,"item_purchase_floors":[20],"current_hp_per_floor":[75,75,65,64,64,64,64,64,64,64,64,29,29,29,51,26,75,71,71,71,49,49,49,47,75,75,52,36,36,0],"gold":65,"neow_bonus":"ONE_RARE_RELIC","is_prod":false,"is_daily":false,"chose_seed":false,"campfire_upgraded":2,"win_rate":0,"timestamp":1532482097,"path_taken":["M","$","M","M","M","R","?","R","T","R","M","E","$","?","R","BOSS","M","?","$","?","?","R","M","?","T","M","?","R","E"],"build_version":"2018-07-19v2","purchased_purges":3,"victory":false,"max_hp_per_floor":[75,75,75,75,75,75,75,75,75,75,75,75,75,75,75,75,75,75,75,75,75,75,75,75,75,75,75,75,75,75],"card_choices":[{"not_picked":["Leap","Sweeping Beam"],"picked":"BootSequence","floor":1},{"not_picked":["Compile Driver","Redo"],"picked":"Barrage","floor":3},{"not_picked":["Steam","Sweeping Beam","Rebound"],"picked":"SKIP","floor":4},{"not_picked":["Melter","Compile Driver"],"picked":"Rip and Tear","floor":5},{"not_picked":["Defragment","Cold Snap"],"picked":"Coolheaded","floor":11},{"not_picked":["Scrape","Machine Learning","Barrage"],"picked":"SKIP","floor":12},{"not_picked":["Defragment","Force Field"],"picked":"Compile Driver","floor":18},{"not_picked":["Capacitor","Coolheaded","Hello World+1"],"picked":"SKIP","floor":21},{"not_picked":["Coolheaded","Blizzard","Hyperbeam"],"picked":"SKIP","floor":24},{"not_picked":["Rebound","Defragment"],"picked":"Undo","floor":27}],"player_experience":234097,"relics_obtained":[{"floor":9,"key":"Peace Pipe"},{"floor":12,"key":"Calipers"},{"floor":26,"key":"Dream Catcher"},{"floor":28,"key":"Nilry\u0027s Codex"}],"event_choices":[{"event_name":"Living Wall","player_choice":"Forget","floor":7,"damage_taken":0},{"event_name":"Bonfire Elementals","player_choice":"BASIC","floor":14,"damage_taken":0},{"event_name":"The Mausoleum","player_choice":"Yes","floor":19,"damage_taken":0},{"event_name":"Wheel of Change","player_choice":"Full Heal","floor":25,"damage_taken":0},{"event_name":"Cursed Tome","player_choice":"Obtained Book","floor":28,"damage_taken":0}],"is_beta":false,"boss_relics":[{"not_picked":["FrozenCore","Velvet Choker"],"picked":"Fusion Hammer"}],"items_purged_floors":[13,20,22],"is_endless":false,"potions_floor_spawned":[3,4,5,16,21,24,27],"killed_by":"Slavers","ascension_level":4}