{"path_per_floor":["M","$","?","?","M","R","M","?","T","M","M","R","T","M","R","B",null,"M","?","$","M","$","R","?","R","T","T","M","M","R","M","R","B",null,"M","$","?","M","?","R","?","R","T","R","M","R","M","M","R","B"],"character_chosen":"THE_SILENT","items_purchased":["Backflip","Blood Vial","Snake Skull"],"gold_per_floor":[119,44,9,9,24,24,40,61,361,373,391,391,418,438,438,516,516,531,531,377,396,116,116,116,116,116,189,203,221,221,238,238,315,315,332,31,31,47,47,47,47,47,47,47,65,65,79,96,96,96],"floor_reached":51,"campfire_rested":4,"playtime":2897,"current_hp_per_floor":[61,61,67,72,72,72,70,43,43,39,14,37,37,36,59,32,68,59,59,59,54,54,54,81,81,81,81,72,50,50,49,75,63,83,80,80,80,72,92,92,92,92,92,92,91,91,95,86,98,7],"items_purged":["Parasite","Strike_G","Strike_G","Strike_G"],"gold":96,"score":1119,"play_id":"4170a66d-a5f4-4c44-acf3-a6cc85dfbe0f","local_time":"20180322015235","is_prod":false,"is_daily":false,"is_ascension_mode":true,"campfire_upgraded":8,"timestamp":1521701555,"path_taken":["M","$","?","?","M","R","M","?","T","M","M","R","?","?","R","BOSS","M","?","$","M","$","R","?","R","T","?","M","M","R","M","R","BOSS","M","$","?","M","?","R","?","R","T","R","M","R","M","M","R","BOSS"],"build_version":"2018-03-15v3","purchased_purges":4,"victory":true,"master_deck":["Defend_G","Defend_G","Defend_G","Defend_G","Defend_G","Strike_G","Survivor+1","Neutralize+1","Leg Sweep+1","Malaise+1","Deadly Poison+1","Burst+1","Noxious Fumes+1","Backflip+1","Bouncing Flask+1","Writhe"],"max_hp_per_floor":[70,67,67,72,74,74,74,76,76,78,78,78,78,78,78,80,80,80,80,80,82,82,82,82,82,82,82,84,86,86,88,88,90,90,90,90,90,92,92,92,92,92,92,92,94,94,96,98,98,98],"relics":["Ring of the Snake","Singing Bowl","Odd Mushroom","Old Coin","Sozu","Nloth\u0027s Gift","Blood Vial","Girya","Letter Opener","Velvet Choker","Snake Skull","Ninja Scroll"],"card_choices":[{"not_picked":["Storm of Steel","Slice"],"picked":"Leg Sweep"},{"not_picked":["Acrobatics","Deflect"],"picked":"Malaise"},{"not_picked":["Quick Slash","Dash"],"picked":"Deadly Poison"},{"not_picked":["Choke","Malaise"],"picked":"Burst"},{"not_picked":["Acrobatics","Quick Slash"],"picked":"Noxious Fumes"},{"not_picked":["Underhanded Strike","Sucker Punch"],"picked":"Bouncing Flask"}],"player_experience":320197,"potions_floor_usage":[18,50,50],"damage_taken":[{"damage":2,"enemies":"Jaw Worm","floor":1,"turns":4},{"damage":2,"enemies":"Small Slimes","floor":5,"turns":5},{"damage":2,"enemies":"2 Louse","floor":7,"turns":4},{"damage":29,"enemies":"The Mushroom Lair","floor":8,"turns":8},{"damage":6,"enemies":"Exordium Wildlife","floor":10,"turns":7},{"damage":25,"enemies":"Large Slime","floor":11,"turns":16},{"damage":1,"enemies":"Looter","floor":14,"turns":5},{"damage":29,"enemies":"The Guardian","floor":16,"turns":20},{"damage":9,"enemies":"Shell Parasite","floor":18,"turns":10},{"damage":7,"enemies":"Chosen","floor":21,"turns":7},{"damage":12,"enemies":"Centurion and Healer","floor":28,"turns":9},{"damage":26,"enemies":"Snake Plant","floor":29,"turns":5},{"damage":5,"enemies":"Snecko","floor":31,"turns":7},{"damage":16,"enemies":"Collector","floor":33,"turns":9},{"damage":5,"enemies":"3 Shapes","floor":35,"turns":6},{"damage":12,"enemies":"3 Darklings","floor":38,"turns":4},{"damage":3,"enemies":"Maw","floor":45,"turns":5},{"damage":0,"enemies":"4 Shapes","floor":47,"turns":5},{"damage":12,"enemies":"3 Darklings","floor":48,"turns":4},{"damage":103,"enemies":"Donu and Deca","floor":50,"turns":12}],"event_choices":[{"event_name":"The Cleric","player_choice":"Healed","floor":3,"damage_taken":0},{"event_name":"Big Fish","player_choice":"Donut","floor":4,"damage_taken":0},{"event_name":"Mushrooms","player_choice":"Fought Mushrooms","floor":8,"damage_taken":0},{"event_name":"N\u0027loth","player_choice":"Traded a Bag of Marbles","floor":19,"damage_taken":0},{"event_name":"The Library","player_choice":"Heal","floor":24,"damage_taken":0},{"event_name":"Winding Halls","player_choice":"Writhe","floor":39,"damage_taken":0},{"event_name":"Mysterious Sphere","player_choice":"Ignore","floor":41,"damage_taken":0}],"boss_relics":[{"not_picked":["Snecko Eye","Tiny House"],"picked":"Sozu"},{"not_picked":["Black Star","White Beast Statue"],"picked":"Velvet Choker"}],"potions_floor_spawned":[1,8,16,28,29,31,33,47,48],"seed_played":"-8732643253570764966","ascension_level":13,"is_trial":false}