{"path_per_floor":["M","M","?","?","$","R","E","R","T","E","M","?","R","M","R","B",null,"M","?","M","?","M","R","E"],"character_chosen":"DEFECT","items_purchased":["Leap"],"gold_per_floor":[112,129,129,129,2,2,40,40,40,83,103,103,103,124,124,252,252,266,266,289,204,219,219,254,254],"floor_reached":25,"campfire_rested":3,"playtime":1189,"current_hp_per_floor":[53,52,52,52,52,52,27,47,47,22,22,22,42,42,42,9,54,48,48,28,28,21,41,7,0],"items_purged":["Defend_B"],"gold":254,"score":321,"play_id":"2671f683-3594-4eb9-8c40-ef998e374b90","local_time":"20180429151325","is_prod":false,"is_daily":false,"chose_seed":false,"is_ascension_mode":true,"campfire_upgraded":2,"timestamp":1525032805,"path_taken":["M","M","?","?","?","R","E","R","T","E","M","?","R","M","R","BOSS","M","?","M","?","M","R","E","M"],"build_version":"2018-04-27v3","seed_source_timestamp":184794788094443,"purchased_purges":1,"victory":false,"master_deck":["Defend_B","Defend_B","Defend_B","Zap+1","Dualcast","FTL","Leap","Reinforced Body+1","Redo","Static Discharge+1","Genetic Algorithm+1","Reprogram+1","Ball Lightning","Sweeping Beam","Leap"],"max_hp_per_floor":[75,75,75,69,69,69,69,69,69,69,69,69,69,69,69,69,69,69,69,69,69,69,69,69,69],"relics":["White Beast Statue","Golden Idol","Calipers","Gremlin Horn","Bag of Preparation","Astrolabe","Anchor","Lantern"],"card_choices":[{"not_picked":["Storm","Melter"],"picked":"FTL","floor":2},{"not_picked":["Rebound","Coolheaded"],"picked":"Reinforced Body","floor":11},{"not_picked":["Meteor Strike","Multi-Cast"],"picked":"Redo","floor":16},{"not_picked":["Self Repair","Tempest"],"picked":"Ball Lightning","floor":18},{"not_picked":["Go for the Eyes","Stack"],"picked":"Sweeping Beam","floor":20},{"not_picked":["Beam Cell","Barrage"],"picked":"Leap","floor":22}],"player_experience":112646,"potions_floor_usage":[2,7,10,16,16,16,20,22,24,25,25],"damage_taken":[{"damage":15,"enemies":"Cultist","floor":1,"turns":5},{"damage":13,"enemies":"Small Slimes","floor":2,"turns":5},{"damage":25,"enemies":"Lagavulin","floor":7,"turns":7},{"damage":25,"enemies":"Gremlin Nob","floor":10,"turns":5},{"damage":0,"enemies":"Jaw Worm","floor":11,"turns":3},{"damage":0,"enemies":"Looter","floor":14,"turns":3},{"damage":33,"enemies":"Hexaghost","floor":16,"turns":12},{"damage":6,"enemies":"3 Byrds","floor":18,"turns":2},{"damage":20,"enemies":"Chosen","floor":20,"turns":5},{"damage":7,"enemies":"Snecko","floor":22,"turns":7},{"damage":34,"enemies":"Book of Stabbing","floor":24,"turns":6},{"damage":8,"enemies":"3 Cultists","floor":25,"turns":3}],"event_choices":[{"event_name":"Liars Game","player_choice":"disagreed","floor":3,"damage_taken":0},{"event_name":"Golden Idol","player_choice":"Lose Max HP","floor":4,"damage_taken":0},{"event_name":"Shining Light","player_choice":"Ignored","floor":12,"damage_taken":0},{"event_name":"Back to Basics","player_choice":"Elegance","floor":19,"damage_taken":0},{"event_name":"Addict","player_choice":"Obtained Relic","floor":21,"damage_taken":0}],"boss_relics":[{"not_picked":["Runic Dome","Black Star"],"picked":"Astrolabe"}],"potions_floor_spawned":[1,2,7,10,11,14,16,18,20,22,24],"seed_played":"-3389212746564205081","killed_by":"3 Cultists","ascension_level":8,"is_trial":false}