{"gold_per_floor":[114,12,27,42,57,57,57,57,57,65,80,95,147,177,177,277,277,292,307,307,307,322,322,337,337,362,392,37,52,67,267,267,367,367,382,397,412,412,149,149,179,194,219,199,199,214,216,231,231,231],"floor_reached":51,"playtime":5829,"items_purged":["Strike_B","Defend_B","Strike_B"],"score":776,"play_id":"dda0e7c7-b82a-4fcf-9373-bd58f41b0bab","local_time":"20180719044019","daily_mods":["Heirloom","Uncertain Future","Binary"],"is_ascension_mode":false,"campfire_choices":[{"data":"Darkness","floor":6,"key":"SMITH"},{"data":"Zap","floor":8,"key":"SMITH"},{"data":"Double Energy","floor":15,"key":"SMITH"},{"data":"Buffer","floor":23,"key":"SMITH"},{"data":"Machine Learning","floor":25,"key":"SMITH"},{"data":"Static Discharge","floor":32,"key":"SMITH"},{"data":"Mind Blast","floor":40,"key":"SMITH"},{"data":"Conserve Battery","floor":45,"key":"SMITH"},{"floor":49,"key":"REST"}],"neow_cost":"","seed_source_timestamp":0,"circlet_count":0,"master_deck":["Strike_B+1","Defend_B","Defend_B","Defend_B","Zap+1","Dualcast","Darkness+1","Ball Lightning","Gash+1","BootSequence","Gash","Skim","Double Energy+1","Conserve Battery+1","Coolheaded","Seek+1","Buffer+1","Turbo+1","Cold Snap","Rip and Tear","Zap+1","Machine Learning+1","Leap+1","Streamline+1","Recycle+1","Consume+1","Gash","Panache","Static Discharge+1","Sweeping Beam","All For One","Darkness+1","Steam+1","Cold Snap+1","Trip+1","Panacea+1","Thinking Ahead+1","Mind Blast+1","Conserve Battery+1","Glacier+1","Gash","Gash","Capacitor","Conserve Battery+1"],"special_seed":17730,"relics":["Cracked Core","Unceasing Top","Whetstone","Odd Mushroom","Bronze Scales","Toxic Egg 2","Nuclear Battery","Anchor","Vajra","Black Star","Juzu Bracelet","Boot","Centennial Puzzle","Ice Cream"],"potions_floor_usage":[16,16,27,33,47,50,50,50],"damage_taken":[{"damage":1,"enemies":"Small Slimes","floor":1,"turns":3},{"damage":8,"enemies":"2 Louse","floor":3,"turns":2},{"damage":6,"enemies":"Jaw Worm","floor":4,"turns":3},{"damage":2,"enemies":"Blue Slaver","floor":5,"turns":3},{"damage":9,"floor":10,"turns":3},{"damage":0,"enemies":"Large Slime","floor":11,"turns":3},{"damage":0,"enemies":"3 Louse","floor":12,"turns":3},{"damage":3,"enemies":"3 Sentries","floor":13,"turns":6},{"damage":0,"enemies":"3 Sentries","floor":14,"turns":4},{"damage":4,"enemies":"The Guardian","floor":16,"turns":10},{"damage":0,"enemies":"Shell Parasite","floor":18,"turns":3},{"damage":0,"enemies":"2 Thieves","floor":19,"turns":2},{"damage":9,"enemies":"Snake Plant","floor":22,"turns":3},{"damage":0,"enemies":"3 Cultists","floor":24,"turns":3},{"damage":0,"enemies":"Gremlin Leader","floor":27,"turns":4},{"damage":0,"enemies":"Snecko","floor":29,"turns":2},{"damage":0,"enemies":"Centurion and Healer","floor":30,"turns":2},{"damage":13,"enemies":"Champ","floor":33,"turns":5},{"damage":3,"enemies":"3 Darklings","floor":35,"turns":2},{"damage":0,"enemies":"Orb Walker","floor":36,"turns":1},{"damage":0,"enemies":"4 Shapes","floor":37,"turns":2},{"damage":3,"enemies":"Nemesis","floor":41,"turns":5},{"damage":0,"enemies":"Spire Growth","floor":42,"turns":1},{"damage":0,"enemies":"Transient","floor":46,"turns":5},{"damage":0,"floor":47,"turns":4},{"damage":17,"enemies":"Sphere and 2 Shapes","floor":48,"turns":7},{"damage":13,"enemies":"Time Eater","floor":50,"turns":7}],"seed_played":"-3893125077617489196","potions_obtained":[{"floor":1,"key":"Regen Potion"},{"floor":5,"key":"Poison Potion"},{"floor":11,"key":"SkillPotion"},{"floor":13,"key":"EssenceOfSteel"},{"floor":16,"key":"FearPotion"},{"floor":18,"key":"Dexterity Potion"},{"floor":22,"key":"Regen Potion"},{"floor":33,"key":"Dexterity Potion"},{"floor":35,"key":"LiquidBronze"},{"floor":44,"key":"LiquidBronze"},{"floor":46,"key":"Regen Potion"},{"floor":48,"key":"Swift Potion"}],"is_trial":false,"path_per_floor":["M","$","M","M","M","R","?","R","T","?","M","M","?","E","R","B",null,"M","M","?","?","M","R","M","R","T","E","$","M","M","?","R","B",null,"M","M","M","?","$","R","E","M","T","?","R","M","?","M","R","B"],"character_chosen":"DEFECT","items_purchased":["Ball Lightning","Gash","Panache","Mind Blast","Conserve Battery+1"],"campfire_rested":1,"item_purchase_floors":[2,28,28,39,39],"current_hp_per_floor":[74,74,66,60,58,58,58,58,58,49,49,49,46,46,46,42,75,75,75,61,61,52,52,52,52,52,64,64,64,64,64,64,65,80,77,77,77,67,67,67,64,64,64,64,64,64,76,59,80,67],"gold":231,"neow_bonus":"","is_prod":false,"is_daily":true,"chose_seed":false,"campfire_upgraded":8,"win_rate":0,"timestamp":1531946419,"path_taken":["M","$","M","M","M","R","?","R","T","?","M","M","?","E","R","BOSS","M","M","?","?","M","R","M","R","T","E","$","M","M","?","R","BOSS","M","M","M","?","$","R","E","M","T","?","R","M","?","M","R","BOSS"],"build_version":"2018-07-12","purchased_purges":3,"victory":true,"max_hp_per_floor":[75,75,75,75,75,75,75,75,75,75,75,75,75,75,75,75,75,75,75,80,80,80,80,80,80,80,80,80,80,80,80,80,80,80,80,80,80,80,80,80,80,80,80,80,80,80,80,80,80,80],"card_choices":[{"not_picked":["Recycle"],"picked":"Darkness","floor":1},{"not_picked":["Heatsinks"],"picked":"Gash","floor":3},{"not_picked":["Gash"],"picked":"BootSequence","floor":4},{"not_picked":["Steam"],"picked":"Gash","floor":5},{"not_picked":["Self Repair"],"picked":"Skim","floor":10},{"not_picked":["Reprogram"],"picked":"Double Energy","floor":11},{"not_picked":["Redo"],"picked":"Conserve Battery","floor":12},{"not_picked":["FTL"],"picked":"Coolheaded","floor":13},{"not_picked":["Beam Cell"],"picked":"Seek","floor":14},{"not_picked":["Meteor Strike"],"picked":"Buffer","floor":16},{"not_picked":["Loop"],"picked":"Turbo+1","floor":18},{"not_picked":["Sweeping Beam"],"picked":"Cold Snap","floor":19},{"not_picked":["Leap+1"],"picked":"Streamline+1","floor":22},{"not_picked":["Darkness+1"],"picked":"Recycle+1","floor":24},{"not_picked":["Recycle+1"],"picked":"Consume+1","floor":27},{"not_picked":["Redo+1"],"picked":"Static Discharge","floor":29},{"not_picked":["Blizzard"],"picked":"Sweeping Beam","floor":30},{"not_picked":["Machine Learning"],"picked":"All For One","floor":33},{"not_picked":["Ball Lightning"],"picked":"Darkness+1","floor":35},{"not_picked":["Leap+1"],"picked":"Steam+1","floor":36},{"not_picked":["Rebound"],"picked":"Cold Snap+1","floor":37},{"not_picked":["Panache"],"picked":"Trip+1","floor":38},{"not_picked":["Jack Of All Trades+1"],"picked":"Panacea+1","floor":38},{"not_picked":["Sadistic Nature"],"picked":"Thinking Ahead+1","floor":38},{"not_picked":["Conserve Battery+1"],"picked":"Glacier+1","floor":41},{"not_picked":["Steam+1"],"picked":"Gash","floor":42},{"not_picked":["Steam Power+1"],"picked":"Gash","floor":46},{"not_picked":["Heatsinks"],"picked":"Capacitor","floor":47},{"not_picked":["Genetic Algorithm+1"],"picked":"Conserve Battery+1","floor":48}],"player_experience":92240,"relics_obtained":[{"floor":9,"key":"Whetstone"},{"floor":10,"key":"Odd Mushroom"},{"floor":13,"key":"Bronze Scales"},{"floor":14,"key":"Toxic Egg 2"},{"floor":26,"key":"Anchor"},{"floor":27,"key":"Vajra"},{"floor":41,"key":"Juzu Bracelet"},{"floor":41,"key":"Boot"},{"floor":43,"key":"Centennial Puzzle"},{"floor":47,"key":"Ice Cream"}],"event_choices":[{"event_name":"Living Wall","player_choice":"Forget","floor":7,"damage_taken":0},{"event_name":"Mushrooms","player_choice":"Fought Mushrooms","floor":10,"damage_taken":0},{"event_name":"Dead Adventurer","player_choice":"Searched \u00271\u0027 times","floor":13,"damage_taken":0},{"event_name":"Forgotten Altar","player_choice":"Shed Blood","floor":20,"damage_taken":0},{"event_name":"Match and Keep!","player_choice":"4 cards matched","floor":21,"damage_taken":0},{"event_name":"The Joust","player_choice":"Bet on Owner","floor":31,"damage_taken":0},{"event_name":"SensoryStone","player_choice":"Memory 3","floor":38,"damage_taken":0},{"event_name":"The Woman in Blue","player_choice":"Bought 1 Potion","floor":44,"damage_taken":0},{"event_name":"Mysterious Sphere","player_choice":"Fight","floor":47,"damage_taken":0}],"boss_relics":[{"not_picked":["Runic Pyramid","Coffee Dripper"],"picked":"Nuclear Battery"},{"not_picked":["Velvet Choker","Inserter"],"picked":"Black Star"}],"items_purged_floors":[2,28,39],"is_endless":false,"potions_floor_spawned":[1,5,11,13,14,16,18,19,22,33,35,46,48],"ascension_level":0}