{"gold_per_floor":[113,133,58,58,73,73,108,108,108,122,146,146,161,61,61,162,162,179,54,54,54,54,84,84,100,130,145,163,178,178,178,178,278,278,298,148,167,267,341,341,19,0,0,12,12,22,22,41,41,41],"floor_reached":51,"playtime":4323,"items_purged":["Strike_G","Strike_G","Strike_G","Predator","Setup"],"score":704,"play_id":"249c5f97-063a-4251-b9d0-6e2408c9c1de","local_time":"20180728160649","is_ascension_mode":true,"campfire_choices":[{"data":"Noxious Fumes","floor":6,"key":"SMITH"},{"data":"Caltrops","floor":8,"key":"SMITH"},{"data":"Venomology","floor":12,"key":"SMITH"},{"data":"Neutralize","floor":15,"key":"SMITH"},{"data":"Outmaneuver","floor":24,"key":"SMITH"},{"floor":30,"key":"REST"},{"floor":32,"key":"REST"},{"data":"After Image","floor":40,"key":"SMITH"},{"data":"Crippling Poison","floor":45,"key":"SMITH"},{"data":"Catalyst","floor":47,"key":"SMITH"},{"data":"Night Terror","floor":49,"key":"SMITH"}],"neow_cost":"TEN_PERCENT_HP_LOSS","seed_source_timestamp":581177695396860,"circlet_count":0,"master_deck":["Survivor","Neutralize+1","Noxious Fumes+1","Prepared","Bane","Caltrops+1","Outmaneuver+1","Venomology+1","Dagger Throw","Unload","Cloak And Dagger+1","Backflip+1","Night Terror+1","Flying Knee","Crippling Poison+1","After Image+1","Slice","Dagger Spray","Calculated Gamble","Cloak And Dagger","Dagger Spray","Heel Hook","Footwork","Outmaneuver+1","Catalyst+1"],"relics":["Ring of the Snake","Incense Burner","Bottled Tornado","Paper Crane","Odd Mushroom","Runic Pyramid","Matryoshka","Mummified Hand","Tiny Chest","Shuriken","Bronze Scales","Bottled Flame","Pandora\u0027s Box","Ornamental Fan","Bag of Preparation","Red Mask","Omamori"],"potions_floor_usage":[11,16,16,18,18,23,27,27,27,28,28,29,33,37,46,48,50],"damage_taken":[{"damage":0,"enemies":"2 Louse","floor":1,"turns":5},{"damage":0,"enemies":"Cultist","floor":2,"turns":6},{"damage":0,"enemies":"Small Slimes","floor":5,"turns":4},{"damage":12,"enemies":"Lagavulin","floor":7,"turns":8},{"damage":0,"enemies":"Exordium Wildlife","floor":10,"turns":4},{"damage":0,"floor":11,"turns":5},{"damage":0,"enemies":"Blue Slaver","floor":13,"turns":4},{"damage":6,"enemies":"The Guardian","floor":16,"turns":10},{"damage":20,"enemies":"2 Thieves","floor":18,"turns":4},{"damage":6,"enemies":"Book of Stabbing","floor":23,"turns":5},{"damage":0,"enemies":"Chosen","floor":25,"turns":4},{"damage":18,"enemies":"3 Cultists","floor":27,"turns":5},{"damage":0,"enemies":"Snake Plant","floor":28,"turns":4},{"damage":6,"enemies":"Centurion and Healer","floor":29,"turns":4},{"damage":9,"enemies":"Collector","floor":33,"turns":8},{"damage":0,"enemies":"Flame Bruiser 1 Orb","floor":35,"turns":5},{"damage":8,"enemies":"3 Shapes","floor":37,"turns":3},{"damage":0,"enemies":"Transient","floor":44,"turns":5},{"damage":0,"enemies":"Maw","floor":46,"turns":6},{"damage":0,"enemies":"Flame Bruiser 2 Orb","floor":48,"turns":4},{"damage":22,"enemies":"Donu and Deca","floor":50,"turns":6}],"seed_played":"-5319149686323027073","potions_obtained":[{"floor":1,"key":"SpeedPotion"},{"floor":5,"key":"Block Potion"},{"floor":11,"key":"SpeedPotion"},{"floor":18,"key":"Energy Potion"},{"floor":25,"key":"Poison Potion"},{"floor":28,"key":"SteroidPotion"},{"floor":44,"key":"Ancient Potion"}],"is_trial":false,"path_per_floor":["M","M","$","?","M","R","E","R","T","M","?","R","M","$","R","B",null,"M","$","?","?","$","E","R","M","T","M","M","M","R","T","R","B",null,"M","$","M","?","T","R","$","?","T","M","R","M","R","M","R","B"],"character_chosen":"THE_SILENT","items_purchased":["Bag of Preparation"],"campfire_rested":2,"item_purchase_floors":[41],"current_hp_per_floor":[63,63,63,63,63,63,51,51,51,51,51,51,51,51,51,45,63,43,43,43,32,32,26,26,26,26,8,8,2,22,22,42,33,68,68,68,60,60,60,60,60,60,60,60,60,60,60,60,60,38],"gold":41,"neow_bonus":"ONE_RARE_RELIC","is_prod":false,"is_daily":false,"chose_seed":false,"campfire_upgraded":9,"win_rate":0,"timestamp":1532765209,"path_taken":["M","M","$","?","M","R","E","R","T","M","?","R","M","$","R","BOSS","M","$","?","?","$","E","R","M","T","M","M","M","R","?","R","BOSS","M","$","M","?","?","R","$","?","T","M","R","M","R","?","R","BOSS"],"build_version":"2018-07-26","purchased_purges":5,"victory":true,"max_hp_per_floor":[63,63,63,63,63,63,63,63,63,63,63,63,63,63,63,63,63,63,63,63,68,68,68,68,68,68,68,68,68,68,68,68,68,68,68,68,68,68,68,68,68,68,68,68,68,68,68,68,68,68],"card_choices":[{"not_picked":["Cloak And Dagger","Deflect"],"picked":"Noxious Fumes","floor":1},{"not_picked":["Dodge and Roll","Reflex"],"picked":"Prepared","floor":2},{"not_picked":["Acrobatics","Deadly Poison"],"picked":"Bane","floor":5},{"not_picked":["Escape Plan","Leg Sweep"],"picked":"Caltrops","floor":7},{"not_picked":["Underhanded Strike","Prepared"],"picked":"Outmaneuver","floor":10},{"not_picked":["Dagger Spray","Dagger Throw"],"picked":"Venomology","floor":11},{"not_picked":["Acrobatics","Sucker Punch"],"picked":"Dagger Throw","floor":13},{"not_picked":["Storm of Steel","Burst"],"picked":"Unload","floor":16},{"not_picked":["Riddle With Holes","Slice"],"picked":"Cloak And Dagger+1","floor":18},{"not_picked":["Dagger Throw","Acrobatics+1"],"picked":"Backflip+1","floor":23},{"not_picked":["Choke+1","Setup"],"picked":"Night Terror","floor":25},{"not_picked":["Sucker Punch","Outmaneuver"],"picked":"Flying Knee","floor":27},{"not_picked":["Predator+1","Acrobatics","Choke"],"picked":"SKIP","floor":28},{"not_picked":["Catalyst+1","Heel Hook"],"picked":"Crippling Poison","floor":29},{"not_picked":["Envenom","Tools of the Trade"],"picked":"After Image","floor":33},{"not_picked":["Dagger Spray+1","Terror"],"picked":"Heel Hook","floor":35},{"not_picked":["Eviscerate+1","Dash"],"picked":"Footwork","floor":37},{"not_picked":["Infinite Blades+1","Deadly Poison"],"picked":"Outmaneuver+1","floor":44},{"not_picked":["Underhanded Strike+1","Bane+1"],"picked":"Catalyst","floor":46},{"not_picked":["All Out Attack","Riddle With Holes+1","Concentrate"],"picked":"SKIP","floor":48}],"player_experience":289460,"relics_obtained":[{"floor":7,"key":"Bottled Tornado"},{"floor":9,"key":"Paper Crane"},{"floor":11,"key":"Odd Mushroom"},{"floor":23,"key":"Mummified Hand"},{"floor":26,"key":"Tiny Chest"},{"floor":26,"key":"Shuriken"},{"floor":31,"key":"Bronze Scales"},{"floor":31,"key":"Bottled Flame"},{"floor":39,"key":"Ornamental Fan"},{"floor":43,"key":"Omamori"}],"event_choices":[{"event_name":"FaceTrader","player_choice":"Leave","floor":4,"damage_taken":0},{"event_name":"Mushrooms","player_choice":"Fought Mushrooms","floor":11,"damage_taken":0},{"event_name":"The Mausoleum","player_choice":"Yes","floor":20,"damage_taken":0},{"event_name":"Forgotten Altar","player_choice":"Shed Blood","floor":21,"damage_taken":0},{"event_name":"Golden Shrine","player_choice":"Pray","floor":38,"damage_taken":0},{"event_name":"Tomb of Lord Red Mask","player_choice":"Paid","floor":42,"damage_taken":0}],"is_beta":false,"boss_relics":[{"not_picked":["Fusion Hammer","Black Star"],"picked":"Runic Pyramid"},{"not_picked":["Tiny House","HoveringKite"],"picked":"Pandora\u0027s Box"}],"items_purged_floors":[3,14,19,36,41],"is_endless":false,"potions_floor_spawned":[1,5,11,13,18,25,28,44],"ascension_level":2}