{"gold_per_floor":[118,138,88,88,88,116,116,144,171,200,217,247,265,279,279,378,378,389,400,417,342,257,76,76,86,86,86,119,119,119,153,153,153],"floor_reached":33,"playtime":2521,"items_purged":["Strike_R","Strike_R"],"score":563,"play_id":"dfc63f84-b605-4c62-b5b6-1f0294d4bec4","local_time":"20181209114956","is_ascension_mode":true,"campfire_choices":[{"data":"Bash","floor":7,"key":"SMITH"},{"data":"Uppercut","floor":15,"key":"SMITH"},{"floor":27,"key":"REST"},{"floor":32,"key":"REST"}],"neow_cost":"NONE","seed_source_timestamp":530377406398486,"circlet_count":0,"master_deck":["AscendersBane","Strike_R","Strike_R+1","Defend_R+1","Defend_R","Defend_R","Defend_R","Bash+1","Metallicize","Body Slam+1","Combust+1","Uppercut+1","Juggernaut+1","Seeing Red","Body Slam+1","Armaments","Jack Of All Trades","RitualDagger"],"relics":["Burning Blood","NeowsBlessing","Anchor","Pocketwatch","Happy Flower","Frozen Egg 2","Potion Belt","Philosopher\u0027s Stone","Prayer Wheel","Incense Burner","Bronze Scales","Mummified Hand","Strawberry"],"potions_floor_usage":[12,16,16,16,19,33],"damage_taken":[{"damage":0,"enemies":"Cultist","floor":1,"turns":1},{"damage":0,"enemies":"Small Slimes","floor":2,"turns":1},{"damage":0,"enemies":"Lagavulin","floor":6,"turns":1},{"damage":14,"enemies":"Gremlin Nob","floor":8,"turns":4},{"damage":9,"enemies":"Lagavulin","floor":10,"turns":6},{"damage":0,"enemies":"2 Louse","floor":11,"turns":2},{"damage":26,"enemies":"Gremlin Nob","floor":12,"turns":4},{"damage":11,"enemies":"Gremlin Gang","floor":13,"turns":6},{"damage":1,"enemies":"Exordium Thugs","floor":14,"turns":4},{"damage":23,"enemies":"The Guardian","floor":16,"turns":10},{"damage":2,"enemies":"Chosen","floor":18,"turns":3},{"damage":34,"enemies":"3 Byrds","floor":19,"turns":4},{"damage":33,"enemies":"Centurion and Healer","floor":20,"turns":6},{"damage":8,"enemies":"3 Cultists","floor":25,"turns":4},{"damage":3,"enemies":"Gremlin Leader","floor":28,"turns":5},{"damage":35,"enemies":"Slavers","floor":31,"turns":5},{"damage":56,"enemies":"Automaton","floor":33,"turns":6}],"seed_played":"-7403029713479332783","potions_obtained":[{"floor":1,"key":"Ancient Potion"},{"floor":11,"key":"BloodPotion"},{"floor":12,"key":"LiquidBronze"},{"floor":13,"key":"Block Potion"},{"floor":14,"key":"Regen Potion"},{"floor":25,"key":"Weak Potion"},{"floor":31,"key":"Explosive Potion"}],"is_trial":false,"path_per_floor":["M","M","?","?","?","E","R","E","T","E","M","E","M","M","R","B",null,"M","M","M","$","?","$","?","M","T","R","E","?","T","E","R","B"],"character_chosen":"IRONCLAD","items_purchased":["Jack Of All Trades"],"campfire_rested":2,"item_purchase_floors":[23],"current_hp_per_floor":[78,80,80,64,64,70,70,62,62,59,65,53,48,53,53,48,72,76,48,21,21,21,21,21,19,19,43,46,40,40,18,44,0],"gold":153,"neow_bonus":"THREE_ENEMY_KILL","is_prod":false,"is_daily":false,"chose_seed":false,"campfire_upgraded":2,"win_rate":0,"timestamp":1544327396,"path_taken":["M","M","?","?","?","E","R","E","T","E","?","E","M","M","R","BOSS","M","M","M","$","?","$","?","M","T","R","E","?","?","E","R","BOSS"],"build_version":"2018-12-06","purchased_purges":2,"victory":false,"max_hp_per_floor":[80,80,80,80,80,80,80,80,80,80,80,80,80,80,80,80,80,80,80,80,80,80,80,80,80,80,80,80,80,80,87,87,87],"card_choices":[{"not_picked":["Searing Blow","Shrug It Off"],"picked":"Metallicize","floor":1},{"not_picked":["Flex","Havoc"],"picked":"Body Slam","floor":2},{"not_picked":["True Grit","Twin Strike","Clash"],"picked":"SKIP","floor":6},{"not_picked":["Wild Strike","Twin Strike","Combust"],"picked":"SKIP","floor":8},{"not_picked":["Flex","Havoc","Perfected Strike"],"picked":"SKIP","floor":10},{"not_picked":["Pommel Strike","Sever Soul","Reckless Charge"],"picked":"SKIP","floor":11},{"not_picked":["True Grit","Pommel Strike","Evolve+1"],"picked":"SKIP","floor":12},{"not_picked":["Rage","Second Wind"],"picked":"Combust+1","floor":13},{"not_picked":["Clash","True Grit"],"picked":"Uppercut","floor":14},{"not_picked":["Limit Break","Impervious"],"picked":"Juggernaut+1","floor":16},{"not_picked":["Carnage","Fire Breathing+1"],"picked":"Seeing Red","floor":18},{"not_picked":["Iron Wave","Sword Boomerang"],"picked":"Body Slam+1","floor":19},{"not_picked":["Headbutt","Iron Wave"],"picked":"Armaments","floor":20},{"not_picked":["Pommel Strike","Pummel+1","True Grit"],"picked":"SKIP","floor":25},{"not_picked":["Armaments","Dual Wield","Warcry"],"picked":"SKIP","floor":25},{"not_picked":["Pummel","Carnage+1","Spot Weakness+1"],"picked":"SKIP","floor":28},{"not_picked":["Rage","Dropkick","Clothesline"],"picked":"SKIP","floor":31}],"player_experience":511716,"relics_obtained":[{"floor":6,"key":"Anchor"},{"floor":8,"key":"Pocketwatch"},{"floor":9,"key":"Happy Flower"},{"floor":10,"key":"Frozen Egg 2"},{"floor":12,"key":"Potion Belt"},{"floor":26,"key":"Incense Burner"},{"floor":28,"key":"Bronze Scales"},{"floor":30,"key":"Mummified Hand"},{"floor":31,"key":"Strawberry"}],"event_choices":[{"cards_removed":["Strike_R"],"damage_healed":0,"gold_gain":0,"player_choice":"Card Removal","damage_taken":0,"max_hp_gain":0,"max_hp_loss":0,"event_name":"The Cleric","floor":3,"gold_loss":50},{"damage_healed":0,"gold_gain":0,"player_choice":"Entered Light","damage_taken":16,"max_hp_gain":0,"max_hp_loss":0,"event_name":"Shining Light","floor":4,"gold_loss":0,"cards_upgraded":["Defend_R","Strike_R"]},{"damage_healed":0,"gold_gain":0,"player_choice":"Forge","damage_taken":0,"max_hp_gain":0,"max_hp_loss":0,"event_name":"Accursed Blacksmith","floor":5,"gold_loss":0,"cards_upgraded":["Body Slam"]},{"damage_healed":0,"gold_gain":0,"player_choice":"Obtained Relic","damage_taken":0,"relics_obtained":["Prayer Wheel"],"max_hp_gain":0,"max_hp_loss":0,"event_name":"Addict","floor":22,"gold_loss":85},{"damage_healed":0,"gold_gain":0,"player_choice":"Ignored","damage_taken":0,"max_hp_gain":0,"max_hp_loss":0,"event_name":"Cursed Tome","floor":24,"gold_loss":0},{"damage_healed":0,"gold_gain":0,"player_choice":"Joined the Cult","damage_taken":6,"max_hp_gain":0,"max_hp_loss":0,"event_name":"Nest","floor":29,"gold_loss":0,"cards_obtained":["RitualDagger"]}],"is_beta":false,"boss_relics":[{"not_picked":["Runic Pyramid","Mark of Pain"],"picked":"Philosopher\u0027s Stone"}],"items_purged_floors":[21,23],"is_endless":false,"potions_floor_spawned":[1,11,12,13,14,25,31],"killed_by":"Automaton","ascension_level":11}