{"gold_per_floor":[109,109,34,34,34,34,62,87,99,111,183,195,219,28,28,130,130,147,147,22,32,32,64,64,64],"floor_reached":25,"playtime":1183,"items_purged":["Strike_B","Strike_B","Defend_B"],"score":283,"play_id":"86afac21-11c5-4de0-acaf-6fa13705856c","local_time":"20180725103222","is_ascension_mode":true,"campfire_choices":[{"data":"Streamline","floor":6,"key":"SMITH"},{"data":"Beam Cell","floor":10,"key":"SMITH"},{"data":"Hologram","floor":12,"key":"SMITH"},{"data":"Zap","floor":15,"key":"SMITH"},{"data":"Finesse","floor":24,"key":"SMITH"}],"neow_cost":"NONE","seed_source_timestamp":305099899099587,"circlet_count":0,"master_deck":["Defend_B","Defend_B","Zap+1","Dualcast","Streamline+1","Beam Cell+1","Hologram+1","Finesse+1","Finesse","Bite","Bite","Bite","Bite","Bite","Gash"],"relics":["Cracked Core","MawBank","Pantograph","Orichalcum","Lizard Tail","Lantern"],"potions_floor_usage":[23,23,25,25],"damage_taken":[{"damage":0,"enemies":"2 Louse","floor":1,"turns":2},{"damage":17,"enemies":"3 Sentries","floor":7,"turns":6},{"damage":0,"enemies":"Cultist","floor":8,"turns":2},{"damage":15,"enemies":"Gremlin Nob","floor":11,"turns":3},{"damage":2,"enemies":"Jaw Worm","floor":13,"turns":2},{"damage":18,"enemies":"The Guardian","floor":16,"turns":8},{"damage":18,"enemies":"3 Byrds","floor":18,"turns":4},{"damage":15,"enemies":"Spheric Guardian","floor":21,"turns":4},{"damage":63,"enemies":"Book of Stabbing","floor":23,"turns":5},{"damage":47,"enemies":"Centurion and Healer","floor":25,"turns":7}],"seed_played":"-4214925405447194535","potions_obtained":[{"floor":7,"key":"Fire Potion"},{"floor":8,"key":"Energy Potion"},{"floor":16,"key":"SkillPotion"},{"floor":23,"key":"Fruit Juice"}],"is_trial":false,"path_per_floor":["M","?","$","?","?","R","E","M","T","R","?","R","M","$","R","B",null,"M","?","$","M","?","E","R"],"character_chosen":"DEFECT","items_purchased":["Finesse"],"campfire_rested":0,"item_purchase_floors":[14],"current_hp_per_floor":[75,75,75,75,75,75,58,58,58,58,43,43,41,41,41,48,75,57,57,57,42,42,16,16,0],"gold":64,"neow_bonus":"TRANSFORM_CARD","is_prod":false,"is_daily":false,"chose_seed":false,"campfire_upgraded":5,"win_rate":0,"timestamp":1532485942,"path_taken":["M","?","?","?","?","R","E","M","T","R","?","R","M","$","R","BOSS","M","?","$","M","?","E","R","M"],"build_version":"2018-07-19v2","purchased_purges":3,"victory":false,"max_hp_per_floor":[75,75,75,75,75,75,75,75,75,75,75,75,75,75,75,75,75,75,75,75,75,52,52,52,57],"card_choices":[{"not_picked":["Conserve Battery","Turbo"],"picked":"Beam Cell","floor":1},{"not_picked":["Fusion","Capacitor"],"picked":"Hologram","floor":7},{"not_picked":["Redo","Rebound","Sweeping Beam"],"picked":"SKIP","floor":8},{"not_picked":["Turbo","Barrage","White Noise"],"picked":"SKIP","floor":13},{"not_picked":["Stack","Barrage","Ball Lightning"],"picked":"SKIP","floor":18},{"not_picked":["Barrage","Stack","Reinforced Body"],"picked":"SKIP","floor":21},{"not_picked":["Coolheaded","Genetic Algorithm+1"],"picked":"Gash","floor":23}],"player_experience":238424,"relics_obtained":[{"floor":7,"key":"MawBank"},{"floor":9,"key":"Pantograph"},{"floor":11,"key":"Orichalcum"},{"floor":23,"key":"Lantern"}],"event_choices":[{"event_name":"Living Wall","player_choice":"Forget","floor":2,"damage_taken":0},{"event_name":"Liars Game","player_choice":"disagreed","floor":4,"damage_taken":0},{"event_name":"Bonfire Elementals","player_choice":"BASIC","floor":5,"damage_taken":0},{"event_name":"Dead Adventurer","player_choice":"Searched \u00273\u0027 times","floor":11,"damage_taken":0},{"event_name":"Duplicator","player_choice":"One dupe","floor":19,"damage_taken":0},{"event_name":"Vampires","player_choice":"Became a vampire","floor":22,"damage_taken":0}],"is_beta":false,"boss_relics":[{"not_picked":["Coffee Dripper","Fusion Hammer"],"picked":"Lizard Tail"}],"items_purged_floors":[3,14,20],"is_endless":false,"potions_floor_spawned":[7,8,16,23],"killed_by":"Centurion and Healer","ascension_level":4}