{"path_per_floor":["M","?","M","M","?","R","M","E","T","R","M","R","$","$","R","B",null,"M","?","M","?","?","R","?","M","T","$","M","R","M","M","R","B",null,"M","M","M","?","M","R","E","?","T","M","R","M","R","M","R","B"],"character_chosen":"DEFECT","items_purchased":["Defragment","Coolheaded","Double Energy"],"gold_per_floor":[116,116,136,149,149,149,169,203,250,250,275,275,121,37,37,165,165,178,178,201,0,0,0,0,19,46,46,71,71,96,112,112,240,240,254,278,299,299,320,320,358,358,358,372,372,392,392,411,411,411],"floor_reached":51,"campfire_rested":6,"playtime":4637,"current_hp_per_floor":[75,72,71,61,61,61,52,31,31,31,30,30,30,30,50,22,69,61,45,30,30,30,50,50,44,44,44,15,35,30,29,49,49,69,60,60,55,55,55,55,55,55,55,37,57,57,57,35,55,43],"items_purged":["Strike_B"],"gold":411,"score":768,"play_id":"15eb8c1b-eca3-48ec-84c2-954dbe982cb0","local_time":"20180426221402","is_prod":false,"is_daily":false,"chose_seed":false,"is_ascension_mode":true,"campfire_upgraded":5,"timestamp":1524798842,"path_taken":["M","?","M","M","?","R","M","E","T","R","?","R","?","$","R","BOSS","M","?","M","?","?","R","?","M","T","$","?","R","M","M","R","BOSS","M","M","M","?","M","R","E","?","T","M","R","?","R","M","R","BOSS"],"build_version":"2018-04-26","seed_source_timestamp":1330721071297552,"purchased_purges":1,"victory":true,"master_deck":["Strike_B","Strike_B","Defend_B","Defend_B","Defend_B","Defend_B","Zap+1","Dualcast","Impulse+1","Leap","Capacitor+1","Auto Shields","Defragment","Coolheaded","Double Energy","Machine Learning","Cold Snap","Glacier","Defragment","Impulse+1","Barrage","Stack+1","Chaos+1","Rainbow+1","Leap+1","Glacier+1","Blaster","Coolheaded","Barrage+1","Skim","Stack+1","Rainbow","Heatsinks"],"max_hp_per_floor":[75,75,75,75,69,69,69,69,69,69,69,69,69,69,69,69,69,69,69,69,69,69,69,69,69,69,69,69,69,69,69,69,69,69,69,69,69,69,69,69,69,69,69,69,69,69,69,69,69,69],"relics":["Cracked Core","Mummified Hand","Golden Idol","Anchor","Happy Flower","Inserter","Enchiridion","Dream Catcher","Cursed Key","Toolbox"],"card_choices":[{"not_picked":["Barrage","Hologram"],"picked":"Impulse","floor":1},{"not_picked":["Barrage","Skim"],"picked":"Leap","floor":4},{"not_picked":["Beam Cell","Skim"],"picked":"Capacitor","floor":7},{"not_picked":["Steam Power","Conserve Battery"],"picked":"Auto Shields","floor":8},{"not_picked":["Creative AI","Redo"],"picked":"Machine Learning","floor":16},{"not_picked":["Capacitor","Hello World"],"picked":"Cold Snap","floor":18},{"not_picked":["Turbo","Streamline"],"picked":"Glacier","floor":25},{"not_picked":["Leap","White Noise"],"picked":"Defragment","floor":28},{"not_picked":["Cold Snap","Double Energy"],"picked":"Impulse","floor":29},{"not_picked":["Leap","Axe Kick"],"picked":"Barrage","floor":30},{"not_picked":["Hello World","Leap"],"picked":"Stack","floor":31},{"not_picked":["Impulse","Axe Kick"],"picked":"Chaos","floor":32},{"not_picked":["Reboot","Meteor Strike"],"picked":"Rainbow","floor":33},{"not_picked":["Stack","Doom and Gloom"],"picked":"Leap","floor":35},{"not_picked":["Beam Cell","Streamline"],"picked":"Glacier","floor":37},{"not_picked":["Leap","Chill"],"picked":"Coolheaded","floor":39},{"not_picked":["Leap","Buffer"],"picked":"Barrage","floor":41},{"not_picked":["Stack","Beam Cell"],"picked":"Skim","floor":44},{"not_picked":["Auto Shields","Cold Snap"],"picked":"Stack","floor":45},{"not_picked":["Rebound","Axe Kick"],"picked":"Rainbow","floor":46},{"not_picked":["Melter","Reinforced Body"],"picked":"Heatsinks","floor":49}],"player_experience":37020,"potions_floor_usage":[16,16,28,36,46,48,50,50],"damage_taken":[{"damage":0,"enemies":"Small Slimes","floor":1,"turns":4},{"damage":1,"enemies":"Jaw Worm","floor":3,"turns":3},{"damage":10,"enemies":"Cultist","floor":4,"turns":4},{"damage":9,"enemies":"Blue Slaver","floor":7,"turns":4},{"damage":21,"enemies":"3 Sentries","floor":8,"turns":9},{"damage":1,"enemies":"3 Louse","floor":11,"turns":5},{"damage":28,"enemies":"Slime Boss","floor":16,"turns":12},{"damage":8,"enemies":"Spheric Guardian","floor":18,"turns":7},{"damage":15,"enemies":"Chosen","floor":20,"turns":5},{"damage":6,"enemies":"Slaver and Parasite","floor":25,"turns":9},{"damage":29,"enemies":"Cultist and Chosen","floor":28,"turns":11},{"damage":5,"enemies":"Snecko","floor":30,"turns":8},{"damage":1,"enemies":"Snake Plant","floor":31,"turns":7},{"damage":0,"enemies":"Champ","floor":33,"turns":11},{"damage":9,"enemies":"Flame Bruiser 1 Orb","floor":35,"turns":8},{"damage":0,"enemies":"3 Darklings","floor":36,"turns":9},{"damage":5,"enemies":"Sphere and 2 Shapes","floor":37,"turns":7},{"damage":0,"enemies":"Spire Growth","floor":39,"turns":7},{"damage":0,"enemies":"Giant Head","floor":41,"turns":13},{"damage":18,"enemies":"Flame Bruiser 2 Orb","floor":44,"turns":8},{"damage":0,"enemies":"Sphere and 2 Shapes","floor":46,"turns":8},{"damage":22,"enemies":"3 Darklings","floor":48,"turns":7},{"damage":12,"enemies":"Time Eater","floor":50,"turns":21}],"event_choices":[{"event_name":"Scrap Ooze","player_choice":"success","floor":2,"damage_taken":3},{"event_name":"Golden Idol","player_choice":"Lose Max HP","floor":5,"damage_taken":0},{"event_name":"Cursed Tome","player_choice":"Obtained Book","floor":19,"damage_taken":0},{"event_name":"Masked Bandits","player_choice":"Paid Bandits 201 gold","floor":21,"damage_taken":0},{"event_name":"Beggar","player_choice":"Ignored","floor":22,"damage_taken":0},{"event_name":"Vampires","player_choice":"Ignored","floor":24,"damage_taken":0},{"event_name":"Transmorgrifier","player_choice":"Transform","floor":38,"damage_taken":0},{"event_name":"Tomb of Lord Red Mask","player_choice":"Ignored","floor":42,"damage_taken":0}],"boss_relics":[{"not_picked":["Tiny House","Snecko Eye"],"picked":"Inserter"},{"not_picked":["Runic Pyramid","Nuclear Battery"],"picked":"Cursed Key"}],"potions_floor_spawned":[7,11,25,30,33,44,46,48],"seed_played":"1869602112981553625","ascension_level":1,"is_trial":false}