{"gold_per_floor":[112,112,212,227,227,258,276,276,276,112,147,47,47],"floor_reached":13,"playtime":521,"items_purged":["Strike_B","Strike_B"],"score":97,"play_id":"63fcb6c2-137b-47df-bc58-681a15179e0e","local_time":"20180724181655","is_ascension_mode":true,"campfire_choices":[{"data":"Zap","floor":8,"key":"SMITH"}],"neow_cost":"NONE","seed_source_timestamp":247240104223681,"circlet_count":0,"master_deck":["Strike_B","Defend_B","Defend_B","Defend_B","Zap+1","Dualcast","Stack","Compile Driver","Leap","Go for the Eyes","Undo","Bandage Up","Beam Cell"],"relics":["Cracked Core","Golden Idol","Dodecahedron","Matryoshka","Odd Mushroom"],"potions_floor_usage":[6],"damage_taken":[{"damage":3,"enemies":"Small Slimes","floor":1,"turns":3},{"damage":0,"enemies":"2 Louse","floor":4,"turns":2},{"damage":30,"enemies":"3 Sentries","floor":6,"turns":8},{"damage":0,"enemies":"Cultist","floor":7,"turns":3},{"damage":22,"floor":11,"turns":6},{"damage":9,"enemies":"Lots of Slimes","floor":13,"turns":1}],"seed_played":"-104752362637344576","potions_obtained":[{"floor":1,"key":"SkillPotion"}],"is_trial":false,"path_per_floor":["M","?","?","M","?","E","M","R","T","$","?","$"],"character_chosen":"DEFECT","items_purchased":["Bandage Up"],"campfire_rested":0,"item_purchase_floors":[10],"current_hp_per_floor":[72,54,54,54,54,24,24,24,24,24,6,6,0],"gold":47,"neow_bonus":"TRANSFORM_CARD","is_prod":false,"is_daily":false,"chose_seed":false,"campfire_upgraded":1,"win_rate":0,"timestamp":1532427415,"path_taken":["M","?","?","?","?","E","M","R","T","?","?","$","M"],"build_version":"2018-07-19v2","purchased_purges":2,"victory":false,"max_hp_per_floor":[75,75,75,75,75,75,75,75,75,75,75,75,75],"card_choices":[{"not_picked":["Chaos","Barrage"],"picked":"Compile Driver","floor":1},{"not_picked":["Chaos","Aggregate"],"picked":"Leap","floor":4},{"not_picked":["Heatsinks","Compile Driver"],"picked":"Go for the Eyes","floor":6},{"not_picked":["Buffer","Coolheaded"],"picked":"Undo","floor":7},{"not_picked":["Aggregate","Rebound"],"picked":"Beam Cell","floor":11}],"player_experience":224115,"relics_obtained":[{"floor":6,"key":"Dodecahedron"},{"floor":9,"key":"Matryoshka"},{"floor":11,"key":"Odd Mushroom"}],"event_choices":[{"event_name":"Golden Idol","player_choice":"Take Damage","floor":2,"damage_taken":0},{"event_name":"Golden Shrine","player_choice":"Pray","floor":3,"damage_taken":0},{"event_name":"Living Wall","player_choice":"Forget","floor":5,"damage_taken":0},{"event_name":"Mushrooms","player_choice":"Fought Mushrooms","floor":11,"damage_taken":0}],"is_beta":false,"boss_relics":[],"items_purged_floors":[10,12],"is_endless":false,"potions_floor_spawned":[1],"killed_by":"Lots of Slimes","ascension_level":4}