{"gold_per_floor":[99,24,24,24,24,24,24,24,24,24,24,24,24,24,24,24],"floor_reached":16,"playtime":441,"items_purged":["Strike_R"],"score":104,"play_id":"b628f9e3-a5f3-4954-894f-53f69956ab7e","local_time":"20180812121005","is_ascension_mode":false,"campfire_choices":[{"data":"Cleave","floor":6,"key":"SMITH"},{"data":"Twin Strike","floor":10,"key":"SMITH"},{"floor":15,"key":"REST"}],"neow_cost":"NONE","seed_source_timestamp":8409186441641,"circlet_count":0,"master_deck":["Strike_R","Strike_R","Strike_R","Strike_R","Defend_R+1","Defend_R+1","Defend_R","Defend_R","Bash","Twin Strike+1","Anger","Cleave+1","Clash","Cleave","Twin Strike"],"relics":["Ectoplasm","GremlinMask","Orichalcum","Happy Flower","War Paint"],"potions_floor_usage":[13,14,16],"damage_taken":[{"damage":2,"enemies":"Small Slimes","floor":1,"turns":3},{"damage":0,"enemies":"Cultist","floor":3,"turns":2},{"damage":6,"enemies":"Jaw Worm","floor":5,"turns":2},{"damage":23,"enemies":"Exordium Thugs","floor":7,"turns":3},{"damage":9,"enemies":"Blue Slaver","floor":8,"turns":3},{"damage":16,"enemies":"Gremlin Nob","floor":11,"turns":4},{"damage":5,"enemies":"Lots of Slimes","floor":12,"turns":3},{"damage":6,"enemies":"Large Slime","floor":13,"turns":2},{"damage":7,"enemies":"Gremlin Nob","floor":14,"turns":3},{"damage":38,"enemies":"The Guardian","floor":16,"turns":9}],"seed_played":"8699916880842819969","potions_obtained":[{"floor":5,"key":"FearPotion"},{"floor":8,"key":"EssenceOfSteel"},{"floor":11,"key":"Explosive Potion"},{"floor":11,"key":"Swift Potion"},{"floor":12,"key":"BloodPotion"}],"is_trial":false,"path_per_floor":["M","$","M","?","M","R","M","M","T","R","?","M","M","E","R"],"character_chosen":"IRONCLAD","items_purchased":[],"campfire_rested":1,"item_purchase_floors":[],"current_hp_per_floor":[78,78,78,78,72,72,49,40,40,40,24,19,21,14,38,0],"gold":24,"neow_bonus":"BOSS_RELIC","is_prod":false,"is_daily":false,"chose_seed":false,"campfire_upgraded":2,"win_rate":0,"timestamp":1534047005,"path_taken":["M","$","M","?","M","R","M","M","T","R","?","M","M","E","R","BOSS"],"build_version":"2018-08-09","purchased_purges":1,"victory":false,"max_hp_per_floor":[80,80,80,80,80,80,80,80,80,80,80,80,80,80,80,80],"card_choices":[{"not_picked":["Shrug It Off","Entrench"],"picked":"Twin Strike","floor":1},{"not_picked":["Entrench","True Grit"],"picked":"Anger","floor":3},{"not_picked":["Flame Barrier","Shrug It Off"],"picked":"Cleave","floor":5},{"not_picked":["Dropkick","Sentinel","Berserk"],"picked":"SKIP","floor":7},{"not_picked":["Spot Weakness","Thunderclap","Perfected Strike"],"picked":"SKIP","floor":8},{"not_picked":["Inflame","Havoc"],"picked":"Clash","floor":11},{"not_picked":["Entrench","Dual Wield","Heavy Blade"],"picked":"SKIP","floor":12},{"not_picked":["Warcry","Wild Strike"],"picked":"Cleave","floor":13},{"not_picked":["Rampage","Bloodletting"],"picked":"Twin Strike","floor":14}],"player_experience":376567,"relics_obtained":[{"floor":9,"key":"Orichalcum"},{"floor":11,"key":"Happy Flower"},{"floor":14,"key":"War Paint"}],"event_choices":[{"event_name":"FaceTrader","player_choice":"Trade","floor":4,"damage_taken":0},{"event_name":"Dead Adventurer","player_choice":"Searched \u00271\u0027 times","floor":11,"damage_taken":0}],"is_beta":false,"boss_relics":[],"items_purged_floors":[2],"is_endless":false,"potions_floor_spawned":[5,8,11,11,12],"killed_by":"The Guardian","ascension_level":0}