{"gold_per_floor":[110,120,80,5,54,54,80,80,125,141,91,91,111,122,122,219,219,232,243,343,343,343],"floor_reached":22,"playtime":1821,"items_purged":["Defend_B"],"score":186,"play_id":"97830d85-aaf3-4a60-a58b-650647aaa2a3","local_time":"20190121224815","is_ascension_mode":false,"campfire_choices":[{"data":"Zap","floor":6,"key":"SMITH"},{"data":"Reprogram","floor":8,"key":"SMITH"},{"floor":15,"key":"REST"}],"neow_cost":"NONE","seed_source_timestamp":11021497176200,"circlet_count":0,"master_deck":["Strike_B","Strike_B","Strike_B","Strike_B","Defend_B","Defend_B","Zap+1","Dualcast","Heatsinks","Reprogram+1","Thunder Strike","Consume","Go for the Eyes","Turbo","Machine Learning","Hologram","Redo"],"relics":["Cracked Core","Lantern","Oddly Smooth Stone","Mercury Hourglass","Vajra","Black Star"],"potions_floor_usage":[16,16,21,21],"damage_taken":[{"damage":1,"enemies":"Cultist","floor":1,"turns":3},{"damage":3,"enemies":"2 Louse","floor":2,"turns":2},{"damage":24,"enemies":"3 Sentries","floor":7,"turns":8},{"damage":1,"enemies":"Jaw Worm","floor":10,"turns":3},{"damage":3,"enemies":"Exordium Wildlife","floor":13,"turns":3},{"damage":5,"enemies":"Red Slaver","floor":14,"turns":3},{"damage":22,"enemies":"Slime Boss","floor":16,"turns":9},{"damage":28,"enemies":"3 Byrds","floor":18,"turns":4},{"damage":17,"enemies":"Spheric Guardian","floor":19,"turns":4},{"damage":8,"enemies":"Snecko","floor":21,"turns":3},{"damage":29,"enemies":"Sentry and Sphere","floor":22,"turns":3}],"seed_played":"-5650210287558903730","potions_obtained":[{"floor":1,"key":"Strength Potion"},{"floor":3,"key":"Dexterity Potion"},{"floor":3,"key":"Strength Potion"},{"floor":3,"key":"SmokeBomb"},{"floor":7,"key":"Swift Potion"},{"floor":18,"key":"Strength Potion"}],"is_trial":false,"path_per_floor":["M","M","?","$","T","R","E","R","T","M","?","$","M","M","R","B",null,"M","M","?","M","M"],"character_chosen":"DEFECT","items_purchased":[],"campfire_rested":1,"item_purchase_floors":[],"current_hp_per_floor":[74,71,71,71,71,71,47,47,47,46,46,46,43,38,60,38,75,47,30,30,22,0],"gold":343,"neow_bonus":"RANDOM_COMMON_RELIC","is_prod":false,"is_daily":false,"chose_seed":false,"campfire_upgraded":2,"win_rate":0.0,"timestamp":1548107295,"path_taken":["M","M","?","$","?","R","E","R","T","M","?","?","M","M","R","BOSS","M","M","?","M","?"],"build_version":"2019-01-17v2","purchased_purges":1,"victory":false,"max_hp_per_floor":[75,75,75,75,75,75,75,75,75,75,75,75,75,75,75,75,75,75,75,75,75,75],"card_choices":[{"not_picked":["Leap","Auto Shields"],"picked":"Heatsinks","floor":1},{"not_picked":["Steam","Cold Snap"],"picked":"Reprogram","floor":2},{"not_picked":["Beam Cell","Stack"],"picked":"Thunder Strike","floor":7},{"not_picked":["Leap","Recycle"],"picked":"Consume","floor":10},{"not_picked":["Leap","Rebound"],"picked":"Go for the Eyes","floor":13},{"not_picked":["Defragment","Steam"],"picked":"Turbo","floor":14},{"not_picked":["All For One","Biased Cognition"],"picked":"Machine Learning","floor":16},{"not_picked":["Melter","Skim"],"picked":"Hologram","floor":18},{"not_picked":["Gash","Go for the Eyes"],"picked":"Redo","floor":19}],"player_experience":27877,"relics_obtained":[{"floor":5,"key":"Oddly Smooth Stone"},{"floor":7,"key":"Mercury Hourglass"},{"floor":9,"key":"Vajra"}],"event_choices":[{"damage_healed":0,"gold_gain":0,"player_choice":"Bought 3 Potions","damage_taken":0,"max_hp_gain":0,"max_hp_loss":0,"event_name":"The Woman in Blue","floor":3,"gold_loss":0},{"cards_removed":["Defend_B"],"damage_healed":0,"gold_gain":0,"player_choice":"Card Removal","damage_taken":0,"max_hp_gain":0,"max_hp_loss":0,"event_name":"The Cleric","floor":11,"gold_loss":50},{"damage_healed":0,"gold_gain":100,"player_choice":"Pray","damage_taken":0,"max_hp_gain":0,"max_hp_loss":0,"event_name":"Golden Shrine","floor":20,"gold_loss":0}],"is_beta":false,"boss_relics":[{"not_picked":["Calling Bell","Lizard Tail"],"picked":"Black Star"}],"items_purged_floors":[4],"is_endless":false,"potions_floor_spawned":[1,7,10,18,21],"killed_by":"Sentry and Sphere","ascension_level":0}