{"gold_per_floor":[113,113,113,132,132,165,178,178,202,152,152,171,206,218,218,218],"floor_reached":16,"playtime":459,"items_purged":["Defend_R"],"score":240,"play_id":"b55f645b-b551-4b7b-8ba9-f662474a0eb2","local_time":"20190609173553","is_ascension_mode":true,"campfire_choices":[{"floor":8,"key":"REST"},{"data":"True Grit","floor":15,"key":"SMITH"}],"neow_cost":"NONE","seed_source_timestamp":674258259888993,"circlet_count":0,"master_deck":["AscendersBane","Strike_R","Strike_R","Strike_R","Defend_R","Defend_R","Defend_R","Bash","Offering","Cleave","True Grit+1","Battle Trance","Immolate","Pummel"],"special_seed":0,"relics":["Burning Blood","Smiling Mask","Strawberry","Pear"],"potions_floor_usage":[13,16,16],"damage_taken":[{"damage":10.0,"enemies":"2 Louse","floor":1.0,"turns":4.0},{"damage":13.0,"enemies":"Jaw Worm","floor":4.0,"turns":4.0},{"damage":61,"enemies":"Lagavulin","floor":6,"turns":6},{"damage":4,"enemies":"Small Slimes","floor":7,"turns":3},{"damage":0,"enemies":"Exordium Wildlife","floor":12,"turns":3},{"damage":14,"enemies":"Gremlin Nob","floor":13,"turns":3},{"damage":12,"enemies":"Blue Slaver","floor":14,"turns":2},{"damage":66,"enemies":"Slime Boss","floor":16,"turns":7}],"seed_played":"-4665820732787876917","potions_obtained":[{"floor":7,"key":"Block Potion"},{"floor":12,"key":"SteroidPotion"},{"floor":13,"key":"Regen Potion"}],"is_trial":false,"path_per_floor":["M","?","?","M","?","E","M","R","T","$","?","M","E","M","R","B"],"character_chosen":"IRONCLAD","items_purchased":[],"campfire_rested":1,"item_purchase_floors":[],"current_hp_per_floor":[64,69,69,62,62,7,9,33,40,40,33,39,41,35,35,0],"gold":218,"neow_bonus":"ONE_RANDOM_RARE_CARD","is_prod":false,"is_daily":false,"chose_seed":false,"campfire_upgraded":1,"win_rate":0,"timestamp":1560072953,"path_taken":["M","?","?","M","?","E","?","R","T","$","?","M","E","M","R","BOSS"],"build_version":"2019-01-23","purchased_purges":1,"victory":false,"max_hp_per_floor":[75,80,80,80,80,80,80,80,87,87,87,87,97,97,97,97],"card_choices":[{"not_picked":["Pommel Strike","Thunderclap"],"picked":"Cleave","floor":1.0},{"not_picked":["Pommel Strike","Searing Blow"],"picked":"True Grit","floor":4.0},{"not_picked":["Juggernaut","Fire Breathing"],"picked":"Battle Trance","floor":6},{"not_picked":["Wild Strike","Clash","Warcry"],"picked":"SKIP","floor":7},{"not_picked":["Thunderclap","Clash","Seeing Red"],"picked":"SKIP","floor":12},{"not_picked":["Carnage","Uppercut"],"picked":"Immolate","floor":13},{"not_picked":["Blood for Blood","Cleave"],"picked":"Pummel","floor":14}],"player_experience":656497,"relics_obtained":[{"floor":6,"key":"Smiling Mask"},{"floor":9,"key":"Strawberry"},{"floor":13,"key":"Pear"}],"event_choices":[{"damage_healed":0.0,"max_hp_gain":5.0,"max_hp_loss":0.0,"gold_gain":0.0,"event_name":"Big Fish","player_choice":"Donut","floor":2.0,"gold_loss":0.0,"damage_taken":0.0},{"cards_removed":["Strike_R"],"damage_healed":0.0,"max_hp_gain":0.0,"max_hp_loss":0.0,"gold_gain":0.0,"event_name":"Living Wall","player_choice":"Forget","floor":3.0,"gold_loss":0.0,"damage_taken":0.0},{"damage_healed":0,"gold_gain":0,"player_choice":"Fled","damage_taken":0,"max_hp_gain":0,"max_hp_loss":0,"event_name":"Scrap Ooze","floor":5,"gold_loss":0},{"cards_removed":["Strike_R"],"damage_healed":0,"gold_gain":0,"player_choice":"Card Removal","damage_taken":7,"max_hp_gain":0,"max_hp_loss":0,"event_name":"Golden Wing","floor":11,"gold_loss":0}],"is_beta":false,"boss_relics":[],"items_purged_floors":[10],"is_endless":false,"potions_floor_spawned":[7,12,13],"killed_by":"Slime Boss","ascension_level":19}