{"path_per_floor":["M","$","M","?","?","R","M","R","T","M","?","M","$","M","R","B",null,"M","?","?","$","M","R","M","R","T","E","R","M","R","M","R"],"character_chosen":"THE_SILENT","items_purchased":["Bouncing Flask"],"gold_per_floor":[113,38,52,52,52,52,68,68,68,88,88,100,0,10,10,105,105,115,115,115,78,92,92,109,109,109,141,141,161,161,175,175],"floor_reached":33,"campfire_rested":3,"playtime":2460,"current_hp_per_floor":[69,69,69,55,55,55,55,55,69,67,72,72,72,67,67,24,89,76,62,62,62,47,47,34,52,52,33,51,53,53,33,51],"items_purged":["Defend_G","Strike_G"],"gold":175,"score":334,"play_id":"35d1cf22-8a35-4f57-85ee-f92da99f3472","is_prod":false,"is_daily":false,"is_ascension_mode":true,"campfire_upgraded":5,"path_taken":["M","$","M","?","?","R","M","R","T","?","?","M","?","M","R","BOSS","M","?","?","$","M","R","M","R","T","E","R","?","R","?","R","BOSS"],"build_version":"2018-02-15-PROD1","purchased_purges":2,"victory":false,"master_deck":["Defend_G+1","Defend_G+1","Survivor+1","Neutralize+1","Caltrops","Quick Slash","Dagger Spray+1","Dodge and Roll+1","Deflect","Venomology","Dagger Spray+1","Bite+1","Bite","Bite","Bite","Bite","Bouncing Flask","Backflip+1"],"max_hp_per_floor":[70,70,70,70,70,70,70,70,84,84,89,89,89,89,89,89,89,89,62,62,62,62,62,62,62,62,62,62,62,62,62,62],"relics":["Ring of the Snake","Mango","Lizard Tail","Tingsha","Bag of Marbles"],"card_choices":[{"not_picked":["PiercingWail","Blur"],"picked":"Quick Slash"},{"not_picked":["Caltrops","Dash"],"picked":"Dagger Spray"},{"not_picked":["Underhanded Strike","Bane"],"picked":"Dodge and Roll"},{"not_picked":["Predator","Heel Hook"],"picked":"Deflect"},{"not_picked":["Night Terror","Bullet Time"],"picked":"Venomology"},{"not_picked":["Heel Hook","Concentrate"],"picked":"Dagger Spray"},{"not_picked":["Prepared","Deflect"],"picked":"Backflip"}],"player_experience":153698,"potions_floor_usage":[16,16,16,24,27,31,33,33,33,33],"damage_taken":[{"damage":1,"enemies":"Cultist","floor":1,"turns":4},{"damage":0,"enemies":"2 Louse","floor":3,"turns":3},{"damage":0,"enemies":"Jaw Worm","floor":7,"turns":4},{"damage":2,"enemies":"2 Fungi Beasts","floor":10,"turns":3},{"damage":0,"enemies":"Looter","floor":12,"turns":3},{"damage":5,"enemies":"Lots of Slimes","floor":14,"turns":2},{"damage":43,"enemies":"Slime Boss","floor":16,"turns":16},{"damage":13,"enemies":"Shell Parasite","floor":18,"turns":10},{"damage":23,"enemies":"3 Byrds","floor":22,"turns":5},{"damage":29,"enemies":"Cultist and Chosen","floor":24,"turns":7},{"damage":64,"enemies":"Gremlin Leader","floor":27,"turns":11},{"damage":2,"enemies":"3 Cultists","floor":29,"turns":4},{"damage":26,"enemies":"Snecko","floor":31,"turns":6},{"damage":125,"enemies":"Collector","floor":33,"turns":9}],"event_choices":[{"event_name":"Shining Light","player_choice":"Entered Light","floor":4,"damage_taken":0},{"event_name":"Liars Game","player_choice":"disagreed","floor":5,"damage_taken":0},{"event_name":"Big Fish","player_choice":"Donut","floor":11,"damage_taken":0},{"event_name":"Vampires","player_choice":"Became a vampire","floor":19,"damage_taken":0},{"event_name":"Back to Basics","player_choice":"Elegance","floor":20,"damage_taken":0}],"boss_relics":[{"not_picked":["White Beast Statue","Cursed Key"],"picked":"Lizard Tail"}],"potions_floor_spawned":[3,12,14,29,31],"seed_played":"2877399145496107015","killed_by":"Collector","ascension_level":4,"is_trial":false}