{"path_per_floor":["M","?","?","M","M","R","?","R","T","M","M","T","M","M","R","B",null,"M","?","?","M","?"],"character_chosen":"THE_SILENT","items_purchased":[],"gold_per_floor":[111,141,141,156,168,168,168,168,192,208,223,249,265,278,278,353,353,365,365,365,384,384,384],"floor_reached":23,"campfire_rested":1,"playtime":1102,"current_hp_per_floor":[57,57,44,44,40,40,40,40,40,39,30,30,28,39,58,37,59,55,55,43,21,21,0],"items_purged":[],"gold":384,"score":311,"play_id":"90299e37-d0c9-4580-bdef-5b846511bea5","local_time":"20180325203049","is_prod":false,"is_daily":false,"is_ascension_mode":true,"campfire_upgraded":2,"timestamp":1522027849,"path_taken":["M","?","?","M","M","R","?","R","T","M","?","?","?","?","R","BOSS","M","?","?","?","?","E"],"build_version":"2018-03-22v2","purchased_purges":0,"victory":false,"master_deck":["Defend_G+1","Defend_G+1","Defend_G+1","Defend_G+1","Strike_G+1","Strike_G+1","Strike_G+1","Strike_G+1","Strike_G+1","Survivor","Neutralize+1","AscendersBane","Bouncing Flask+1","Infinite Blades","Escape Plan","Adrenaline","Backflip"],"max_hp_per_floor":[66,66,66,66,66,66,66,66,66,66,66,66,66,66,66,66,66,66,66,71,71,71,71],"relics":["Ring of the Snake","Tiny Chest","Dream Catcher","Bag of Preparation","Runic Pyramid"],"card_choices":[{"not_picked":["Flying Knee","PiercingWail"],"picked":"Bouncing Flask","floor":4},{"not_picked":["Die Die Die","Accuracy"],"picked":"Infinite Blades","floor":13},{"not_picked":["Skewer","PiercingWail"],"picked":"Escape Plan","floor":15},{"not_picked":["Grand Finale","Unload"],"picked":"Adrenaline","floor":16},{"not_picked":["Sucker Punch","Blade Dance"],"picked":"Backflip","floor":18}],"player_experience":358674,"potions_floor_usage":[11,13,14],"damage_taken":[{"damage":2,"enemies":"2 Louse","floor":1,"turns":3},{"damage":0,"enemies":"Cultist","floor":4,"turns":4},{"damage":4,"enemies":"Small Slimes","floor":5,"turns":3},{"damage":1,"enemies":"Looter","floor":10,"turns":4},{"damage":9,"enemies":"3 Louse","floor":11,"turns":3},{"damage":2,"enemies":"Exordium Thugs","floor":13,"turns":3},{"damage":1,"enemies":"Blue Slaver","floor":14,"turns":4},{"damage":21,"enemies":"Hexaghost","floor":16,"turns":9},{"damage":4,"enemies":"Spheric Guardian","floor":18,"turns":4},{"damage":22,"enemies":"3 Byrds","floor":21,"turns":6},{"damage":24,"enemies":"Book of Stabbing","floor":23,"turns":7}],"event_choices":[{"event_name":"Wheel of Change","player_choice":"Relic","floor":2,"damage_taken":0},{"event_name":"Shining Light","player_choice":"Entered Light","floor":3,"damage_taken":0},{"event_name":"Scrap Ooze","player_choice":"unsuccessful","floor":7,"damage_taken":0},{"event_name":"Back to Basics","player_choice":"Simplicity","floor":19,"damage_taken":0},{"event_name":"Forgotten Altar","player_choice":"Shed Blood","floor":20,"damage_taken":0},{"event_name":"The Mausoleum","player_choice":"No","floor":22,"damage_taken":0}],"boss_relics":[{"not_picked":["Snecko Eye","Philosopher\u0027s Stone"],"picked":"Runic Pyramid"}],"potions_floor_spawned":[1,5,10,13,18,21],"seed_played":"8273548927653848752","killed_by":"Book of Stabbing","ascension_level":14,"is_trial":false}