{"gold_per_floor":[111,129,149,162,162,162,195,270,270,284,284,317,331,331,331,406,406,421,421,421,99,119,119,119],"floor_reached":24,"playtime":774,"items_purged":[],"score":381,"play_id":"b2e32d93-99fd-4bc5-bd62-66ca6973ad5b","local_time":"20190113112008","is_ascension_mode":true,"campfire_choices":[{"data":"Bash","floor":6,"key":"SMITH"},{"data":"Spot Weakness","floor":15,"key":"SMITH"},{"data":"1","floor":23,"key":"LIFT"}],"neow_cost":"NONE","seed_source_timestamp":45975938340407,"circlet_count":0,"master_deck":["AscendersBane","Defend_R","Defend_R","Defend_R","Defend_R","Bash+1","Sword Boomerang","Pummel","Double Tap","True Grit","Twin Strike","Twin Strike","Bloodletting","Spot Weakness+1","Offering","Whirlwind","Juggernaut","Armaments"],"relics":["Burning Blood","Shuriken","Mercury Hourglass","Sundial","White Beast Statue","Nilry\u0027s Codex","Girya"],"potions_floor_usage":[2,18,18,24],"damage_taken":[{"damage":8,"enemies":"Small Slimes","floor":1,"turns":6},{"damage":8,"enemies":"2 Louse","floor":2,"turns":3},{"damage":6,"enemies":"Cultist","floor":3,"turns":3},{"damage":12,"enemies":"Looter","floor":4,"turns":3},{"damage":14,"enemies":"Gremlin Nob","floor":7,"turns":4},{"damage":7,"enemies":"Large Slime","floor":10,"turns":5},{"damage":26,"enemies":"Lagavulin","floor":12,"turns":5},{"damage":9,"enemies":"2 Fungi Beasts","floor":13,"turns":3},{"damage":33,"enemies":"Slime Boss","floor":16,"turns":7},{"damage":18,"enemies":"2 Thieves","floor":18,"turns":3},{"damage":8,"enemies":"3 Byrds","floor":22,"turns":3},{"damage":39,"enemies":"Gremlin Leader","floor":24,"turns":2}],"seed_played":"-3877107328937809219","potions_obtained":[{"floor":1,"key":"BloodPotion"},{"floor":7,"key":"FearPotion"},{"floor":16,"key":"Energy Potion"},{"floor":18,"key":"EssenceOfSteel"},{"floor":22,"key":"Regen Potion"}],"is_trial":false,"path_per_floor":["M","M","M","M","?","R","E","?","T","M","?","E","M","?","R","B",null,"M","?","?","$","M","R","E"],"character_chosen":"IRONCLAD","items_purchased":["Girya"],"campfire_rested":0,"item_purchase_floors":[21],"current_hp_per_floor":[66,71,71,65,58,58,50,39,39,38,38,18,15,40,40,13,60,48,27,27,27,25,25,0],"gold":119,"neow_bonus":"REMOVE_CARD","is_prod":false,"is_daily":false,"chose_seed":false,"campfire_upgraded":2,"win_rate":0,"timestamp":1547349608,"path_taken":["M","M","M","M","?","R","E","?","T","M","?","E","?","?","R","BOSS","M","?","?","$","M","R","E"],"build_version":"2019-01-10","purchased_purges":0,"victory":false,"max_hp_per_floor":[75,75,75,75,75,75,75,75,75,75,75,75,75,75,75,75,75,75,75,75,75,75,75,75],"card_choices":[{"not_picked":["Feel No Pain","Havoc"],"picked":"Sword Boomerang","floor":1},{"not_picked":["Flex","Heavy Blade"],"picked":"Pummel","floor":2},{"not_picked":["Warcry","Headbutt"],"picked":"Double Tap","floor":3},{"not_picked":["Heavy Blade","Entrench"],"picked":"True Grit","floor":4},{"not_picked":["Fire Breathing","Warcry"],"picked":"Twin Strike","floor":7},{"not_picked":["Warcry","Flex"],"picked":"Twin Strike","floor":10},{"not_picked":["Entrench","Havoc","Burning Pact"],"picked":"SKIP","floor":12},{"not_picked":["Infernal Blade","Rupture"],"picked":"Spot Weakness","floor":13},{"not_picked":["Double Tap","Bludgeon"],"picked":"Offering","floor":16},{"not_picked":["Clash","Warcry"],"picked":"Whirlwind","floor":18},{"not_picked":["Warcry","Searing Blow","Metallicize"],"picked":"SKIP","floor":22}],"player_experience":668292,"relics_obtained":[{"floor":7,"key":"Shuriken"},{"floor":9,"key":"Mercury Hourglass"},{"floor":12,"key":"Sundial"},{"floor":19,"key":"Nilry\u0027s Codex"}],"event_choices":[{"cards_removed":["Strike_R"],"damage_healed":0,"gold_gain":0,"player_choice":"Card Removal","damage_taken":7,"max_hp_gain":0,"max_hp_loss":0,"event_name":"Golden Wing","floor":5,"gold_loss":0},{"damage_healed":0,"gold_gain":75,"player_choice":"Gather Gold","damage_taken":11,"max_hp_gain":0,"max_hp_loss":0,"event_name":"World of Goop","floor":8,"gold_loss":0},{"damage_healed":0,"gold_gain":0,"cards_transformed":["Strike_R"],"player_choice":"Transformed","damage_taken":0,"max_hp_gain":0,"max_hp_loss":0,"event_name":"Transmorgrifier","floor":11,"gold_loss":0,"cards_obtained":["Bloodletting"]},{"damage_healed":25,"gold_gain":0,"player_choice":"Banana","damage_taken":0,"max_hp_gain":0,"max_hp_loss":0,"event_name":"Big Fish","floor":14,"gold_loss":0},{"damage_healed":0,"gold_gain":0,"player_choice":"Obtained Book","damage_taken":21,"max_hp_gain":0,"max_hp_loss":0,"event_name":"Cursed Tome","floor":19,"gold_loss":0},{"damage_healed":0,"gold_gain":0,"cards_transformed":["Strike_R","Strike_R"],"player_choice":"Became Test Subject","damage_taken":0,"max_hp_gain":0,"max_hp_loss":0,"event_name":"Drug Dealer","floor":20,"gold_loss":0,"cards_obtained":["Juggernaut","Armaments"]}],"is_beta":false,"boss_relics":[{"not_picked":["Calling Bell","Lizard Tail"],"picked":"White Beast Statue"}],"items_purged_floors":[],"is_endless":false,"potions_floor_spawned":[1,7,16,18,22],"killed_by":"Gremlin Leader","ascension_level":17}