{"gold_per_floor":[114,126,140,47,59,59,118,132,159,214,267,267,282,282],"floor_reached":14,"playtime":1277,"items_purged":[],"score":106,"play_id":"74770078-5307-4293-b80a-52c8fdbc19f5","local_time":"20190612205113","is_ascension_mode":true,"campfire_choices":[{"floor":6,"key":"REST"},{"floor":12,"key":"REST"}],"neow_cost":"NONE","seed_source_timestamp":297540531676,"circlet_count":0,"master_deck":["Strike_B","Strike_B","Strike_B","Strike_B","Defend_B","Defend_B","Defend_B","Defend_B","Zap","Dualcast","Streamline","Double Energy","Mind Blast","Aggregate","Sweeping Beam","Scrape"],"relics":["Snecko Eye","Tiny Chest","Art of War","Regal Pillow"],"potions_floor_usage":[8],"damage_taken":[{"damage":0,"enemies":"Small Slimes","floor":1,"turns":3},{"damage":7,"enemies":"Jaw Worm","floor":2,"turns":3},{"damage":1,"enemies":"Cultist","floor":3,"turns":3},{"damage":30,"enemies":"Lots of Slimes","floor":5,"turns":4},{"damage":53,"enemies":"Gremlin Nob","floor":7,"turns":5},{"damage":3,"enemies":"Blue Slaver","floor":8,"turns":3},{"damage":37,"enemies":"Large Slime","floor":13,"turns":6},{"damage":5,"enemies":"2 Fungi Beasts","floor":14,"turns":2}],"seed_played":"-4018911144489642748","potions_obtained":[{"floor":5,"key":"SteroidPotion"},{"floor":7,"key":"Explosive Potion"}],"is_trial":false,"path_per_floor":["M","M","M","$","M","R","E","M","T","?","T","R","M","M"],"character_chosen":"DEFECT","items_purchased":["Mind Blast"],"campfire_rested":2,"item_purchase_floors":[4],"current_hp_per_floor":[75,68,67,67,37,59,6,3,3,3,3,40,3,0],"gold":282,"neow_bonus":"BOSS_RELIC","is_prod":false,"is_daily":false,"chose_seed":false,"campfire_upgraded":0,"win_rate":0,"timestamp":1560387073,"path_taken":["M","M","M","$","M","R","E","M","T","?","?","R","M","M"],"build_version":"2019-01-23","purchased_purges":0,"victory":false,"max_hp_per_floor":[75,75,75,75,75,75,75,75,75,75,75,75,75,75],"card_choices":[{"not_picked":["Hologram","Auto Shields"],"picked":"Streamline","floor":1},{"not_picked":["Redo","Chaos"],"picked":"Double Energy","floor":2},{"not_picked":["Static Discharge","Skim","Leap"],"picked":"SKIP","floor":3},{"not_picked":["Beam Cell","Sweeping Beam","Stack"],"picked":"SKIP","floor":5},{"not_picked":["Multi-Cast","Steam"],"picked":"Aggregate","floor":7},{"not_picked":["Scrape","Cold Snap"],"picked":"Sweeping Beam","floor":8},{"not_picked":["Streamline","Hologram"],"picked":"Scrape","floor":13}],"player_experience":392061,"relics_obtained":[{"floor":7,"key":"Tiny Chest"},{"floor":9,"key":"Art of War"},{"floor":11,"key":"Regal Pillow"}],"event_choices":[{"damage_healed":0,"gold_gain":55,"player_choice":"Gained Gold","damage_taken":0,"max_hp_gain":0,"max_hp_loss":0,"event_name":"Golden Wing","floor":10,"gold_loss":0}],"is_beta":false,"boss_relics":[],"items_purged_floors":[],"is_endless":false,"potions_floor_spawned":[5,7],"killed_by":"2 Fungi Beasts","ascension_level":3}