{"gold_per_floor":[115,65,82,82,92,122,122,122,122,138,196,221,221,237,237,237],"floor_reached":16,"playtime":873,"items_purged":[],"score":187,"play_id":"b6b01853-fd56-402d-8624-57b346a1f291","local_time":"20181220135126","is_ascension_mode":true,"campfire_choices":[{"data":"Bash","floor":7,"key":"SMITH"},{"floor":13,"key":"REST"},{"data":"Carnage","floor":15,"key":"SMITH"}],"neow_cost":"NONE","seed_source_timestamp":674643226703111,"circlet_count":0,"master_deck":["AscendersBane","Strike_R","Strike_R","Strike_R","Strike_R","Defend_R","Defend_R","Defend_R","Defend_R","Bash+1","Purity","Carnage+1","Twin Strike","Battle Trance","Shrug It Off","Twin Strike"],"relics":["Burning Blood","Blood Vial","Bottled Flame","Orichalcum","Oddly Smooth Stone"],"potions_floor_usage":[6,6,12],"damage_taken":[{"damage":14,"enemies":"Jaw Worm","floor":1,"turns":4},{"damage":6,"enemies":"Cultist","floor":3,"turns":4},{"damage":3,"enemies":"2 Louse","floor":5,"turns":2},{"damage":25,"enemies":"Lagavulin","floor":6,"turns":7},{"damage":4,"enemies":"2 Fungi Beasts","floor":10,"turns":4},{"damage":28,"enemies":"Lagavulin Event","floor":11,"turns":5},{"damage":21,"enemies":"3 Sentries","floor":12,"turns":9},{"damage":11,"enemies":"3 Louse","floor":14,"turns":3},{"damage":39,"enemies":"The Guardian","floor":16,"turns":9}],"seed_played":"-2319922904669937080","potions_obtained":[{"floor":3,"key":"EssenceOfSteel"},{"floor":5,"key":"Weak Potion"},{"floor":11,"key":"Block Potion"},{"floor":12,"key":"Ancient Potion"}],"is_trial":false,"path_per_floor":["M","?","M","?","M","E","R","?","T","M","?","E","R","M","R","B"],"character_chosen":"IRONCLAD","items_purchased":[],"campfire_rested":1,"item_purchase_floors":[],"current_hp_per_floor":[60,60,60,60,63,44,44,44,44,48,28,15,37,34,34,0],"gold":237,"neow_bonus":"RANDOM_COLORLESS","is_prod":false,"is_daily":false,"chose_seed":false,"campfire_upgraded":2,"win_rate":0,"timestamp":1545285086,"path_taken":["M","?","M","?","?","E","R","?","T","M","?","E","R","M","R","BOSS"],"build_version":"2018-12-13","purchased_purges":0,"victory":false,"max_hp_per_floor":[75,75,75,75,75,75,75,75,75,75,75,75,75,75,75,75],"card_choices":[{"not_picked":["Pummel","Clash"],"picked":"Carnage","floor":1},{"not_picked":["Infernal Blade","Second Wind"],"picked":"Twin Strike","floor":3},{"not_picked":["Warcry","Flex"],"picked":"Battle Trance","floor":5},{"not_picked":["Warcry","Havoc"],"picked":"Shrug It Off","floor":6},{"not_picked":["Thunderclap","Armaments","Evolve"],"picked":"SKIP","floor":10},{"not_picked":["Thunderclap","Armaments"],"picked":"Twin Strike","floor":11},{"not_picked":["Dual Wield","Fiend Fire","Blood for Blood"],"picked":"SKIP","floor":12},{"not_picked":["Armaments","Perfected Strike","Wild Strike"],"picked":"SKIP","floor":14}],"player_experience":595463,"relics_obtained":[{"floor":6,"key":"Blood Vial"},{"floor":9,"key":"Bottled Flame"},{"floor":11,"key":"Orichalcum"},{"floor":12,"key":"Oddly Smooth Stone"}],"event_choices":[{"cards_removed":["Strike_R"],"damage_healed":0,"gold_gain":0,"player_choice":"Card Removal","damage_taken":0,"max_hp_gain":0,"max_hp_loss":0,"event_name":"The Cleric","floor":2,"gold_loss":50},{"damage_healed":0,"gold_gain":0,"player_choice":"Bought 0 Potions","damage_taken":0,"max_hp_gain":0,"max_hp_loss":0,"event_name":"The Woman in Blue","floor":4,"gold_loss":0},{"damage_healed":0,"gold_gain":0,"player_choice":"Ignored","damage_taken":0,"max_hp_gain":0,"max_hp_loss":0,"event_name":"Liars Game","floor":8,"gold_loss":0},{"damage_healed":0,"gold_gain":0,"player_choice":"Searched \u00272\u0027 times","damage_taken":0,"max_hp_gain":0,"max_hp_loss":0,"event_name":"Dead Adventurer","floor":11,"gold_loss":0}],"is_beta":false,"boss_relics":[],"items_purged_floors":[],"is_endless":false,"potions_floor_spawned":[3,5,11,12],"killed_by":"The Guardian","ascension_level":14}