{"gold_per_floor":[112,112,29,29,44,78,78,78,104,104,104,123,123,136,136,208,208,220,146,164,164,180,180],"floor_reached":23,"playtime":778,"items_purged":[],"score":417,"play_id":"62afe012-2a88-462e-86d4-72c0ced8dd3e","local_time":"20190614182106","is_ascension_mode":true,"campfire_choices":[{"data":"Undo","floor":8,"key":"SMITH"},{"data":"Reinforced Body","floor":10,"key":"SMITH"},{"data":"Glacier","floor":13,"key":"SMITH"},{"data":"Hologram","floor":15,"key":"SMITH"}],"neow_cost":"NONE","seed_source_timestamp":138822462467758,"circlet_count":0,"master_deck":["AscendersBane","Strike_B","Strike_B+1","Defend_B","Defend_B","Zap","Dualcast","Gash+1","Reinforced Body+1","Undo+1","White Noise","Glacier+1","Hologram+1","Seek","Force Field","Defragment","Cold Snap","Coolheaded"],"relics":["Cracked Core","NeowsBlessing","Bottled Flame","Whetstone","Empty Cage"],"potions_floor_usage":[16,22,23],"damage_taken":[{"damage":0,"enemies":"Jaw Worm","floor":1,"turns":1},{"damage":0,"enemies":"2 Louse","floor":5,"turns":1},{"damage":0,"enemies":"Gremlin Nob","floor":6,"turns":1},{"damage":0,"enemies":"Cultist","floor":12,"turns":4},{"damage":0,"enemies":"3 Louse","floor":14,"turns":5},{"damage":19,"enemies":"Slime Boss","floor":16,"turns":8},{"damage":8,"enemies":"Shell Parasite","floor":18,"turns":11},{"damage":14,"enemies":"Chosen","floor":20,"turns":11},{"damage":14,"enemies":"Snake Plant","floor":22,"turns":6},{"damage":11,"enemies":"Book of Stabbing","floor":23,"turns":5}],"seed_played":"-298107756734717370","potions_obtained":[{"floor":14,"key":"Poison Potion"},{"floor":16,"key":"FocusPotion"},{"floor":18,"key":"Weak Potion"},{"floor":20,"key":"FocusPotion"}],"is_trial":false,"path_per_floor":["M","?","$","?","M","E","?","R","T","R","?","M","R","M","R","B",null,"M","$","M","?","M","E"],"character_chosen":"DEFECT","items_purchased":["Reinforced Body","Defragment"],"campfire_rested":0,"item_purchase_floors":[3,19],"current_hp_per_floor":[64,57,57,57,57,57,62,62,62,62,62,62,62,62,62,43,68,60,60,46,24,10,0],"gold":180,"neow_bonus":"THREE_ENEMY_KILL","is_prod":false,"is_daily":false,"chose_seed":false,"campfire_upgraded":4,"win_rate":0,"timestamp":1560507666,"path_taken":["M","?","$","?","M","E","?","R","T","R","?","M","R","M","R","BOSS","M","$","M","?","M","E"],"build_version":"2019-01-23","purchased_purges":0,"victory":false,"max_hp_per_floor":[71,71,71,71,71,71,76,76,76,76,76,76,76,76,76,76,76,76,76,76,81,81,81],"card_choices":[{"not_picked":["Leap","Beam Cell"],"picked":"Gash","floor":1},{"not_picked":["Beam Cell","Leap"],"picked":"Undo","floor":5},{"not_picked":["Leap","White Noise","Streamline"],"picked":"SKIP","floor":6},{"not_picked":["Leap","Streamline"],"picked":"White Noise","floor":6},{"not_picked":["Chaos","Barrage","Rip and Tear"],"picked":"SKIP","floor":12},{"not_picked":["Ball Lightning","Blizzard"],"picked":"Hologram","floor":14},{"not_picked":["Machine Learning","Rainbow"],"picked":"Seek","floor":16},{"not_picked":["Recycle","Double Energy"],"picked":"Force Field","floor":18},{"not_picked":["Self Repair","Steam"],"picked":"Cold Snap","floor":20},{"not_picked":["Sweeping Beam","Barrage"],"picked":"Coolheaded","floor":22}],"player_experience":680982,"relics_obtained":[{"floor":6,"key":"Bottled Flame"},{"floor":9,"key":"Whetstone"}],"event_choices":[{"cards_removed":["Strike_B"],"damage_healed":0,"gold_gain":0,"player_choice":"Card Removal","damage_taken":7,"max_hp_gain":0,"max_hp_loss":0,"event_name":"Golden Wing","floor":2,"gold_loss":0},{"damage_healed":0,"gold_gain":0,"player_choice":"Leave","damage_taken":0,"max_hp_gain":0,"max_hp_loss":0,"event_name":"The Cleric","floor":4,"gold_loss":0},{"damage_healed":0,"gold_gain":0,"player_choice":"Donut","damage_taken":0,"max_hp_gain":5,"max_hp_loss":0,"event_name":"Big Fish","floor":7,"gold_loss":0},{"damage_healed":0,"gold_gain":0,"cards_transformed":["Defend_B"],"player_choice":"Transformed","damage_taken":0,"max_hp_gain":0,"max_hp_loss":0,"event_name":"Transmorgrifier","floor":11,"gold_loss":0,"cards_obtained":["Glacier"]},{"damage_healed":0,"gold_gain":0,"player_choice":"Shed Blood","damage_taken":27,"max_hp_gain":5,"max_hp_loss":0,"event_name":"Forgotten Altar","floor":21,"gold_loss":0}],"is_beta":false,"boss_relics":[{"not_picked":["Astrolabe","Orrery"],"picked":"Empty Cage"}],"items_purged_floors":[],"is_endless":false,"potions_floor_spawned":[14,16,18,20],"killed_by":"Book of Stabbing","ascension_level":19}