{"gold_per_floor":[117,42,56,6,6,6,18,18,18,82,100,125,125,25,25,130,130,141,141,151,26,46,46,107,107,107,107,141,160,189,206,206,306,306,322,334,184,195,212,247,257,257,310,337,10,29,60,72,72,72],"floor_reached":51,"playtime":3356,"items_purged":["Strike_R","Strike_R","Defend_R","Strike_R+1","Defend_R+1"],"score":1377,"play_id":"db1fade4-28ad-4032-8557-b67163a08682","local_time":"20181209132736","is_ascension_mode":true,"campfire_choices":[{"data":"Bash","floor":6,"key":"SMITH"},{"data":"Rampage","floor":8,"key":"SMITH"},{"data":"Dropkick","floor":13,"key":"SMITH"},{"data":"Dropkick","floor":15,"key":"SMITH"},{"data":"Offering","floor":23,"key":"SMITH"},{"data":"Double Tap","floor":25,"key":"SMITH"},{"data":"Strike_R","floor":32,"key":"SMITH"},{"floor":42,"key":"REST"},{"floor":49,"key":"REST"}],"neow_cost":"NONE","seed_source_timestamp":535316724311767,"circlet_count":0,"master_deck":["AscendersBane","Defend_R+1","Defend_R+1","Bash+1","Dropkick+1","Rampage+1","Dropkick+1","Offering+1","Shrug It Off+1","Double Tap+1","Infernal Blade+1","Headbutt+1","Dropkick+1"],"relics":["Burning Blood","NeowsBlessing","Potion Belt","Self Forming Clay","FossilizedHelix","Sozu","Tiny Chest","Turnip","Strawberry","War Paint","Fusion Hammer","Champion Belt","Bag of Preparation","Dodecahedron","Ancient Tea Set","Calipers"],"potions_floor_usage":[12,31,33,50],"damage_taken":[{"damage":0,"enemies":"Jaw Worm","floor":1,"turns":1},{"damage":0,"enemies":"Small Slimes","floor":3,"turns":1},{"damage":0,"enemies":"Cultist","floor":7,"turns":1},{"damage":13,"enemies":"3 Sentries","floor":10,"turns":9},{"damage":12,"enemies":"Red Slaver","floor":11,"turns":3},{"damage":12,"enemies":"Lagavulin","floor":12,"turns":6},{"damage":12,"enemies":"The Guardian","floor":16,"turns":10},{"damage":0,"enemies":"2 Thieves","floor":18,"turns":3},{"damage":0,"enemies":"Shell Parasite","floor":20,"turns":3},{"damage":0,"enemies":"Snecko","floor":22,"turns":3},{"damage":26,"enemies":"Slavers","floor":24,"turns":7},{"damage":6,"enemies":"Book of Stabbing","floor":28,"turns":2},{"damage":0,"enemies":"Centurion and Healer","floor":29,"turns":3},{"damage":0,"enemies":"Gremlin Leader","floor":30,"turns":2},{"damage":0,"enemies":"Snake Plant","floor":31,"turns":2},{"damage":66,"enemies":"Collector","floor":33,"turns":9},{"damage":5,"enemies":"3 Shapes","floor":35,"turns":5},{"damage":1,"enemies":"3 Darklings","floor":36,"turns":4},{"damage":0,"enemies":"Spire Growth","floor":38,"turns":2},{"damage":3,"enemies":"Sphere and 2 Shapes","floor":39,"turns":3},{"damage":2,"enemies":"Giant Head","floor":40,"turns":3},{"damage":1,"enemies":"Jaw Worm Horde","floor":41,"turns":3},{"damage":0,"enemies":"Nemesis","floor":44,"turns":2},{"damage":0,"enemies":"3 Darklings","floor":46,"turns":2},{"damage":0,"enemies":"Reptomancer","floor":47,"turns":1},{"damage":0,"enemies":"Spire Growth","floor":48,"turns":1},{"damage":29,"enemies":"Awakened One","floor":50,"turns":6}],"seed_played":"2032765571407606197","potions_obtained":[{"floor":1,"key":"Block Potion"},{"floor":7,"key":"Fire Potion"},{"floor":11,"key":"FearPotion"},{"floor":16,"key":"LiquidBronze"}],"is_trial":false,"path_per_floor":["M","$","M","?","?","R","M","R","T","?","M","E","R","$","R","B",null,"M","?","M","$","M","R","E","R","T","$","E","M","E","M","R","B",null,"M","M","$","M","M","E","M","R","T","E","$","M","E","M","R","B",null],"character_chosen":"IRONCLAD","items_purchased":["Ancient Tea Set"],"campfire_rested":2,"item_purchase_floors":[45],"current_hp_per_floor":[78,78,80,80,64,64,70,70,70,63,57,51,51,51,51,45,71,77,77,80,80,80,80,60,60,60,60,67,73,79,85,85,25,72,73,78,78,84,87,87,87,87,87,87,87,87,87,87,87,64],"gold":72,"neow_bonus":"THREE_ENEMY_KILL","is_prod":false,"is_daily":false,"chose_seed":false,"campfire_upgraded":7,"win_rate":0,"timestamp":1544333256,"path_taken":["M","$","M","?","?","R","?","R","T","?","M","E","R","$","R","BOSS","M","?","?","$","M","R","E","R","T","?","E","M","E","M","R","BOSS","M","M","$","M","M","E","M","R","T","E","$","M","E","M","R","BOSS"],"build_version":"2018-12-06","purchased_purges":5,"victory":true,"max_hp_per_floor":[80,80,80,80,80,80,80,80,80,80,80,80,80,80,80,80,80,80,80,80,80,80,80,80,80,80,80,87,87,87,87,87,87,87,87,87,87,87,87,87,87,87,87,87,87,87,87,87,87,87],"card_choices":[{"not_picked":["Evolve","Cleave"],"picked":"Dropkick","floor":1},{"not_picked":["Wild Strike","Clash"],"picked":"Rampage","floor":3},{"not_picked":["Heavy Blade","Fire Breathing","Flex"],"picked":"SKIP","floor":7},{"not_picked":["Iron Wave","Clash","Exhume"],"picked":"SKIP","floor":11},{"not_picked":["Clash","Immolate"],"picked":"Dropkick","floor":12},{"not_picked":["Barricade","Brutality"],"picked":"Offering","floor":16},{"not_picked":["Wild Strike+1","True Grit","Flex"],"picked":"SKIP","floor":18},{"not_picked":["Uppercut+1","Perfected Strike"],"picked":"Shrug It Off","floor":20},{"not_picked":["Bloodletting","Disarm","Blood for Blood+1"],"picked":"SKIP","floor":22},{"not_picked":["Entrench","Feel No Pain"],"picked":"Double Tap","floor":24},{"not_picked":["Clash","True Grit"],"picked":"Infernal Blade+1","floor":28},{"not_picked":["Armaments","Burning Pact","Warcry"],"picked":"SKIP","floor":29},{"not_picked":["Heavy Blade","Bloodletting+1","Pommel Strike+1"],"picked":"SKIP","floor":30},{"not_picked":["Searing Blow+1","Infernal Blade+1","Iron Wave"],"picked":"SKIP","floor":31},{"not_picked":["Thunderclap","Infernal Blade","Clothesline"],"picked":"SKIP","floor":35},{"not_picked":["Blood for Blood","Shrug It Off"],"picked":"Headbutt+1","floor":36},{"not_picked":["Pommel Strike","Clash+1","Wild Strike+1"],"picked":"SKIP","floor":38},{"not_picked":["Thunderclap+1","Intimidate","Armaments+1"],"picked":"SKIP","floor":39},{"not_picked":["Perfected Strike+1","Reaper","Headbutt+1"],"picked":"SKIP","floor":40},{"not_picked":["Battle Trance","Feel No Pain+1","Rampage"],"picked":"SKIP","floor":41},{"not_picked":["Iron Wave","Bloodletting+1"],"picked":"Dropkick+1","floor":44},{"not_picked":["Havoc+1","Hemokinesis+1","Pommel Strike+1"],"picked":"SKIP","floor":46},{"not_picked":["Shockwave+1","Dropkick","True Grit"],"picked":"SKIP","floor":47},{"not_picked":["Twin Strike+1","Limit Break","Iron Wave"],"picked":"SKIP","floor":48}],"player_experience":515684,"relics_obtained":[{"floor":9,"key":"Potion Belt"},{"floor":12,"key":"FossilizedHelix"},{"floor":24,"key":"Tiny Chest"},{"floor":26,"key":"Turnip"},{"floor":28,"key":"Strawberry"},{"floor":30,"key":"War Paint"},{"floor":40,"key":"Champion Belt"},{"floor":43,"key":"Bag of Preparation"},{"floor":44,"key":"Dodecahedron"},{"floor":47,"key":"Calipers"}],"event_choices":[{"cards_removed":["Strike_R"],"damage_healed":0,"gold_gain":0,"player_choice":"Card Removal","damage_taken":0,"max_hp_gain":0,"max_hp_loss":0,"event_name":"The Cleric","floor":4,"gold_loss":50},{"damage_healed":0,"gold_gain":0,"player_choice":"Entered Light","damage_taken":16,"max_hp_gain":0,"max_hp_loss":0,"event_name":"Shining Light","floor":5,"gold_loss":0,"cards_upgraded":["Defend_R","Defend_R"]},{"damage_healed":0,"gold_gain":0,"player_choice":"Searched \u00272\u0027 times","damage_taken":0,"relics_obtained":["Self Forming Clay"],"max_hp_gain":0,"max_hp_loss":0,"event_name":"Dead Adventurer","floor":10,"gold_loss":0},{"cards_removed":["Strike_R"],"damage_healed":0,"gold_gain":0,"player_choice":"Offered Basic","damage_taken":0,"max_hp_gain":0,"max_hp_loss":0,"event_name":"Bonfire Elementals","floor":19,"gold_loss":0}],"is_beta":false,"boss_relics":[{"not_picked":["White Beast Statue","Snecko Eye"],"picked":"Sozu"},{"not_picked":["Eternal Feather","Cursed Key"],"picked":"Fusion Hammer"}],"items_purged_floors":[2,14,21,37,45],"is_endless":false,"potions_floor_spawned":[1,7,11,16,24,28,33,38,40,41,44,46,48],"ascension_level":11}