{"gold_per_floor":[114,114,40,40,115,146,146,164,187,213,230,230,248,113,113,216,216,234,334,334,346,363,363,378,410,410,108,141,141,141,159,159,254,254,272,285,385,155,171,171,203,203,203,203,215,22,0,0,0,0],"floor_reached":51,"playtime":1885,"items_purged":["Strike_B","Strike_B","Strike_B","Defend_B"],"score":1154,"play_id":"563c7ff5-6f42-4f1f-83d0-f6c02b5e56eb","local_time":"20190604072545","is_ascension_mode":true,"campfire_choices":[{"data":"Zap","floor":7,"key":"SMITH"},{"data":"Defragment","floor":12,"key":"SMITH"},{"data":"Barrage","floor":15,"key":"SMITH"},{"data":"Conserve Battery","floor":23,"key":"SMITH"},{"data":"Go for the Eyes","floor":30,"key":"SMITH"},{"data":"Capacitor","floor":32,"key":"SMITH"},{"data":"Machine Learning","floor":40,"key":"SMITH"},{"data":"Leap","floor":42,"key":"SMITH"},{"floor":49,"key":"REST"}],"neow_cost":"NONE","seed_source_timestamp":1433919032813807,"circlet_count":0,"master_deck":["AscendersBane","Defend_B","Defend_B","Defend_B","Zap+1","Dualcast","Cold Snap","Melter","Cold Snap","Defragment+1","Barrage+1","Steam","Self Repair","Electrodynamics","Go for the Eyes+1","Capacitor+1","Consume+1","Conserve Battery+1","Leap+1","Leap+1","Machine Learning+1","Coolheaded","Flash of Steel+1","Impatience"],"relics":["Cracked Core","NeowsBlessing","DataDisk","Smiling Mask","Vajra","Sozu","Mango","Meat on the Bone","Blue Candle","Mummified Hand","Kunai","Pocketwatch","Inserter","Juzu Bracelet","Bag of Preparation","Molten Egg 2","Shuriken","Lantern","Red Mask"],"potions_floor_usage":[16],"damage_taken":[{"damage":0,"enemies":"2 Louse","floor":1,"turns":1},{"damage":0,"enemies":"3 Sentries","floor":6,"turns":2},{"damage":0,"enemies":"Jaw Worm","floor":8,"turns":1},{"damage":13,"enemies":"Gremlin Nob","floor":10,"turns":3},{"damage":15,"enemies":"Small Slimes","floor":11,"turns":3},{"damage":0,"enemies":"3 Louse","floor":13,"turns":3},{"damage":5,"enemies":"Hexaghost","floor":16,"turns":8},{"damage":0,"enemies":"Spheric Guardian","floor":18,"turns":1},{"damage":13,"enemies":"Colosseum Slavers","floor":19,"turns":4},{"damage":14,"enemies":"Colosseum Nobs","floor":19,"turns":3},{"damage":28,"enemies":"2 Thieves","floor":21,"turns":3},{"damage":0,"enemies":"3 Cultists","floor":22,"turns":3},{"damage":33,"enemies":"Snake Plant","floor":24,"turns":5},{"damage":8,"enemies":"Gremlin Leader","floor":25,"turns":6},{"damage":10,"enemies":"Book of Stabbing","floor":28,"turns":5},{"damage":0,"enemies":"Centurion and Healer","floor":31,"turns":6},{"damage":24,"enemies":"Champ","floor":33,"turns":10},{"damage":0,"enemies":"3 Shapes","floor":35,"turns":5},{"damage":7,"enemies":"Orb Walker","floor":36,"turns":4},{"damage":10,"enemies":"3 Darklings","floor":39,"turns":3},{"damage":19,"enemies":"Nemesis","floor":41,"turns":7},{"damage":9,"enemies":"Jaw Worm Horde","floor":45,"turns":3},{"damage":7,"enemies":"Donu and Deca","floor":50,"turns":9}],"seed_played":"-1069804898538899522","potions_obtained":[{"floor":1,"key":"Energy Potion"},{"floor":10,"key":"LiquidBronze"}],"is_trial":false,"path_per_floor":["M","?","$","?","?","E","R","M","T","E","M","R","M","$","R","B",null,"M","?","?","M","M","R","M","E","T","$","E","?","R","M","R","B",null,"M","M","?","$","M","R","E","R","T","?","M","$","?","?","R","B",null],"character_chosen":"DEFECT","items_purchased":["Melter","Steam","Self Repair","Kunai","Coolheaded","Juzu Bracelet","Lantern"],"campfire_rested":1,"item_purchase_floors":[3,14,14,27,38,38,46],"current_hp_per_floor":[68,68,68,73,62,62,62,62,62,49,34,34,34,34,34,36,69,69,70,70,61,68,68,54,65,65,65,62,62,62,69,69,64,87,94,94,94,94,91,91,79,79,79,79,70,70,70,65,93,93],"gold":0,"neow_bonus":"THREE_ENEMY_KILL","is_prod":false,"is_daily":false,"chose_seed":false,"campfire_upgraded":8,"win_rate":0,"timestamp":1559647545,"path_taken":["M","?","$","?","?","E","R","M","T","E","M","R","M","$","R","BOSS","M","?","?","M","?","R","M","E","T","$","E","?","R","M","R","BOSS","M","M","?","$","M","R","E","R","T","?","M","?","?","?","R","BOSS"],"build_version":"2019-01-23","purchased_purges":4,"victory":true,"max_hp_per_floor":[75,75,75,80,80,80,80,80,80,80,80,80,80,80,80,80,80,80,94,94,94,94,94,94,94,94,94,94,94,94,94,94,94,94,94,94,94,94,94,94,94,94,94,94,94,94,94,94,94,94],"card_choices":[{"not_picked":["Sunder","Sweeping Beam"],"picked":"Cold Snap","floor":1},{"not_picked":["Compile Driver","Steam"],"picked":"Cold Snap","floor":6},{"not_picked":["Steam","Fusion"],"picked":"Defragment","floor":8},{"not_picked":["Rip and Tear","Go for the Eyes","Heatsinks"],"picked":"SKIP","floor":10},{"not_picked":["Streamline","Compile Driver","Redo"],"picked":"SKIP","floor":11},{"not_picked":["Seek","Coolheaded"],"picked":"Barrage","floor":13},{"not_picked":["Core Surge","Biased Cognition"],"picked":"Electrodynamics","floor":16},{"not_picked":["Stack","Redo"],"picked":"Go for the Eyes","floor":18},{"not_picked":["Reinforced Body","Skim"],"picked":"Capacitor","floor":19},{"not_picked":["Beam Cell","Sweeping Beam+1"],"picked":"Consume+1","floor":21},{"not_picked":["Compile Driver","Ball Lightning"],"picked":"Conserve Battery","floor":22},{"not_picked":["Self Repair","Reprogram"],"picked":"Leap","floor":24},{"not_picked":["Melter+1","Multi-Cast"],"picked":"Leap+1","floor":25},{"not_picked":["Hello World","Compile Driver+1","Conserve Battery"],"picked":"SKIP","floor":28},{"not_picked":["Consume","Rebound+1","Sweeping Beam"],"picked":"SKIP","floor":31},{"not_picked":["Seek","Meteor Strike"],"picked":"Machine Learning","floor":33},{"not_picked":["Gash","Auto Shields+1","Self Repair"],"picked":"SKIP","floor":35},{"not_picked":["Capacitor+1","Streamline","Go for the Eyes+1"],"picked":"SKIP","floor":36},{"not_picked":["Coolheaded","Heatsinks","Blizzard"],"picked":"SKIP","floor":39},{"not_picked":["Skim","Stack","Rip and Tear+1"],"picked":"SKIP","floor":41},{"not_picked":["Coolheaded+1","Self Repair","Cold Snap+1"],"picked":"SKIP","floor":45},{"not_picked":["Deep Breath","HandOfGreed+1"],"picked":"Flash of Steel+1","floor":48},{"not_picked":["Apotheosis","Chrysalis"],"picked":"Impatience","floor":48}],"player_experience":709476,"relics_obtained":[{"floor":6,"key":"DataDisk"},{"floor":9,"key":"Smiling Mask"},{"floor":10,"key":"Vajra"},{"floor":19,"key":"Mango"},{"floor":19,"key":"Meat on the Bone"},{"floor":25,"key":"Blue Candle"},{"floor":26,"key":"Mummified Hand"},{"floor":28,"key":"Pocketwatch"},{"floor":41,"key":"Bag of Preparation"},{"floor":43,"key":"Molten Egg 2"},{"floor":44,"key":"Shuriken"}],"event_choices":[{"cards_removed":["Strike_B"],"damage_healed":0,"gold_gain":0,"player_choice":"Forget","damage_taken":0,"max_hp_gain":0,"max_hp_loss":0,"event_name":"Living Wall","floor":2,"gold_loss":0},{"damage_healed":0,"gold_gain":0,"player_choice":"Donut","damage_taken":0,"max_hp_gain":5,"max_hp_loss":0,"event_name":"Big Fish","floor":4,"gold_loss":0},{"damage_healed":0,"gold_gain":75,"player_choice":"Gather Gold","damage_taken":11,"max_hp_gain":0,"max_hp_loss":0,"event_name":"World of Goop","floor":5,"gold_loss":0},{"damage_healed":0,"gold_gain":0,"player_choice":"Fight","damage_taken":0,"max_hp_gain":0,"max_hp_loss":0,"event_name":"Colosseum","floor":19,"gold_loss":0},{"damage_healed":0,"gold_gain":0,"player_choice":"Fought Nobs","damage_taken":0,"max_hp_gain":0,"max_hp_loss":0,"event_name":"Colosseum","floor":19,"gold_loss":0},{"damage_healed":0,"gold_gain":0,"player_choice":"Got Potions","damage_taken":0,"max_hp_gain":0,"max_hp_loss":0,"event_name":"Lab","floor":20,"gold_loss":0},{"damage_healed":0,"gold_gain":0,"player_choice":"Ignored","damage_taken":0,"max_hp_gain":0,"max_hp_loss":0,"event_name":"Ghosts","floor":29,"gold_loss":0},{"damage_healed":0,"gold_gain":100,"player_choice":"Pray","damage_taken":0,"max_hp_gain":0,"max_hp_loss":0,"event_name":"Golden Shrine","floor":37,"gold_loss":0},{"damage_healed":0,"gold_gain":0,"player_choice":"Relic","damage_taken":0,"max_hp_gain":0,"max_hp_loss":0,"event_name":"Wheel of Change","floor":44,"gold_loss":0},{"damage_healed":0,"gold_gain":0,"player_choice":"Paid","damage_taken":0,"relics_obtained":["Red Mask"],"max_hp_gain":0,"max_hp_loss":0,"event_name":"Tomb of Lord Red Mask","floor":47,"gold_loss":22},{"damage_healed":0,"gold_gain":0,"player_choice":"Memory 2","damage_taken":5,"max_hp_gain":0,"max_hp_loss":0,"event_name":"SensoryStone","floor":48,"gold_loss":0}],"is_beta":false,"boss_relics":[{"not_picked":["FrozenCore","Philosopher\u0027s Stone"],"picked":"Sozu"},{"not_picked":["White Beast Statue","Black Star"],"picked":"Inserter"}],"items_purged_floors":[14,27,38,46],"is_endless":false,"potions_floor_spawned":[1,10,13,18,19,28,31,36,45],"ascension_level":11}