{"gold_per_floor":[10,10,34,34,52,52,62,62,62,62,62,62,62,79,79,174,174,194,194,119,130,143,143,143,143,143,143,157,173,173,88,88,88],"floor_reached":33,"playtime":932,"items_purged":["Strike_R"],"score":291,"play_id":"2027ccfe-f59f-4a78-b47a-35b7e905b76e","local_time":"20180814132418","is_ascension_mode":true,"campfire_choices":[{"data":"Whirlwind","floor":6,"key":"SMITH"},{"data":"Cleave","floor":8,"key":"SMITH"},{"data":"Bash","floor":10,"key":"SMITH"},{"data":"Defend_R","floor":12,"key":"SMITH"},{"data":"Strike_R","floor":15,"key":"SMITH"},{"data":"Reaper","floor":23,"key":"SMITH"},{"floor":27,"key":"REST"},{"data":"Spot Weakness","floor":32,"key":"SMITH"}],"neow_cost":"NO_GOLD","seed_source_timestamp":22514198535241,"circlet_count":0,"master_deck":["Strike_R","Strike_R+1","Strike_R+1","Defend_R+1","Defend_R","Defend_R","Defend_R+1","Bash+1","Whirlwind+1","Cleave+1","Reaper+1","Battle Trance+1","Iron Wave+1","Flame Barrier+1","Spot Weakness+1","Ghostly Armor"],"relics":["Black Blood","StoneCalendar","Blood Vial","Paper Frog","Vajra","Matryoshka","Enchiridion","Lantern"],"potions_floor_usage":[14,33],"damage_taken":[{"damage":6,"enemies":"Cultist","floor":1,"turns":4},{"damage":2,"enemies":"2 Louse","floor":5,"turns":2},{"damage":9,"enemies":"Jaw Worm","floor":7,"turns":3},{"damage":0,"enemies":"2 Fungi Beasts","floor":14,"turns":2},{"damage":70,"enemies":"Hexaghost","floor":16,"turns":10},{"damage":37,"enemies":"Chosen","floor":18,"turns":5},{"damage":29,"enemies":"Spheric Guardian","floor":21,"turns":5},{"damage":49,"enemies":"Snake Plant","floor":22,"turns":5},{"damage":27,"enemies":"Centurion and Healer","floor":28,"turns":8},{"damage":45,"enemies":"Cultist and Chosen","floor":29,"turns":5},{"damage":36,"enemies":"Collector","floor":33,"turns":2}],"seed_played":"-1147846716465338263","potions_obtained":[{"floor":5,"key":"Explosive Potion"},{"floor":18,"key":"Swift Potion"},{"floor":21,"key":"Ancient Potion"}],"is_trial":false,"path_per_floor":["M","?","T","?","M","R","M","R","T","R","$","R","?","M","R","B",null,"M","?","$","M","M","R","?","T","T","R","M","M","?","?","R"],"character_chosen":"IRONCLAD","items_purchased":[],"campfire_rested":1,"item_purchase_floors":[],"current_hp_per_floor":[80,85,85,85,85,85,82,82,82,82,82,82,65,73,73,11,67,49,77,77,60,27,27,27,27,27,52,49,28,12,12,12,0],"gold":88,"neow_bonus":"ONE_RARE_RELIC","is_prod":false,"is_daily":false,"chose_seed":false,"campfire_upgraded":7,"win_rate":0,"timestamp":1534224258,"path_taken":["M","?","?","?","M","R","M","R","T","R","?","R","?","M","R","BOSS","M","?","$","M","M","R","?","?","T","R","M","?","?","?","R","BOSS"],"build_version":"2018-08-09","purchased_purges":1,"victory":false,"max_hp_per_floor":[80,85,85,85,85,85,85,85,85,85,85,85,85,85,85,85,85,85,85,85,85,85,85,85,85,85,85,85,85,85,85,85,85],"card_choices":[{"not_picked":["Thunderclap","Searing Blow"],"picked":"Whirlwind","floor":1},{"not_picked":["Thunderclap","Iron Wave"],"picked":"Cleave","floor":5},{"not_picked":["Clothesline","Armaments","Pommel Strike"],"picked":"SKIP","floor":7},{"not_picked":["Second Wind","True Grit","Disarm"],"picked":"SKIP","floor":14},{"not_picked":["Limit Break","Dark Embrace"],"picked":"Reaper","floor":16},{"not_picked":["Evolve","Pommel Strike"],"picked":"Battle Trance+1","floor":18},{"not_picked":["Pummel","Warcry"],"picked":"Iron Wave+1","floor":21},{"not_picked":["Sword Boomerang+1","Hemokinesis+1"],"picked":"Flame Barrier+1","floor":22},{"not_picked":["Hemokinesis","Sword Boomerang"],"picked":"Spot Weakness","floor":28},{"not_picked":["Pummel","Havoc"],"picked":"Ghostly Armor","floor":29}],"player_experience":416707,"relics_obtained":[{"floor":3,"key":"Blood Vial"},{"floor":9,"key":"Paper Frog"},{"floor":25,"key":"Vajra"},{"floor":26,"key":"Matryoshka"},{"floor":30,"key":"Enchiridion"}],"event_choices":[{"event_name":"Big Fish","player_choice":"Donut","floor":2,"damage_taken":0},{"event_name":"Purifier","player_choice":"One Purge","floor":4,"damage_taken":0},{"event_name":"Shining Light","player_choice":"Entered Light","floor":13,"damage_taken":0},{"event_name":"The Library","player_choice":"Heal","floor":19,"damage_taken":0},{"event_name":"Drug Dealer","player_choice":"Ignored","floor":24,"damage_taken":0},{"event_name":"Cursed Tome","player_choice":"Obtained Book","floor":30,"damage_taken":0},{"event_name":"Addict","player_choice":"Obtained Relic","floor":31,"damage_taken":0}],"is_beta":false,"boss_relics":[{"not_picked":["Mark of Pain","Black Star"],"picked":"Black Blood"}],"items_purged_floors":[20],"is_endless":false,"potions_floor_spawned":[5,18,21],"killed_by":"Collector","ascension_level":5}