{"path_per_floor":["M","?","$","M","M","R","M","?","T","R","?","?","M","E","R","B",null,"M","$","?","$","M","R","M"],"character_chosen":"DEFECT","items_purchased":["Blaster","Streamline","Bag of Marbles"],"gold_per_floor":[115,115,115,125,138,138,152,252,275,275,275,275,293,322,322,419,419,436,358,358,159,175,175,193,193],"floor_reached":25,"campfire_rested":1,"playtime":1597,"current_hp_per_floor":[66,51,51,44,43,47,39,39,39,45,45,45,45,32,60,31,64,62,62,62,62,42,50,22,0],"items_purged":[],"gold":193,"score":312,"play_id":"48407a66-6f2f-43cf-9a03-7a1a1a89c822","local_time":"20180501013118","is_prod":false,"is_daily":false,"chose_seed":false,"is_ascension_mode":true,"campfire_upgraded":3,"timestamp":1525156278,"path_taken":["M","?","$","M","M","R","?","?","T","R","?","?","M","E","R","BOSS","M","$","?","$","?","R","M","M"],"build_version":"2018-04-30","seed_source_timestamp":307869654728583,"purchased_purges":0,"victory":false,"master_deck":["Strike_B","Strike_B+1","Strike_B","Defend_B","Defend_B","Defend_B","Defend_B","Zap+1","Dualcast+1","AscendersBane","Reprieve+1","Reinforced Body+1","Leap","Ball Lightning+1","Aggregate","Sweeping Beam","Creative AI","Leap+1","Blaster","Streamline","Buffer+1","Heatsinks"],"max_hp_per_floor":[75,75,75,75,75,75,75,75,75,75,75,75,75,75,75,75,75,75,75,75,75,75,75,75,75],"relics":["Eternal Feather","Bag of Preparation","Bronze Scales","Snecko Eye","Regal Pillow","Bag of Marbles"],"card_choices":[{"not_picked":["Barrage","Auto Shields"],"picked":"Reprieve","floor":1},{"not_picked":["Melter","Coolheaded"],"picked":"Reinforced Body","floor":4},{"not_picked":["Aggregate","Stack"],"picked":"Leap","floor":5},{"not_picked":["Stack","Coolheaded"],"picked":"Ball Lightning","floor":7},{"not_picked":["Beam Cell","Consume"],"picked":"Sweeping Beam","floor":13},{"not_picked":["Consume","Conserve Battery"],"picked":"Creative AI","floor":14},{"not_picked":["Sunder","Aggregate"],"picked":"Leap","floor":18},{"not_picked":["Ball Lightning","Hologram"],"picked":"Buffer","floor":22},{"not_picked":["Leap","Go for the Eyes"],"picked":"Heatsinks","floor":24}],"player_experience":133493,"potions_floor_usage":[14,16],"damage_taken":[{"damage":2,"enemies":"2 Louse","floor":1,"turns":3},{"damage":7,"enemies":"Jaw Worm","floor":4,"turns":3},{"damage":1,"enemies":"Cultist","floor":5,"turns":5},{"damage":8,"enemies":"Blue Slaver","floor":7,"turns":4},{"damage":0,"enemies":"Red Slaver","floor":13,"turns":4},{"damage":13,"enemies":"3 Sentries","floor":14,"turns":7},{"damage":29,"enemies":"Slime Boss","floor":16,"turns":8},{"damage":2,"enemies":"3 Byrds","floor":18,"turns":3},{"damage":20,"enemies":"Shell Parasite","floor":22,"turns":6},{"damage":28,"enemies":"Centurion and Healer","floor":24,"turns":9},{"damage":36,"enemies":"Cultist and Chosen","floor":25,"turns":4}],"event_choices":[{"event_name":"Shining Light","player_choice":"Entered Light","floor":2,"damage_taken":0},{"event_name":"Golden Shrine","player_choice":"Pray","floor":8,"damage_taken":0},{"event_name":"Accursed Blacksmith","player_choice":"Forge","floor":11,"damage_taken":0},{"event_name":"Transmorgrifier","player_choice":"Transform","floor":12,"damage_taken":0},{"event_name":"The Mausoleum","player_choice":"Yes","floor":20,"damage_taken":0}],"boss_relics":[{"not_picked":["Pandora\u0027s Box","Astrolabe"],"picked":"Snecko Eye"}],"potions_floor_spawned":[4,5,14,22],"seed_played":"-7356969667676269074","killed_by":"Cultist and Chosen","ascension_level":11,"is_trial":false}