{"gold_per_floor":[113,127,147,32,0,0,30,30,115,131,131,131,142,155,155,259,259,272,286,286,286,286],"floor_reached":22,"playtime":1925,"items_purged":["Strike_B"],"score":205,"play_id":"75887089-fb2b-4361-b84f-af997d622507","local_time":"20190122204053","is_ascension_mode":true,"campfire_choices":[{"data":"Zap","floor":6,"key":"SMITH"},{"data":"Dualcast","floor":8,"key":"SMITH"},{"floor":11,"key":"REST"},{"floor":15,"key":"REST"}],"neow_cost":"CURSE","seed_source_timestamp":89677205251500,"circlet_count":0,"master_deck":["Strike_B","Strike_B","Strike_B","Defend_B","Defend_B","Defend_B","Defend_B","Zap+1","Dualcast+1","Writhe","Buffer","BootSequence","Turbo","Beam Cell","Scrape","Auto Shields","Beam Cell","Turbo","Hyperbeam","Go for the Eyes+1","Beam Cell","RitualDagger"],"relics":["Cracked Core","Bronze Scales","Tiny Chest","Sozu","GremlinMask"],"potions_floor_usage":[13,16,18],"damage_taken":[{"damage":12,"enemies":"Small Slimes","floor":1,"turns":4},{"damage":6,"enemies":"2 Louse","floor":2,"turns":2},{"damage":0,"enemies":"Jaw Worm","floor":3,"turns":4},{"damage":43,"enemies":"3 Sentries","floor":7,"turns":8},{"damage":0,"enemies":"Looter","floor":10,"turns":3},{"damage":0,"enemies":"Lots of Slimes","floor":13,"turns":2},{"damage":1,"enemies":"3 Louse","floor":14,"turns":3},{"damage":46,"enemies":"Hexaghost","floor":16,"turns":12},{"damage":34,"enemies":"Spheric Guardian","floor":18,"turns":5},{"damage":8,"enemies":"3 Byrds","floor":19,"turns":3},{"damage":37,"enemies":"Snecko","floor":22,"turns":5}],"seed_played":"5355899908438552691","potions_obtained":[{"floor":7,"key":"AttackPotion"},{"floor":13,"key":"LiquidBronze"},{"floor":14,"key":"AttackPotion"}],"is_trial":false,"path_per_floor":["M","M","M","$","?","R","E","R","T","M","R","?","M","M","R","B",null,"M","M","?","?","M"],"character_chosen":"DEFECT","items_purchased":["Scrape"],"campfire_rested":2,"item_purchase_floors":[4],"current_hp_per_floor":[63,57,57,57,57,57,14,14,14,14,36,36,36,35,57,11,75,41,33,27,27,0],"gold":286,"neow_bonus":"THREE_RARE_CARDS","is_prod":false,"is_daily":false,"chose_seed":false,"campfire_upgraded":2,"win_rate":0,"timestamp":1548186053,"path_taken":["M","M","M","$","?","R","E","R","T","M","R","?","M","M","R","BOSS","M","M","?","?","M"],"build_version":"2019-01-17v2","purchased_purges":1,"victory":false,"max_hp_per_floor":[75,75,75,75,75,75,75,75,75,75,75,75,75,75,75,75,75,75,75,75,75,75],"card_choices":[{"not_picked":["Reboot","Core Surge"],"picked":"Buffer","floor":0},{"not_picked":["Compile Driver","Barrage"],"picked":"BootSequence","floor":1},{"not_picked":["Go for the Eyes","Storm"],"picked":"Turbo","floor":2},{"not_picked":["Electrodynamics","Double Energy"],"picked":"Beam Cell","floor":3},{"not_picked":["Steam","Hologram"],"picked":"Auto Shields","floor":7},{"not_picked":["Static Discharge","Rebound"],"picked":"Beam Cell","floor":10},{"not_picked":["Consume","Coolheaded","Blizzard"],"picked":"SKIP","floor":13},{"not_picked":["Steam Power","Redo"],"picked":"Turbo","floor":14},{"not_picked":["Amplify","Core Surge"],"picked":"Hyperbeam","floor":16},{"not_picked":["Sweeping Beam","Steam"],"picked":"Go for the Eyes+1","floor":18},{"not_picked":["Compile Driver","Darkness"],"picked":"Beam Cell","floor":19}],"player_experience":67732,"relics_obtained":[{"floor":7,"key":"Bronze Scales"},{"floor":9,"key":"Tiny Chest"}],"event_choices":[{"damage_healed":0,"gold_gain":0,"player_choice":"Left Gold","damage_taken":0,"max_hp_gain":0,"max_hp_loss":0,"event_name":"World of Goop","floor":5,"gold_loss":32},{"damage_healed":0,"gold_gain":0,"player_choice":"Ignored","damage_taken":0,"max_hp_gain":0,"max_hp_loss":0,"event_name":"Liars Game","floor":12,"gold_loss":0},{"damage_healed":0,"gold_gain":0,"player_choice":"Joined the Cult","damage_taken":6,"max_hp_gain":0,"max_hp_loss":0,"event_name":"Nest","floor":20,"gold_loss":0,"cards_obtained":["RitualDagger"]},{"damage_healed":0,"gold_gain":0,"player_choice":"Trade","damage_taken":0,"relics_obtained":["GremlinMask"],"max_hp_gain":0,"max_hp_loss":0,"event_name":"FaceTrader","floor":21,"gold_loss":0}],"is_beta":false,"boss_relics":[{"not_picked":["Inserter","Lizard Tail"],"picked":"Sozu"}],"items_purged_floors":[4],"is_endless":false,"potions_floor_spawned":[7,13,14],"killed_by":"Snecko","ascension_level":2}