{"gold_per_floor":[114,128,128,3,20,52,52,87,87,87,87,87,116,18,18,117,117,131,31,51,65,85,85,100,100,100,0,0,28,40,72,84,96],"floor_reached":33,"playtime":3430,"items_purged":["Defend_B","Strike_B"],"score":308,"play_id":"b91dad2a-ab0e-477e-8e79-83af3feb6bb1","local_time":"20190121221639","is_ascension_mode":false,"campfire_choices":[{"data":"Lockon","floor":7,"key":"SMITH"},{"floor":10,"key":"REST"},{"floor":12,"key":"REST"},{"data":"Hologram","floor":15,"key":"SMITH"},{"data":"Rainbow","floor":23,"key":"SMITH"},{"floor":25,"key":"REST"},{"data":"Ghostly","floor":30,"key":"SMITH"},{"floor":32,"key":"REST"}],"neow_cost":"NONE","seed_source_timestamp":7515441348100,"circlet_count":0,"master_deck":["Strike_B","Strike_B","Strike_B","Defend_B","Defend_B","Defend_B","Zap+1","Dualcast","Cold Snap","Lockon+1","Steam Power","Redo","Meteor Strike","Compile Driver","Go for the Eyes","Chill","Hologram+1","Rainbow+1","Blizzard+1","FTL","Tempest","Coolheaded+1","Defragment","Recycle","Ghostly","Ghostly","Ghostly","Ghostly+1","Ghostly","Reboot","Capacitor+1","Conserve Battery"],"relics":["Cracked Core","NeowsBlessing","Strawberry","Dodecahedron","Nunchaku","Bottled Lightning","Dream Catcher","Bag of Preparation","Sozu","Ice Cream","MawBank"],"potions_floor_usage":[13,22],"damage_taken":[{"damage":0,"enemies":"Cultist","floor":1,"turns":1},{"damage":0,"enemies":"2 Louse","floor":2,"turns":1},{"damage":0,"enemies":"Jaw Worm","floor":5,"turns":1},{"damage":22,"enemies":"Lagavulin","floor":6,"turns":6},{"damage":30,"enemies":"3 Sentries","floor":8,"turns":7},{"damage":15,"enemies":"Gremlin Nob","floor":13,"turns":4},{"damage":32,"enemies":"The Guardian","floor":16,"turns":10},{"damage":5,"enemies":"2 Thieves","floor":18,"turns":3},{"damage":0,"enemies":"Spheric Guardian","floor":20,"turns":3},{"damage":20,"enemies":"Snake Plant","floor":21,"turns":3},{"damage":0,"enemies":"Cultist and Chosen","floor":22,"turns":4},{"damage":9,"enemies":"Shelled Parasite and Fungi","floor":24,"turns":4},{"damage":14,"enemies":"Book of Stabbing","floor":29,"turns":4},{"damage":0,"enemies":"Snake Plant","floor":31,"turns":5},{"damage":42,"enemies":"Collector","floor":33,"turns":8}],"seed_played":"1457068473442620169","potions_obtained":[{"floor":6,"key":"EssenceOfSteel"},{"floor":16,"key":"PowerPotion"}],"is_trial":false,"path_per_floor":["M","M","?","?","M","E","R","E","T","R","?","R","E","$","R","B",null,"M","$","M","M","M","R","M","R","T","?","?","E","R","M","R","B"],"character_chosen":"DEFECT","items_purchased":["Hologram"],"campfire_rested":4,"item_purchase_floors":[14],"current_hp_per_floor":[75,75,70,70,70,48,48,18,18,42,42,66,51,51,51,19,82,77,77,77,57,57,57,48,72,72,72,41,27,27,27,39,0],"gold":96,"neow_bonus":"THREE_ENEMY_KILL","is_prod":false,"is_daily":false,"chose_seed":false,"campfire_upgraded":4,"win_rate":0.0,"timestamp":1548105399,"path_taken":["M","?","?","?","?","E","R","E","T","R","?","R","E","$","R","BOSS","M","?","M","M","M","R","M","R","T","?","?","E","R","?","R","BOSS"],"build_version":"2019-01-17v2","purchased_purges":2,"victory":false,"max_hp_per_floor":[75,75,82,82,82,82,82,82,82,82,82,82,82,82,82,82,82,82,82,82,82,82,82,82,82,82,82,41,41,41,41,41,41],"card_choices":[{"not_picked":["Conserve Battery","Rebound"],"picked":"Cold Snap","floor":1},{"not_picked":["Scrape","Conserve Battery"],"picked":"Lockon","floor":2},{"not_picked":["Cold Snap","Barrage"],"picked":"Steam Power","floor":5},{"not_picked":["Leap","Rebound"],"picked":"Redo","floor":6},{"not_picked":["Stack","Steam"],"picked":"Meteor Strike","floor":8},{"not_picked":["Consume","Conserve Battery"],"picked":"Compile Driver","floor":10},{"not_picked":["Darkness","Hologram"],"picked":"Go for the Eyes","floor":12},{"not_picked":["Go for the Eyes","Heatsinks"],"picked":"Chill","floor":13},{"not_picked":["All For One","Reboot"],"picked":"Rainbow","floor":16},{"not_picked":["Stack","Streamline"],"picked":"Blizzard+1","floor":18},{"not_picked":["Static Discharge","Leap+1"],"picked":"FTL","floor":20},{"not_picked":["Hologram+1","Heatsinks"],"picked":"Tempest","floor":21},{"not_picked":["Conserve Battery","Steam"],"picked":"Coolheaded+1","floor":22},{"not_picked":["Compile Driver","Turbo"],"picked":"Defragment","floor":24},{"not_picked":["Beam Cell","Double Energy+1"],"picked":"Recycle","floor":25},{"not_picked":["Sweeping Beam","Defragment"],"picked":"Reboot","floor":29},{"not_picked":["Fusion+1","Consume"],"picked":"Capacitor+1","floor":31},{"not_picked":["Cold Snap","Rebound"],"picked":"Conserve Battery","floor":32}],"player_experience":24447,"relics_obtained":[{"floor":6,"key":"Nunchaku"},{"floor":8,"key":"Bottled Lightning"},{"floor":9,"key":"Dream Catcher"},{"floor":13,"key":"Bag of Preparation"},{"floor":26,"key":"Ice Cream"},{"floor":29,"key":"MawBank"}],"event_choices":[{"damage_healed":0,"gold_gain":0,"player_choice":"Success","damage_taken":12,"relics_obtained":["Strawberry"],"max_hp_gain":0,"max_hp_loss":0,"event_name":"Scrap Ooze","floor":3,"gold_loss":0},{"damage_healed":0,"gold_gain":0,"player_choice":"Paid Gold","damage_taken":0,"relics_obtained":["Dodecahedron"],"max_hp_gain":0,"max_hp_loss":0,"event_name":"WeMeetAgain","floor":4,"gold_loss":125},{"damage_healed":0,"gold_gain":0,"player_choice":"Upgraded","damage_taken":0,"max_hp_gain":0,"max_hp_loss":0,"event_name":"Upgrade Shrine","floor":11,"gold_loss":0,"cards_upgraded":["Zap"]},{"damage_healed":0,"gold_gain":0,"player_choice":"Paid Fearfully","damage_taken":0,"max_hp_gain":0,"max_hp_loss":0,"event_name":"Masked Bandits","floor":27,"gold_loss":100},{"damage_healed":0,"gold_gain":0,"player_choice":"Became a Ghost","damage_taken":0,"max_hp_gain":0,"max_hp_loss":41,"event_name":"Ghosts","floor":28,"gold_loss":0,"cards_obtained":["Ghostly","Ghostly","Ghostly","Ghostly","Ghostly"]}],"is_beta":false,"boss_relics":[{"not_picked":["Fusion Hammer","Orrery"],"picked":"Sozu"}],"items_purged_floors":[14,19],"is_endless":false,"potions_floor_spawned":[6,16,18,20,24],"killed_by":"Collector","ascension_level":0}