{"path_per_floor":["M","M","$","M","?","R","M","E","T","R","M","R","M","?","R","B",null,"M","M","?","?","?","R","M","M","T","R","M","T","R"],"character_chosen":"DEFECT","items_purchased":[],"gold_per_floor":[219,236,161,179,144,144,161,196,196,196,213,213,232,232,232,333,333,353,369,349,349,349,349,369,389,389,389,404,453,453,453],"floor_reached":31,"campfire_rested":5,"playtime":1159,"current_hp_per_floor":[68,62,62,54,54,54,43,12,12,34,34,56,56,61,61,22,80,73,45,45,30,14,39,27,12,12,37,1,8,35,0],"items_purged":["Strike_B"],"gold":453,"score":273,"play_id":"8f26cb0b-a011-439d-a94e-70ab67851bbe","local_time":"20180427115931","is_prod":false,"is_daily":false,"chose_seed":false,"is_ascension_mode":true,"campfire_upgraded":2,"timestamp":1524848371,"path_taken":["M","M","$","M","?","R","M","E","T","R","M","R","M","?","R","BOSS","M","M","?","?","?","R","M","?","T","R","M","?","R","M"],"build_version":"2018-04-26v2","seed_source_timestamp":382404707151,"purchased_purges":1,"victory":false,"master_deck":["Strike_B","Strike_B+1","Strike_B","Defend_B","Defend_B","Defend_B","Defend_B","Zap","Dualcast+1","Heatsinks","Ball Lightning+1","Reinforced Body","Allocate+1","Redo","Ball Lightning","Biased Cognition","Defragment","Leap","Reinforced Body"],"max_hp_per_floor":[75,75,75,75,75,75,75,75,75,75,75,75,75,80,80,80,80,80,80,80,85,85,85,85,85,85,85,85,92,92,92],"relics":["Cracked Core","Whetstone","Oddly Smooth Stone","Inserter","Enchiridion","Molten Egg 2","Strawberry"],"card_choices":[{"not_picked":["Skim","Hello World"],"picked":"Heatsinks","floor":2},{"not_picked":["Blizzard","Axe Kick"],"picked":"Ball Lightning","floor":7},{"not_picked":["Gash","Blaster"],"picked":"Reinforced Body","floor":8},{"not_picked":["Streamline","Coolheaded"],"picked":"Allocate","floor":11},{"not_picked":["Hyperbeam","Thunder Strike"],"picked":"Redo","floor":16},{"not_picked":["Barrage","Go for the Eyes"],"picked":"Ball Lightning","floor":18},{"not_picked":["Skim","Allocate"],"picked":"Biased Cognition","floor":19},{"not_picked":["Blaster","Beam Cell"],"picked":"Defragment","floor":24},{"not_picked":["Impulse","Beam Cell"],"picked":"Leap","floor":25},{"not_picked":["Stack","Capacitor"],"picked":"Reinforced Body","floor":28}],"player_experience":51108,"potions_floor_usage":[2,16,24,25],"damage_taken":[{"damage":7,"enemies":"Small Slimes","floor":1,"turns":5},{"damage":15,"enemies":"2 Louse","floor":2,"turns":4},{"damage":8,"enemies":"Jaw Worm","floor":4,"turns":5},{"damage":11,"enemies":"Blue Slaver","floor":7,"turns":4},{"damage":31,"enemies":"Gremlin Nob","floor":8,"turns":4},{"damage":0,"enemies":"Looter","floor":11,"turns":3},{"damage":0,"enemies":"Red Slaver","floor":13,"turns":3},{"damage":39,"enemies":"The Guardian","floor":16,"turns":11},{"damage":7,"enemies":"Chosen","floor":18,"turns":4},{"damage":28,"enemies":"2 Thieves","floor":19,"turns":4},{"damage":12,"enemies":"Centurion and Healer","floor":24,"turns":5},{"damage":15,"enemies":"Chosen and Byrds","floor":25,"turns":4},{"damage":36,"enemies":"Snecko","floor":28,"turns":5},{"damage":45,"enemies":"Cultist and Chosen","floor":31,"turns":4}],"event_choices":[{"event_name":"World of Goop","player_choice":"Left","floor":5,"damage_taken":0},{"event_name":"Big Fish","player_choice":"Donut","floor":14,"damage_taken":0},{"event_name":"The Woman in Blue","player_choice":"Bought 1 Potion","floor":20,"damage_taken":0},{"event_name":"Forgotten Altar","player_choice":"Shed Blood","floor":21,"damage_taken":0},{"event_name":"Cursed Tome","player_choice":"Obtained Book","floor":22,"damage_taken":0}],"boss_relics":[{"not_picked":["Ectoplasm","Calling Bell"],"picked":"Inserter"}],"potions_floor_spawned":[1,11,16,19,24],"seed_played":"1764570648663721348","killed_by":"Cultist and Chosen","ascension_level":3,"is_trial":false}