{"gold_per_floor":[114,114,114,134,134,134,178,191,269,289,13,13,44,44,44,137,137,152,152,167,0,33,33,33,33,56,56,90,90,5,24,24,24],"floor_reached":33,"playtime":935,"items_purged":[],"score":559,"play_id":"86755324-e085-4401-97b8-0e7af5b3a9d6","local_time":"20190607161755","is_ascension_mode":true,"campfire_choices":[{"data":"Bouncing Flask","floor":6.0,"key":"SMITH"},{"floor":12.0,"key":"REST"},{"data":"Skewer","floor":15.0,"key":"SMITH"},{"data":"RitualDagger","floor":23,"key":"SMITH"},{"floor":25,"key":"REST"},{"data":"Leg Sweep","floor":27,"key":"SMITH"},{"floor":29,"key":"REST"},{"floor":32,"key":"REST"}],"neow_cost":"NONE","seed_source_timestamp":496263555860826,"circlet_count":0,"master_deck":["AscendersBane","Defend_G","Defend_G","Defend_G","Defend_G","Defend_G","Strike_G","Strike_G","Strike_G","Strike_G","Survivor","Neutralize","Poisoned Stab","Bouncing Flask+1","Backflip","Leg Sweep+1","Skewer+1","Glass Knife","RitualDagger+1","Blur","Escape Plan+1"],"special_seed":0,"relics":["Ring of the Snake","NeowsBlessing","Strawberry","Golden Idol","Boot","Ninja Scroll","Meat on the Bone","Paper Crane","Black Star","Orichalcum","Red Mask","Vajra","Ginger","Letter Opener","Sundial"],"potions_floor_usage":[18,28,28],"damage_taken":[{"damage":0.0,"enemies":"Small Slimes","floor":1.0,"turns":1.0},{"damage":0.0,"enemies":"Jaw Worm","floor":4.0,"turns":1.0},{"damage":0.0,"enemies":"3 Sentries","floor":7.0,"turns":1.0},{"damage":1.0,"enemies":"2 Louse","floor":8.0,"turns":3.0},{"damage":3.0,"enemies":"Looter","floor":10.0,"turns":2.0},{"damage":6.0,"enemies":"Gremlin Nob","floor":13.0,"turns":3.0},{"damage":42.0,"enemies":"Slime Boss","floor":16.0,"turns":10.0},{"damage":0,"enemies":"3 Byrds","floor":18,"turns":3},{"damage":22,"enemies":"Shell Parasite","floor":20,"turns":4},{"damage":37,"enemies":"Masked Bandits","floor":22,"turns":5},{"damage":41,"enemies":"Book of Stabbing","floor":28,"turns":8},{"damage":15,"enemies":"Snake Plant","floor":31,"turns":4},{"damage":68,"enemies":"Champ","floor":33,"turns":10}],"seed_played":"-7866701846501397659","potions_obtained":[{"floor":4.0,"key":"GamblersBrew"},{"floor":7.0,"key":"SpeedPotion"},{"floor":13.0,"key":"Fruit Juice"},{"floor":16.0,"key":"LiquidBronze"},{"floor":20,"key":"EssenceOfSteel"},{"floor":31,"key":"LiquidBronze"}],"is_trial":false,"path_per_floor":["M","?","?","M","?","R","E","M","T","M","$","R","E","?","R","B",null,"M","?","M","$","?","R","$","R","T","R","E","R","?","M","R","B"],"character_chosen":"THE_SILENT","items_purchased":["Meat on the Bone","Orichalcum"],"campfire_rested":4,"item_purchase_floors":[11,21],"current_hp_per_floor":[59,55,60,60,33,33,33,32,32,29,29,52,51,44,44,14,66,66,60,50,50,25,25,25,49,49,49,20,44,44,41,65,0],"gold":24,"neow_bonus":"THREE_ENEMY_KILL","is_prod":false,"is_daily":false,"chose_seed":false,"campfire_upgraded":4,"win_rate":0,"timestamp":1559895475,"path_taken":["M","?","?","M","?","R","E","M","T","M","$","R","E","?","R","BOSS","M","?","M","$","?","R","$","R","T","R","E","R","?","?","R","BOSS"],"build_version":"2019-01-23","purchased_purges":0,"victory":false,"max_hp_per_floor":[66,73,78,78,78,78,78,78,78,78,78,78,83,83,83,83,83,83,83,83,83,83,83,83,83,83,83,83,83,83,83,83,83],"card_choices":[{"not_picked":["Sucker Punch","Flying Knee"],"picked":"Poisoned Stab","floor":1.0},{"not_picked":["Dodge and Roll","Night Terror"],"picked":"Bouncing Flask","floor":4.0},{"not_picked":["Sucker Punch","Acrobatics","Dagger Throw"],"picked":"SKIP","floor":7.0},{"not_picked":["Blade Dance","Dagger Spray"],"picked":"Backflip","floor":8.0},{"not_picked":["Poisoned Stab","Prepared"],"picked":"Leg Sweep","floor":10.0},{"not_picked":["Slice","Finisher"],"picked":"Skewer","floor":13.0},{"not_picked":["Doppelganger","Venomology"],"picked":"Glass Knife","floor":16.0},{"not_picked":["Blade Dance","Acrobatics","Slice"],"picked":"SKIP","floor":18},{"not_picked":["Backflip","Infinite Blades"],"picked":"Blur","floor":20},{"not_picked":["Deflect","Malaise"],"picked":"Escape Plan+1","floor":28},{"not_picked":["Deflect","Riddle With Holes","Bane"],"picked":"SKIP","floor":31}],"player_experience":651848,"relics_obtained":[{"floor":7.0,"key":"Boot"},{"floor":9.0,"key":"Ninja Scroll"},{"floor":13.0,"key":"Paper Crane"},{"floor":22,"key":"Red Mask"},{"floor":26,"key":"Vajra"},{"floor":28,"key":"Ginger"},{"floor":28,"key":"Letter Opener"}],"event_choices":[{"damage_healed":0.0,"max_hp_gain":0.0,"max_hp_loss":0.0,"gold_gain":0.0,"event_name":"Scrap Ooze","player_choice":"Success","floor":2.0,"gold_loss":0.0,"damage_taken":11.0,"relics_obtained":["Strawberry"]},{"damage_healed":0.0,"max_hp_gain":5.0,"max_hp_loss":0.0,"gold_gain":0.0,"event_name":"Big Fish","player_choice":"Donut","floor":3.0,"gold_loss":0.0,"damage_taken":0.0},{"damage_healed":0.0,"max_hp_gain":0.0,"max_hp_loss":0.0,"gold_gain":0.0,"event_name":"Golden Idol","player_choice":"Take Damage","floor":5.0,"gold_loss":0.0,"damage_taken":27.0,"relics_obtained":["Golden Idol"]},{"cards_removed":["Strike_G"],"damage_healed":0.0,"max_hp_gain":0.0,"max_hp_loss":0.0,"gold_gain":0.0,"event_name":"Golden Wing","player_choice":"Card Removal","floor":14.0,"gold_loss":0.0,"damage_taken":7.0},{"damage_healed":0,"gold_gain":0,"player_choice":"Joined the Cult","damage_taken":6,"max_hp_gain":0,"max_hp_loss":0,"event_name":"Nest","floor":19,"gold_loss":0,"cards_obtained":["RitualDagger"]},{"damage_healed":0,"gold_gain":0,"player_choice":"Fought Bandits","damage_taken":0,"max_hp_gain":0,"max_hp_loss":0,"event_name":"Masked Bandits","floor":22,"gold_loss":0},{"damage_healed":0,"gold_gain":0,"player_choice":"Obtained Relic","damage_taken":0,"relics_obtained":["Sundial"],"max_hp_gain":0,"max_hp_loss":0,"event_name":"Addict","floor":30,"gold_loss":85}],"is_beta":false,"boss_relics":[{"not_picked":["Velvet Choker","Pandora\u0027s Box"],"picked":"Black Star"}],"items_purged_floors":[],"is_endless":false,"potions_floor_spawned":[4,7,13,16,20,31],"killed_by":"Champ","ascension_level":18}