{"gold_per_floor":[119,119,119,136,136,136,171,190,215,215,215,244,262,275,275,275],"floor_reached":16,"playtime":483,"items_purged":[],"score":209,"play_id":"80c7a68c-d2da-4c89-9ab7-936628667b82","local_time":"20190606183249","is_ascension_mode":true,"campfire_choices":[{"data":"Dualcast","floor":6,"key":"SMITH"},{"floor":11,"key":"REST"},{"floor":15,"key":"REST"}],"neow_cost":"NONE","seed_source_timestamp":418461669982386,"circlet_count":0,"master_deck":["AscendersBane","Strike_B","Strike_B","Defend_B","Defend_B","Defend_B","Zap","Dualcast+1","Coolheaded","Sweeping Beam","Genetic Algorithm","White Noise","Go for the Eyes"],"relics":["Cracked Core","Orichalcum","Vajra","Pen Nib","Du-Vu Doll"],"potions_floor_usage":[],"damage_taken":[{"damage":1,"enemies":"Cultist","floor":1,"turns":3},{"damage":5,"enemies":"Jaw Worm","floor":4,"turns":5},{"damage":25,"enemies":"3 Sentries","floor":7,"turns":8},{"damage":0,"enemies":"Small Slimes","floor":8,"turns":2},{"damage":18,"enemies":"Lagavulin","floor":12,"turns":6},{"damage":6,"enemies":"Looter","floor":13,"turns":2},{"damage":17,"enemies":"Gremlin Gang","floor":14,"turns":3},{"damage":40,"enemies":"Hexaghost","floor":16,"turns":11}],"seed_played":"1288757560138146570","potions_obtained":[{"floor":0,"key":"FairyPotion"},{"floor":0,"key":"FairyPotion"}],"is_trial":false,"path_per_floor":["M","?","?","M","?","R","E","M","T","?","R","E","M","M","R","B"],"character_chosen":"DEFECT","items_purchased":[],"campfire_rested":2,"item_purchase_floors":[],"current_hp_per_floor":[63,45,45,40,40,40,15,15,15,15,36,18,12,7,28,0],"gold":275,"neow_bonus":"THREE_SMALL_POTIONS","is_prod":false,"is_daily":false,"chose_seed":false,"campfire_upgraded":1,"win_rate":0,"timestamp":1559817169,"path_taken":["M","?","?","?","?","R","E","?","T","?","R","E","M","M","R","BOSS"],"build_version":"2019-01-23","purchased_purges":0,"victory":false,"max_hp_per_floor":[71,71,71,71,71,71,71,71,71,71,71,71,71,71,71,71],"card_choices":[{"not_picked":["Force Field","Rebound"],"picked":"Coolheaded","floor":1},{"not_picked":["Redo","Double Energy","Steam Power"],"picked":"SKIP","floor":4},{"not_picked":["Coolheaded","Steam Power"],"picked":"Sweeping Beam","floor":7},{"not_picked":["Melter","Beam Cell"],"picked":"Genetic Algorithm","floor":8},{"not_picked":["Coolheaded","Hologram"],"picked":"White Noise","floor":12},{"not_picked":["Conserve Battery","Darkness"],"picked":"Go for the Eyes","floor":13},{"not_picked":["Hologram","Steam","Multi-Cast"],"picked":"SKIP","floor":14}],"player_experience":638849,"relics_obtained":[{"floor":7,"key":"Vajra"},{"floor":9,"key":"Pen Nib"},{"floor":12,"key":"Du-Vu Doll"}],"event_choices":[{"damage_healed":0,"gold_gain":0,"player_choice":"Success","damage_taken":18,"relics_obtained":["Orichalcum"],"max_hp_gain":0,"max_hp_loss":0,"event_name":"Scrap Ooze","floor":2,"gold_loss":0},{"cards_removed":["Strike_B"],"damage_healed":0,"gold_gain":0,"player_choice":"Purged","damage_taken":0,"max_hp_gain":0,"max_hp_loss":0,"event_name":"Purifier","floor":3,"gold_loss":0},{"cards_removed":["Defend_B"],"damage_healed":0,"gold_gain":0,"player_choice":"Offered Basic","damage_taken":0,"max_hp_gain":0,"max_hp_loss":0,"event_name":"Bonfire Elementals","floor":5,"gold_loss":0},{"cards_removed":["Strike_B"],"damage_healed":0,"gold_gain":0,"player_choice":"Forget","damage_taken":0,"max_hp_gain":0,"max_hp_loss":0,"event_name":"Living Wall","floor":10,"gold_loss":0}],"is_beta":false,"boss_relics":[],"items_purged_floors":[],"is_endless":false,"potions_floor_spawned":[4,7],"killed_by":"Hexaghost","ascension_level":18}