{"path_per_floor":["M","M","?","?","$","R","M","R","T","M","R","E","R","M","R","B",null,"M","M","$","M","M","R","E","R","T","$","R","M","M","M","R","B",null,"M","M","$","?","M","R","M","?","T","R","M","R","?","?","R","B"],"character_chosen":"DEFECT","items_purchased":["White Noise","Glacier","Barrage"],"gold_per_floor":[119,133,83,83,8,8,27,27,27,44,44,71,71,86,86,190,190,202,217,44,56,76,76,108,108,108,40,40,60,80,99,99,198,198,210,225,47,47,65,65,78,78,78,78,98,98,0,0,0,0],"floor_reached":51,"campfire_rested":2,"playtime":2711,"current_hp_per_floor":[63,63,63,63,63,63,56,56,56,56,56,39,39,39,39,32,64,62,62,62,62,59,59,48,48,48,48,70,70,75,72,72,44,67,67,67,67,67,61,61,61,61,61,61,60,60,60,51,73,56],"items_purged":["Defend_B","Strike_B","Strike_B"],"gold":0,"score":892,"play_id":"480808b9-9783-479b-8ef9-a95f7dff48cb","local_time":"20180430135537","is_prod":false,"is_daily":false,"chose_seed":false,"is_ascension_mode":true,"campfire_upgraded":11,"timestamp":1525114537,"path_taken":["M","M","?","?","$","R","M","R","T","?","R","E","R","M","R","BOSS","M","?","$","M","M","R","E","R","T","?","R","?","M","M","R","BOSS","M","M","$","?","M","R","M","?","T","R","?","R","?","?","R","BOSS"],"build_version":"2018-04-27v3","seed_source_timestamp":264998266730929,"purchased_purges":3,"victory":true,"master_deck":["Strike_B","Defend_B","Defend_B","Defend_B","Zap+1","Dualcast","Ball Lightning+1","Cold Snap+1","Cold Snap+1","Glacier+1","Leap","Creative AI+1","Turbo+1","Defragment+1","White Noise","Sweeping Beam+1","Leap","Force Field","Glacier+1","Glacier+1","Echo Form+1","Reinforced Body","Stack","Barrage","Force Field","Barrage+1","Recycle+1","Madness","Madness"],"max_hp_per_floor":[75,75,75,75,75,75,75,75,75,75,75,75,75,75,75,75,75,75,75,75,75,75,75,75,75,75,75,75,75,75,75,75,75,75,75,75,75,75,75,75,75,75,75,75,75,75,75,75,75,75],"relics":["Cracked Core","Thread and Needle","Mercury Hourglass","Cursed Key","Oddly Smooth Stone","Lizard Tail","Red Mask"],"card_choices":[{"not_picked":["Aggregate","Coolheaded"],"picked":"Ball Lightning","floor":1},{"not_picked":["Stack","Capacitor"],"picked":"Cold Snap","floor":7},{"not_picked":["Sunder","Coolheaded"],"picked":"Cold Snap","floor":10},{"not_picked":["Rebound","Sweeping Beam"],"picked":"Glacier","floor":12},{"not_picked":["Flux Capacitor","Double Energy"],"picked":"Leap","floor":14},{"not_picked":["Thunder Strike","All For One"],"picked":"Creative AI","floor":16},{"not_picked":["Heatsinks","Storm"],"picked":"Turbo","floor":18},{"not_picked":["White Noise","Cold Snap"],"picked":"Defragment","floor":19},{"not_picked":["Turbo","Leap"],"picked":"Sweeping Beam","floor":21},{"not_picked":["Melter","Capacitor"],"picked":"Leap","floor":22},{"not_picked":["Heatsinks","Flux Capacitor"],"picked":"Force Field","floor":24},{"not_picked":["Rebound","Axe Kick"],"picked":"Glacier","floor":30},{"not_picked":["Auto Shields","Ball Lightning"],"picked":"Barrage","floor":31},{"not_picked":["Seek","Meteor Strike"],"picked":"Echo Form","floor":33},{"not_picked":["Turbo","Coolheaded"],"picked":"Reinforced Body","floor":35},{"not_picked":["Hello World","Beam Cell"],"picked":"Stack","floor":36},{"not_picked":["Hologram","Coolheaded"],"picked":"Force Field","floor":39},{"not_picked":["Stack","Axe Kick"],"picked":"Barrage","floor":41},{"not_picked":["Cold Snap","Capacitor"],"picked":"Recycle","floor":45}],"player_experience":117257,"potions_floor_usage":[16,22,24,24,30,50,50,50],"damage_taken":[{"damage":5,"enemies":"Small Slimes","floor":1,"turns":4},{"damage":0,"enemies":"2 Louse","floor":2,"turns":4},{"damage":7,"enemies":"Jaw Worm","floor":7,"turns":2},{"damage":0,"enemies":"Large Slime","floor":10,"turns":3},{"damage":17,"enemies":"Lagavulin","floor":12,"turns":5},{"damage":0,"enemies":"3 Louse","floor":14,"turns":1},{"damage":22,"enemies":"Hexaghost","floor":16,"turns":10},{"damage":2,"enemies":"Spheric Guardian","floor":18,"turns":3},{"damage":0,"enemies":"Chosen","floor":19,"turns":5},{"damage":0,"enemies":"Centurion and Healer","floor":21,"turns":8},{"damage":3,"enemies":"Snake Plant","floor":22,"turns":4},{"damage":11,"enemies":"Slavers","floor":24,"turns":4},{"damage":0,"enemies":"Sentry and Sphere","floor":29,"turns":4},{"damage":2,"enemies":"Centurion and Healer","floor":30,"turns":9},{"damage":10,"enemies":"Snake Plant","floor":31,"turns":5},{"damage":28,"enemies":"Automaton","floor":33,"turns":8},{"damage":0,"enemies":"Orb Walker","floor":35,"turns":4},{"damage":0,"enemies":"Flame Bruiser 1 Orb","floor":36,"turns":8},{"damage":6,"enemies":"3 Darklings","floor":39,"turns":6},{"damage":0,"enemies":"Sphere and 2 Shapes","floor":41,"turns":6},{"damage":1,"enemies":"4 Shapes","floor":45,"turns":5},{"damage":17,"enemies":"Time Eater","floor":50,"turns":17}],"event_choices":[{"event_name":"The Cleric","player_choice":"Card Removal","floor":3,"damage_taken":0},{"event_name":"Liars Game","player_choice":"disagreed","floor":4,"damage_taken":0},{"event_name":"SensoryStone","player_choice":"Memory 1","floor":38,"damage_taken":0},{"event_name":"Tomb of Lord Red Mask","player_choice":"Paid","floor":47,"damage_taken":0},{"event_name":"Winding Halls","player_choice":"Embrace Madness","floor":48,"damage_taken":0}],"boss_relics":[{"not_picked":["Orrery","Tiny House"],"picked":"Cursed Key"},{"not_picked":["Calling Bell","Black Star"],"picked":"Lizard Tail"}],"potions_floor_spawned":[1,7,10,14,19,24,29,30,36,41],"seed_played":"6980095403673926338","ascension_level":8,"is_trial":false}