{"gold_per_floor":[114,26,37,37,50,85,85,260,260,38,38,52,52,64,64,162,162,181,211,76,76,91,91,101,101,124,135,135,135,135,151,151,252,252,270,248,293,304,13,13,13,13,39,39,39,50,63,63,63,63],"floor_reached":51,"playtime":2415,"items_purged":["Doubt","Strike_B"],"score":643,"play_id":"bc8e4f53-5f36-433b-bcde-132beae9b6d8","local_time":"20180803102339","is_ascension_mode":false,"campfire_choices":[{"data":"Defragment","floor":7,"key":"SMITH"},{"data":"Barrage","floor":11,"key":"SMITH"},{"data":"Cold Snap","floor":13,"key":"SMITH"},{"data":"White Noise","floor":15,"key":"SMITH"},{"data":"Defragment","floor":23,"key":"SMITH"},{"data":"Leap","floor":25,"key":"SMITH"},{"data":"Reinforced Body","floor":30,"key":"SMITH"},{"data":"Cold Snap","floor":32,"key":"SMITH"},{"data":"Leap","floor":40,"key":"SMITH"},{"floor":42,"key":"REST"},{"data":"Capacitor","floor":45,"key":"SMITH"},{"data":"Biased Cognition","floor":49,"key":"SMITH"}],"neow_cost":"NONE","seed_source_timestamp":52747782977665,"circlet_count":0,"master_deck":["Strike_B","Defend_B","Defend_B","Defend_B","Defend_B","Zap+1","Dualcast","Ball Lightning","Defragment+1","Leap+1","White Noise+1","Barrage+1","Tempest","Seek","Cold Snap+1","Ball Lightning","Defragment+1","Capacitor+1","Cold Snap+1","Reinforced Body+1","Biased Cognition+1","Leap+1","BootSequence+1"],"relics":["Cracked Core","Lantern","Matryoshka","Nuclear Battery","Red Mask","Juzu Bracelet","Blood Vial","White Beast Statue","Ginger","Gambling Chip","Boot","Omamori"],"potions_floor_usage":[16,19,27,33,33,33,37,47,47],"damage_taken":[{"damage":3,"enemies":"Jaw Worm","floor":1,"turns":3},{"damage":0,"enemies":"Cultist","floor":3,"turns":3},{"damage":2,"enemies":"Small Slimes","floor":5,"turns":3},{"damage":17,"enemies":"Gremlin Nob","floor":6,"turns":4},{"damage":2,"enemies":"Blue Slaver","floor":12,"turns":2},{"damage":3,"enemies":"3 Louse","floor":14,"turns":2},{"damage":14,"enemies":"Hexaghost","floor":16,"turns":7},{"damage":7,"enemies":"Shell Parasite","floor":18,"turns":2},{"damage":8,"floor":19,"turns":4},{"damage":0,"enemies":"Chosen","floor":22,"turns":3},{"damage":14,"enemies":"Centurion and Healer","floor":24,"turns":4},{"damage":15,"enemies":"Snecko","floor":27,"turns":4},{"damage":1,"enemies":"Cultist and Chosen","floor":31,"turns":4},{"damage":23,"enemies":"Champ","floor":33,"turns":12},{"damage":18,"enemies":"Flame Bruiser 1 Orb","floor":35,"turns":5},{"damage":8,"floor":37,"turns":5},{"damage":7,"enemies":"Orb Walker","floor":38,"turns":2},{"damage":14,"enemies":"Sphere and 2 Shapes","floor":46,"turns":5},{"damage":32,"enemies":"Transient","floor":47,"turns":5},{"damage":50,"enemies":"Time Eater","floor":50,"turns":10}],"seed_played":"-9174773908724180970","potions_obtained":[{"floor":1,"key":"SkillPotion"},{"floor":6,"key":"EssenceOfSteel"},{"floor":12,"key":"Weak Potion"},{"floor":16,"key":"PowerPotion"},{"floor":24,"key":"Regen Potion"},{"floor":27,"key":"Dexterity Potion"},{"floor":35,"key":"Weak Potion"},{"floor":37,"key":"Energy Potion"},{"floor":38,"key":"SneckoOil"},{"floor":46,"key":"Poison Potion"},{"floor":47,"key":"Energy Potion"}],"is_trial":false,"path_per_floor":["M","$","M","?","M","E","R","?","T","$","R","M","R","M","R","B",null,"M","?","$","?","M","R","M","R","T","M","?","$","R","M","R","B",null,"M","$","?","M","$","R","?","R","T","?","R","M","M","?","R","B"],"character_chosen":"DEFECT","items_purchased":["Defragment","Leap","Tempest","Seek","Defragment","Leap","Gambling Chip"],"campfire_rested":1,"item_purchase_floors":[2,2,10,10,20,36,39],"current_hp_per_floor":[72,72,72,72,70,53,53,53,53,53,53,51,51,48,48,34,75,68,60,60,53,60,60,46,46,46,45,45,45,45,46,46,25,75,57,57,51,46,46,46,46,68,68,68,68,56,26,66,66,16],"gold":63,"neow_bonus":"UPGRADE_CARD","is_prod":false,"is_daily":false,"chose_seed":false,"campfire_upgraded":11,"win_rate":0.0,"timestamp":1533309819,"path_taken":["M","$","M","?","M","E","R","?","T","$","R","M","R","M","R","BOSS","M","?","?","?","M","R","M","R","T","M","?","$","R","M","R","BOSS","M","$","?","M","$","R","?","R","T","?","R","M","M","?","R","BOSS"],"build_version":"2018-08-02","purchased_purges":2,"victory":true,"max_hp_per_floor":[75,75,75,75,75,75,75,75,75,75,75,75,75,75,75,75,75,75,75,75,75,75,75,75,75,75,75,75,75,75,75,75,75,75,75,75,75,75,75,75,75,75,75,75,75,75,75,66,66,66],"card_choices":[{"not_picked":["Undo","Redo"],"picked":"Ball Lightning","floor":1},{"not_picked":["Stack","Turbo","Go for the Eyes"],"picked":"SKIP","floor":3},{"not_picked":["Redo","Hologram"],"picked":"White Noise","floor":5},{"not_picked":["Sunder","Sweeping Beam"],"picked":"Barrage","floor":6},{"not_picked":["Reboot","Consume"],"picked":"Cold Snap","floor":12},{"not_picked":["Compile Driver","Sunder"],"picked":"Ball Lightning","floor":14},{"not_picked":["Scrape","Stack","Double Energy"],"picked":"SKIP","floor":18},{"not_picked":["Genetic Algorithm+1","Tempest"],"picked":"Capacitor","floor":22},{"not_picked":["Barrage","Beam Cell+1"],"picked":"Cold Snap","floor":24},{"not_picked":["Double Energy","Blizzard","Go for the Eyes"],"picked":"SKIP","floor":27},{"not_picked":["Sunder","Ball Lightning","Go for the Eyes+1"],"picked":"SKIP","floor":31},{"not_picked":["Meteor Strike","All For One"],"picked":"Biased Cognition","floor":33},{"not_picked":["Beam Cell","Turbo","Fusion"],"picked":"SKIP","floor":35},{"not_picked":["Compile Driver","FTL+1"],"picked":"BootSequence+1","floor":38},{"not_picked":["Reprogram+1","Redo","Blizzard"],"picked":"SKIP","floor":46},{"not_picked":["Loop+1","Redo+1","Cold Snap"],"picked":"SKIP","floor":47}],"player_experience":604848,"relics_obtained":[{"floor":6,"key":"Lantern"},{"floor":9,"key":"Matryoshka"},{"floor":19,"key":"Red Mask"},{"floor":26,"key":"Juzu Bracelet"},{"floor":26,"key":"Blood Vial"},{"floor":37,"key":"Ginger"},{"floor":43,"key":"Boot"},{"floor":43,"key":"Omamori"}],"event_choices":[{"event_name":"Purifier","player_choice":"One Purge","floor":4,"damage_taken":0},{"event_name":"Liars Game","player_choice":"agreed","floor":8,"damage_taken":0},{"event_name":"Masked Bandits","player_choice":"Fought over 181 gold","floor":19,"damage_taken":0},{"event_name":"Knowing Skull","player_choice":"","floor":21,"damage_taken":0},{"event_name":"The Library","player_choice":"Read","floor":28,"damage_taken":0},{"event_name":"Mysterious Sphere","player_choice":"Fight","floor":37,"damage_taken":0},{"event_name":"SensoryStone","player_choice":"Memory 1","floor":41,"damage_taken":0},{"event_name":"Falling","player_choice":"Removed Attack","floor":44,"damage_taken":0},{"event_name":"The Moai Head","player_choice":"Heal","floor":48,"damage_taken":0}],"is_beta":false,"boss_relics":[{"not_picked":["Empty Cage","Eternal Feather"],"picked":"Nuclear Battery"},{"not_picked":["Pandora\u0027s Box","Orrery"],"picked":"White Beast Statue"}],"items_purged_floors":[10,20],"is_endless":false,"potions_floor_spawned":[1,6,12,16,24,27,31,35,37,38,46,47],"ascension_level":0}