{"gold_per_floor":[109,34,44,44,44,70,88,88,88,88,106,106,123,123,123,123],"floor_reached":16,"playtime":592,"items_purged":["Strike_G"],"score":145,"play_id":"a9746824-2f1c-43f0-aae5-4b573e8a96f9","local_time":"20190610183557","is_ascension_mode":true,"campfire_choices":[{"floor":8,"key":"REST"},{"data":"Blur","floor":10,"key":"SMITH"},{"data":"Footwork","floor":12,"key":"SMITH"},{"data":"Neutralize","floor":15,"key":"SMITH"}],"neow_cost":"NONE","seed_source_timestamp":262517286119768,"circlet_count":0,"master_deck":["Defend_G","Defend_G","Defend_G","Defend_G","Defend_G","Strike_G","Strike_G+1","Strike_G","Survivor","Neutralize+1","Slice","All Out Attack+1","Blur+1","Footwork+1","Deflect","Blur"],"relics":["Ring of the Snake","Lantern","Question Card","Matryoshka"],"potions_floor_usage":[],"damage_taken":[{"damage":0,"enemies":"Cultist","floor":1,"turns":4},{"damage":1,"enemies":"Small Slimes","floor":3,"turns":4},{"damage":42,"enemies":"Lagavulin","floor":6,"turns":9},{"damage":0,"enemies":"2 Louse","floor":7,"turns":1},{"damage":6,"enemies":"Exordium Wildlife","floor":11,"turns":4},{"damage":0,"enemies":"Exordium Thugs","floor":13,"turns":6},{"damage":22,"enemies":"Slime Boss","floor":16,"turns":10}],"seed_played":"-2967676066074549486","potions_obtained":[{"floor":3,"key":"FearPotion"},{"floor":6,"key":"SteroidPotion"}],"is_trial":false,"path_per_floor":["M","$","M","?","?","E","M","R","T","R","M","R","M","?","R","B"],"character_chosen":"THE_SILENT","items_purchased":[],"campfire_rested":1,"item_purchase_floors":[],"current_hp_per_floor":[63,63,62,48,48,6,6,27,27,27,21,21,21,21,21,0],"gold":123,"neow_bonus":"RANDOM_COMMON_RELIC","is_prod":false,"is_daily":false,"chose_seed":false,"campfire_upgraded":3,"win_rate":0,"timestamp":1560162957,"path_taken":["M","$","M","?","?","E","M","R","T","R","M","R","M","?","R","BOSS"],"build_version":"2019-01-23","purchased_purges":1,"victory":false,"max_hp_per_floor":[70,70,70,70,70,70,70,70,70,70,70,70,70,70,70,70],"card_choices":[{"not_picked":["Quick Slash","Prepared"],"picked":"Slice","floor":1},{"not_picked":["Calculated Gamble","Heel Hook"],"picked":"All Out Attack","floor":3},{"not_picked":["Outmaneuver","Blade Dance"],"picked":"Blur","floor":6},{"not_picked":["Dodge and Roll","Sucker Punch","Deflect"],"picked":"Footwork","floor":7},{"not_picked":["Poisoned Stab","Prepared","PiercingWail"],"picked":"Deflect","floor":11},{"not_picked":["Storm of Steel","Caltrops","Dagger Throw"],"picked":"Blur","floor":13}],"player_experience":761406,"relics_obtained":[{"floor":6,"key":"Question Card"},{"floor":9,"key":"Matryoshka"}],"event_choices":[{"damage_healed":0,"gold_gain":0,"player_choice":"Entered Light","damage_taken":14,"max_hp_gain":0,"max_hp_loss":0,"event_name":"Shining Light","floor":4,"gold_loss":0,"cards_upgraded":["Strike_G","All Out Attack"]},{"cards_removed":["Strike_G"],"damage_healed":0,"gold_gain":0,"player_choice":"Forget","damage_taken":0,"max_hp_gain":0,"max_hp_loss":0,"event_name":"Living Wall","floor":5,"gold_loss":0},{"damage_healed":0,"gold_gain":0,"player_choice":"Ignored","damage_taken":0,"max_hp_gain":0,"max_hp_loss":0,"event_name":"Liars Game","floor":14,"gold_loss":0}],"is_beta":false,"boss_relics":[],"items_purged_floors":[2],"is_endless":false,"potions_floor_spawned":[3,6],"killed_by":"Slime Boss","ascension_level":9}