{"path_per_floor":["M","M","?","?","M","R","T","$","T","M","R","E","$","$","R","B",null,"M","$","?","?","$","R","E","R","T","R","?","M","?","?","R","B",null,"M","?","?"],"character_chosen":"THE_SILENT","items_purchased":["Bouncing Flask"],"gold_per_floor":[109,120,120,195,210,210,233,158,158,170,170,197,26,26,26,127,127,147,22,22,22,22,22,47,47,47,47,47,63,63,63,63,161,161,180,180,180],"floor_reached":38,"campfire_rested":3,"playtime":1523,"current_hp_per_floor":[60,58,51,40,40,40,40,40,40,31,51,60,60,60,60,45,72,66,66,66,50,50,50,12,36,36,60,60,60,81,81,81,41,71,71,71,61],"items_purged":["Strike_G","Strike_G","Defend_G"],"gold":180,"score":501,"play_id":"0ec0043e-7a57-46f3-b566-3d57a778f3ab","is_prod":false,"is_daily":false,"is_ascension_mode":true,"campfire_upgraded":3,"path_taken":["M","M","?","?","M","R","?","$","T","M","R","E","?","$","R","BOSS","M","$","?","?","?","R","E","R","T","R","?","M","?","?","R","BOSS","M","?","?","M"],"build_version":"2018-02-22-PROD2","purchased_purges":3,"victory":false,"master_deck":["Defend_G","Defend_G","Defend_G+1","Defend_G+1","Strike_G","Strike_G","Strike_G","Survivor+1","Neutralize+1","Dagger Spray+1","Bouncing Flask+1","Deadly Poison+1","Deflect","Corpse Explosion","Outmaneuver+1","Madness","Madness"],"max_hp_per_floor":[70,70,67,67,67,67,67,67,67,67,67,81,81,81,81,81,81,81,81,81,81,81,81,81,81,81,81,81,81,81,81,81,81,81,81,81,81],"relics":["Ring of the Snake","Juzu Bracelet","War Paint","Mango","Runic Pyramid","Enchiridion","Tough Bandages","Shovel","Art of War","Runic Dome"],"card_choices":[{"not_picked":["Backstab","Footwork"],"picked":"Dagger Spray"},{"not_picked":["Deflect","Prepared"],"picked":"Deadly Poison"},{"not_picked":["Dagger Spray","Well Laid Plans"],"picked":"Deflect"},{"not_picked":["Storm of Steel","Phantasmal Killer"],"picked":"Corpse Explosion"},{"not_picked":["Finisher","Prepared"],"picked":"Outmaneuver"}],"player_experience":217845,"potions_floor_usage":[12,24,33,33],"damage_taken":[{"damage":3,"enemies":"Small Slimes","floor":1,"turns":4},{"damage":2,"enemies":"Jaw Worm","floor":2,"turns":5},{"damage":0,"enemies":"Cultist","floor":5,"turns":4},{"damage":9,"enemies":"Blue Slaver","floor":10,"turns":3},{"damage":20,"enemies":"3 Sentries","floor":12,"turns":10},{"damage":15,"enemies":"The Guardian","floor":16,"turns":10},{"damage":6,"enemies":"3 Byrds","floor":18,"turns":5},{"damage":38,"enemies":"Book of Stabbing","floor":24,"turns":8},{"damage":0,"enemies":"Chosen","floor":29,"turns":4},{"damage":40,"enemies":"Champ","floor":33,"turns":14},{"damage":0,"enemies":"Orb Walker","floor":35,"turns":4},{"damage":64,"enemies":"3 Shapes","floor":38,"turns":7}],"event_choices":[{"event_name":"Golden Wing","player_choice":"Card Removal","floor":3,"damage_taken":0},{"event_name":"World of Goop","player_choice":"Gather Gold","floor":4,"damage_taken":0},{"event_name":"The Mausoleum","player_choice":"No","floor":20,"damage_taken":0},{"event_name":"Cursed Tome","player_choice":"Obtained Book","floor":21,"damage_taken":0},{"event_name":"Match and Keep!","player_choice":"0 cards matched","floor":28,"damage_taken":0},{"event_name":"The Library","player_choice":"Heal","floor":30,"damage_taken":0},{"event_name":"Addict","player_choice":"Ignored","floor":31,"damage_taken":0},{"event_name":"Tomb of Lord Red Mask","player_choice":"Ignored","floor":36,"damage_taken":0},{"event_name":"Winding Halls","player_choice":"Embrace Madness","floor":37,"damage_taken":0}],"boss_relics":[{"not_picked":["Orrery","Philosopher\u0027s Stone"],"picked":"Runic Pyramid"},{"not_picked":["White Beast Statue","Pandora\u0027s Box"],"picked":"Runic Dome"}],"potions_floor_spawned":[1,2,12,18,35],"seed_played":"-3635171241993829199","killed_by":"3 Shapes","ascension_level":10,"is_trial":false}