{"gold_per_floor":[116,136,61,71,44,44,44,44,69,80,80,98,112,128,128,226,226,237,237,137,147,22,22,32,32,55,55,71,98,111,140,140,140],"floor_reached":33,"playtime":1576,"items_purged":["Strike_R","Strike_R","Strike_R"],"score":321,"play_id":"35dc8779-b4a2-4e51-9ef3-386351b2038d","local_time":"20180803160248","is_ascension_mode":true,"campfire_choices":[{"data":"Infernal Blade","floor":6,"key":"SMITH"},{"data":"Entrench","floor":11,"key":"SMITH"},{"data":"Flame Barrier","floor":15,"key":"SMITH"},{"data":"Armaments","floor":23,"key":"SMITH"},{"data":"Bludgeon","floor":25,"key":"SMITH"},{"floor":32,"key":"REST"}],"neow_cost":"","seed_source_timestamp":88543406512207,"circlet_count":0,"master_deck":["Strike_R","Strike_R","Defend_R","Defend_R","Defend_R","Defend_R","Bash+1","Spot Weakness","Infernal Blade+1","Rampage","Entrench+1","Flame Barrier+1","Armaments+1","Bludgeon+1","Body Slam+1","Thunderclap+1"],"relics":["Burning Blood","Potion Belt","Busted Crown","Omamori","Blood Vial","Pen Nib"],"potions_floor_usage":[10,16,21,24,29,31,31,33],"damage_taken":[{"damage":5,"enemies":"Small Slimes","floor":1,"turns":5},{"damage":9,"enemies":"2 Louse","floor":2,"turns":3},{"damage":6,"enemies":"Cultist","floor":4,"turns":3},{"damage":0,"enemies":"Blue Slaver","floor":10,"turns":1},{"damage":30,"enemies":"Gremlin Gang","floor":12,"turns":4},{"damage":0,"enemies":"Large Slime","floor":13,"turns":3},{"damage":12,"enemies":"2 Fungi Beasts","floor":14,"turns":3},{"damage":51,"enemies":"Hexaghost","floor":16,"turns":13},{"damage":0,"enemies":"3 Byrds","floor":18,"turns":1},{"damage":29,"enemies":"2 Thieves","floor":21,"turns":4},{"damage":0,"enemies":"Centurion and Healer","floor":24,"turns":6},{"damage":12,"enemies":"3 Cultists","floor":28,"turns":4},{"damage":12,"enemies":"Slavers","floor":29,"turns":6},{"damage":27,"enemies":"Snake Plant","floor":30,"turns":4},{"damage":25,"enemies":"Gremlin Leader","floor":31,"turns":6},{"damage":76,"enemies":"Collector","floor":33,"turns":7}],"seed_played":"-8441842016110021236","potions_obtained":[{"floor":4,"key":"Poison Potion"},{"floor":13,"key":"Regen Potion"},{"floor":14,"key":"SkillPotion"},{"floor":16,"key":"Swift Potion"},{"floor":18,"key":"Poison Potion"},{"floor":28,"key":"Block Potion"},{"floor":30,"key":"PowerPotion"},{"floor":31,"key":"BloodPotion"}],"is_trial":false,"path_per_floor":["M","M","$","M","?","R","?","$","T","M","R","M","M","M","R","B",null,"M","?","$","M","$","R","M","R","T","?","M","E","M","E","R"],"character_chosen":"IRONCLAD","items_purchased":[],"campfire_rested":1,"item_purchase_floors":[],"current_hp_per_floor":[80,77,77,77,77,77,77,77,77,80,80,56,62,56,56,11,80,80,80,80,66,66,66,72,72,72,72,66,60,42,25,49,0],"gold":140,"neow_bonus":"","is_prod":false,"is_daily":false,"chose_seed":false,"campfire_upgraded":5,"win_rate":0,"timestamp":1533283368,"path_taken":["M","M","$","M","?","R","?","$","T","M","R","M","?","M","R","BOSS","M","?","?","M","$","R","M","R","T","?","?","E","?","E","R","BOSS"],"build_version":"2018-08-02","purchased_purges":3,"victory":false,"max_hp_per_floor":[80,80,80,80,80,80,80,80,80,80,80,80,80,80,80,80,80,80,80,80,80,80,80,80,80,80,80,80,80,80,80,80,80],"card_choices":[{"not_picked":["Perfected Strike","Cleave"],"picked":"Spot Weakness","floor":1},{"not_picked":["Thunderclap","Heavy Blade"],"picked":"Infernal Blade","floor":2},{"not_picked":["Havoc","Anger"],"picked":"Rampage","floor":4},{"not_picked":["Second Wind","Carnage"],"picked":"Entrench","floor":10},{"not_picked":["Battle Trance","Warcry"],"picked":"Flame Barrier","floor":12},{"not_picked":["Havoc","Perfected Strike"],"picked":"Armaments","floor":13},{"not_picked":["True Grit","Headbutt","Havoc"],"picked":"SKIP","floor":14},{"not_picked":["Berserk","Immolate"],"picked":"Bludgeon","floor":16},{"not_picked":[],"picked":"Body Slam+1","floor":18},{"not_picked":["Cleave"],"picked":"SKIP","floor":21},{"not_picked":["Clash"],"picked":"SKIP","floor":24},{"not_picked":["Pommel Strike"],"picked":"SKIP","floor":28},{"not_picked":["Clash"],"picked":"SKIP","floor":29},{"not_picked":["Flex"],"picked":"SKIP","floor":30},{"not_picked":[],"picked":"Thunderclap+1","floor":31}],"player_experience":307134,"relics_obtained":[{"floor":9,"key":"Potion Belt"},{"floor":26,"key":"Omamori"},{"floor":29,"key":"Blood Vial"},{"floor":31,"key":"Pen Nib"}],"event_choices":[{"event_name":"World of Goop","player_choice":"Left","floor":5,"damage_taken":0},{"event_name":"Upgrade Shrine","player_choice":"Upgraded","floor":7,"damage_taken":0},{"event_name":"Ghosts","player_choice":"Ignored","floor":19,"damage_taken":0},{"event_name":"Addict","player_choice":"Ignored","floor":27,"damage_taken":0}],"is_beta":false,"boss_relics":[{"not_picked":["Tiny House","Snecko Eye"],"picked":"Busted Crown"}],"items_purged_floors":[3,20,22],"is_endless":false,"potions_floor_spawned":[4,13,14,16,18,28,30,31],"killed_by":"Collector","ascension_level":3}