{"gold_per_floor":[113,38,38,38,38,38,50,69,118,130,153,180,192,204,216,228],"floor_reached":16,"playtime":685,"items_purged":["Strike_B"],"score":108,"play_id":"80a93abe-29c3-4a48-9fbf-2930e79a4e1c","local_time":"20180724064518","is_ascension_mode":true,"campfire_choices":[{"data":"Streamline","floor":6,"key":"SMITH"},{"data":"Buffer","floor":10,"key":"SMITH"},{"floor":15,"key":"REST"}],"neow_cost":"NONE","seed_source_timestamp":205577423251300,"circlet_count":0,"master_deck":["Strike_B","Strike_B","Strike_B","Defend_B","Defend_B","Defend_B","Defend_B","Zap","Dualcast","Buffer+1","Streamline+1","Double Energy","Gash","Chill","Decay"],"relics":["Cracked Core","Ice Cream","MawBank"],"potions_floor_usage":[16],"damage_taken":[{"damage":7,"enemies":"Small Slimes","floor":1,"turns":4},{"damage":0,"enemies":"Cultist","floor":7,"turns":2},{"damage":5,"enemies":"2 Louse","floor":8,"turns":3},{"damage":3,"enemies":"Blue Slaver","floor":11,"turns":3},{"damage":21,"enemies":"Lots of Slimes","floor":12,"turns":5},{"damage":37,"enemies":"The Guardian","floor":16,"turns":9}],"seed_played":"-8328190534608179498","potions_obtained":[{"floor":8,"key":"Strength Potion"},{"floor":12,"key":"Ancient Potion"}],"is_trial":false,"path_per_floor":["M","$","?","?","$","R","M","M","T","R","M","M","?","?","R"],"character_chosen":"DEFECT","items_purchased":[],"campfire_rested":1,"item_purchase_floors":[],"current_hp_per_floor":[68,68,68,35,35,35,35,30,30,30,27,6,6,6,28,0],"gold":228,"neow_bonus":"ONE_RANDOM_RARE_CARD","is_prod":false,"is_daily":false,"chose_seed":false,"campfire_upgraded":2,"win_rate":0,"timestamp":1532385918,"path_taken":["M","$","?","?","$","R","M","M","T","R","?","M","?","?","R","BOSS"],"build_version":"2018-07-19v2","purchased_purges":1,"victory":false,"max_hp_per_floor":[75,75,75,75,75,75,75,75,75,75,75,75,75,75,75,75],"card_choices":[{"not_picked":["Redo","Fusion"],"picked":"Streamline","floor":1},{"not_picked":["Coolheaded","Steam"],"picked":"Double Energy","floor":7},{"not_picked":["Barrage","Doom and Gloom"],"picked":"Gash","floor":8},{"not_picked":["Stack","Capacitor","Turbo"],"picked":"SKIP","floor":11},{"not_picked":["Reprogram","Blizzard"],"picked":"Chill","floor":12}],"player_experience":219750,"relics_obtained":[{"floor":9,"key":"MawBank"}],"event_choices":[{"event_name":"Match and Keep!","player_choice":"0 cards matched","floor":3,"damage_taken":0},{"event_name":"Scrap Ooze","player_choice":"success","floor":4,"damage_taken":33},{"event_name":"Wheel of Change","player_choice":"Curse","floor":13,"damage_taken":0},{"event_name":"Liars Game","player_choice":"disagreed","floor":14,"damage_taken":0}],"is_beta":false,"boss_relics":[],"items_purged_floors":[2],"is_endless":false,"potions_floor_spawned":[8,12],"killed_by":"The Guardian","ascension_level":4}