{"path_per_floor":["M","$","?","M","M","E","R","E","T","R","E","R","M","?","R","B",null,"M","M","?"],"character_chosen":"DEFECT","items_purchased":["Go for the Eyes"],"gold_per_floor":[118,17,92,111,125,160,160,189,213,213,243,243,257,257,257,353,353,364,383,383,383],"floor_reached":21,"campfire_rested":3,"playtime":1102,"current_hp_per_floor":[67,67,56,52,52,36,58,40,40,75,59,59,59,34,71,34,65,26,18,18,0],"items_purged":["Strike_B"],"gold":383,"score":305,"play_id":"4a16ff00-12bb-4c68-8a81-c414cf80c68d","local_time":"20180502235411","is_prod":false,"is_daily":false,"chose_seed":false,"is_ascension_mode":true,"campfire_upgraded":1,"timestamp":1525323251,"path_taken":["M","$","?","M","M","E","R","E","T","R","E","R","M","?","R","BOSS","M","M","?","M"],"build_version":"2018-05-01v2","seed_source_timestamp":475355529213769,"purchased_purges":1,"victory":false,"master_deck":["Strike_B+1","Strike_B+1","Strike_B","Defend_B","Defend_B","Defend_B","Defend_B","Zap","Dualcast","AscendersBane","Doom and Gloom","Go for the Eyes","Leap","White Noise","Seek","Machine Learning+1","FTL","Defragment","Reboot","Axe Kick","Recycle+1"],"max_hp_per_floor":[75,75,75,75,75,75,75,75,75,75,75,75,75,75,75,75,75,75,75,75,75],"relics":["Cracked Core","Happy Flower","Anchor","Regal Pillow","Whetstone","Ice Cream","Runic Pyramid"],"card_choices":[{"not_picked":["Rebound","Blizzard"],"picked":"Doom and Gloom","floor":1},{"not_picked":["Coolheaded","Skim"],"picked":"Leap","floor":4},{"not_picked":["Axe Kick","Rebound"],"picked":"White Noise","floor":5},{"not_picked":["Axe Kick","Skim"],"picked":"Seek","floor":6},{"not_picked":["Blaster","Recycle"],"picked":"Machine Learning","floor":8},{"not_picked":["Flux Capacitor","Hyperbeam"],"picked":"FTL","floor":11},{"not_picked":["Reprogram","Impulse"],"picked":"Defragment","floor":13},{"not_picked":["Thunder Strike","Nova"],"picked":"Reboot","floor":16},{"not_picked":["Go for the Eyes","Beam Cell"],"picked":"Axe Kick","floor":18},{"not_picked":["Beam Cell","Rebound"],"picked":"Recycle","floor":19}],"player_experience":149331,"potions_floor_usage":[6,8,11],"damage_taken":[{"damage":1,"enemies":"Cultist","floor":1,"turns":3},{"damage":4,"enemies":"Small Slimes","floor":4,"turns":3},{"damage":0,"enemies":"2 Louse","floor":5,"turns":3},{"damage":16,"enemies":"Lagavulin","floor":6,"turns":5},{"damage":18,"enemies":"3 Sentries","floor":8,"turns":5},{"damage":16,"enemies":"Lagavulin","floor":11,"turns":6},{"damage":0,"enemies":"Exordium Wildlife","floor":13,"turns":5},{"damage":37,"enemies":"Hexaghost","floor":16,"turns":9},{"damage":39,"enemies":"2 Thieves","floor":18,"turns":5},{"damage":8,"enemies":"Shell Parasite","floor":19,"turns":6},{"damage":39,"enemies":"Snecko","floor":21,"turns":5}],"event_choices":[{"event_name":"World of Goop","player_choice":"Gather Gold","floor":3,"damage_taken":0},{"event_name":"Scrap Ooze","player_choice":"success","floor":14,"damage_taken":25},{"event_name":"The Mausoleum","player_choice":"No","floor":20,"damage_taken":0}],"boss_relics":[{"not_picked":["Pandora\u0027s Box","Tiny House"],"picked":"Runic Pyramid"}],"potions_floor_spawned":[1,4,5,8,16],"seed_played":"3703079029234044449","killed_by":"Snecko","ascension_level":11,"is_trial":false}