{"gold_per_floor":[217,217,237,162,186,231,254,281,317,340,252,277,152,168,168,168],"floor_reached":16,"playtime":1200,"items_purged":["Strike_R","Strike_R","Strike_R"],"score":102,"play_id":"d5d3c23b-683e-4a37-b2a0-3f885a3dfa23","local_time":"20180721180612","is_ascension_mode":false,"campfire_choices":[{"floor":15,"key":"REST"}],"neow_cost":"NONE","seed_source_timestamp":81818088283080,"circlet_count":0,"master_deck":["Strike_R","Strike_R","Defend_R","Defend_R","Defend_R","Defend_R","Bash","Dropkick"],"relics":["Burning Blood","MawBank","Pen Nib","Bronze Scales","Odd Mushroom"],"potions_floor_usage":[12,16,16,16],"damage_taken":[{"damage":6,"enemies":"Jaw Worm","floor":1,"turns":6},{"damage":2,"enemies":"2 Louse","floor":3,"turns":4},{"damage":37,"enemies":"Lagavulin","floor":6,"turns":9},{"damage":1,"enemies":"Cultist","floor":7,"turns":3},{"damage":20,"enemies":"Exordium Thugs","floor":8,"turns":5},{"damage":11,"enemies":"Exordium Wildlife","floor":10,"turns":5},{"damage":26,"floor":12,"turns":5},{"damage":2,"enemies":"3 Louse","floor":14,"turns":4},{"damage":44,"enemies":"The Guardian","floor":16,"turns":9}],"seed_played":"-9053550991021178516","potions_obtained":[{"floor":1,"key":"Block Potion"},{"floor":3,"key":"Swift Potion"},{"floor":8,"key":"Ancient Potion"},{"floor":12,"key":"Ancient Potion"},{"floor":14,"key":"SkillPotion"}],"is_trial":false,"path_per_floor":["M","?","M","$","T","E","M","M","T","M","$","?","$","M","R"],"character_chosen":"IRONCLAD","items_purchased":[],"campfire_rested":1,"item_purchase_floors":[],"current_hp_per_floor":[80,80,80,80,80,49,54,40,40,35,35,15,15,19,43,0],"gold":168,"neow_bonus":"HUNDRED_GOLD","is_prod":false,"is_daily":false,"chose_seed":false,"campfire_upgraded":0,"win_rate":0,"timestamp":1532167572,"path_taken":["M","?","M","$","?","E","M","M","T","M","$","?","$","M","R","BOSS"],"build_version":"2018-07-19v2","purchased_purges":3,"victory":false,"max_hp_per_floor":[80,80,80,80,80,80,80,80,80,80,80,80,80,80,80,80],"card_choices":[{"not_picked":["Perfected Strike","Shrug It Off"],"picked":"Dropkick","floor":1},{"not_picked":["Second Wind","Metallicize","Sword Boomerang"],"picked":"SKIP","floor":3},{"not_picked":["Armaments","Clash","Fiend Fire"],"picked":"SKIP","floor":6},{"not_picked":["Body Slam","Thunderclap","Rupture"],"picked":"SKIP","floor":7},{"not_picked":["Headbutt","Havoc","Perfected Strike"],"picked":"SKIP","floor":8},{"not_picked":["Perfected Strike","Wild Strike","Bloodletting"],"picked":"SKIP","floor":10},{"not_picked":["Body Slam","Clothesline","Wild Strike"],"picked":"SKIP","floor":14}],"player_experience":203637,"relics_obtained":[{"floor":5,"key":"MawBank"},{"floor":6,"key":"Pen Nib"},{"floor":9,"key":"Bronze Scales"},{"floor":12,"key":"Odd Mushroom"}],"event_choices":[{"event_name":"Liars Game","player_choice":"disagreed","floor":2,"damage_taken":0},{"event_name":"Mushrooms","player_choice":"Fought Mushrooms","floor":12,"damage_taken":0}],"is_beta":false,"boss_relics":[],"items_purged_floors":[4,11,13],"is_endless":false,"potions_floor_spawned":[1,3,8,12,14],"killed_by":"The Guardian","ascension_level":0}