{"path_per_floor":["M","M","?","?","?","R","$","M","T","R","M","M","M","M","R","B",null,"M","?","?","M","M"],"character_chosen":"THE_SILENT","items_purchased":[],"gold_per_floor":[109,127,127,127,127,127,52,67,67,67,86,100,115,132,132,227,257,270,270,270,284,301],"floor_reached":23,"campfire_rested":1,"playtime":1617,"current_hp_per_floor":[60,60,60,60,47,47,47,46,46,46,42,42,39,33,67,22,61,61,48,48,42,22],"items_purged":["Strike_G"],"gold":301,"score":296,"play_id":"aa874d20-0bc4-434b-bed3-4db2997aab91","local_time":"20180317005208","is_prod":false,"is_daily":false,"is_ascension_mode":true,"campfire_upgraded":1,"timestamp":1521265928,"path_taken":["M","M","?","?","?","R","$","M","T","R","M","M","M","M","R","BOSS","M","?","?","M","?","E"],"build_version":"2018-03-15v2","purchased_purges":1,"victory":false,"master_deck":["Defend_G","Defend_G","Defend_G+1","Defend_G","Defend_G","Strike_G","Strike_G","Strike_G+1","Strike_G","Survivor","Neutralize","Glass Knife","Dodge and Roll+1","Well Laid Plans","Leg Sweep","Die Die Die+1","Bouncing Flask","Noxious Fumes"],"max_hp_per_floor":[70,70,70,67,67,67,67,67,67,67,67,67,67,67,67,67,72,72,77,77,77,77],"relics":["Ring of the Snake","Shovel","Regal Pillow","Tiny House"],"card_choices":[{"not_picked":["Concentrate","Escape Plan"],"picked":"Dodge and Roll"},{"not_picked":["Escape Plan","PiercingWail"],"picked":"Well Laid Plans"},{"not_picked":["Predator","Crippling Poison"],"picked":"Leg Sweep"},{"not_picked":["Tactician","Unload"],"picked":"Die Die Die"},{"not_picked":["Quick Slash","Poisoned Stab"],"picked":"Bouncing Flask"},{"not_picked":["Skewer","Riddle With Holes"],"picked":"Noxious Fumes"}],"player_experience":280413,"potions_floor_usage":[11,18,22,23,23],"damage_taken":[{"damage":3,"enemies":"Small Slimes","floor":1,"turns":4},{"damage":0,"enemies":"2 Louse","floor":2,"turns":2},{"damage":1,"enemies":"Jaw Worm","floor":8,"turns":3},{"damage":4,"enemies":"Red Slaver","floor":11,"turns":3},{"damage":0,"enemies":"Looter","floor":12,"turns":3},{"damage":3,"enemies":"2 Fungi Beasts","floor":13,"turns":4},{"damage":6,"enemies":"Blue Slaver","floor":14,"turns":5},{"damage":45,"enemies":"The Guardian","floor":16,"turns":28},{"damage":0,"enemies":"3 Byrds","floor":18,"turns":7},{"damage":6,"enemies":"Chosen","floor":21,"turns":5},{"damage":20,"enemies":"Centurion and Healer","floor":22,"turns":7},{"damage":28,"enemies":"Slavers","floor":23,"turns":4}],"event_choices":[{"event_name":"Liars Game","player_choice":"disagreed","floor":3,"damage_taken":0},{"event_name":"Living Wall","player_choice":"Forget","floor":4,"damage_taken":0},{"event_name":"Shining Light","player_choice":"Entered Light","floor":5,"damage_taken":0},{"event_name":"Forgotten Altar","player_choice":"Shed Blood","floor":19,"damage_taken":0},{"event_name":"The Mausoleum","player_choice":"No","floor":20,"damage_taken":0}],"boss_relics":[{"not_picked":["Calling Bell","Orrery"],"picked":"Tiny House"}],"potions_floor_spawned":[8,13,16,18],"seed_played":"-2805322999610331979","killed_by":"Slavers","ascension_level":12,"is_trial":false}