{"gold_per_floor":[116,116,127,13,23,23,23,55,108,108,118,136,167,167,167,262,262,275,275],"floor_reached":19,"playtime":1076,"items_purged":["Writhe"],"score":230,"play_id":"6db2ca27-cb90-468f-a8b8-ce0cab72e227","local_time":"20190601211728","is_ascension_mode":true,"campfire_choices":[{"data":"Genetic Algorithm","floor":6,"key":"SMITH"},{"floor":15,"key":"REST"}],"neow_cost":"CURSE","seed_source_timestamp":1225431769804961,"circlet_count":0,"master_deck":["Strike_B+1","Strike_B+1","Defend_B","Defend_B","Defend_B+1","Defend_B","Zap+1","Genetic Algorithm+1","FTL","Go for the Eyes","Fission","Sweeping Beam","Seek","Defragment+1","Capacitor+1","Static Discharge+1","Cold Snap"],"relics":["Cracked Core","Incense Burner","Whetstone","War Paint","Oddly Smooth Stone","GremlinMask","Astrolabe"],"potions_floor_usage":[19],"damage_taken":[{"damage":2,"enemies":"Jaw Worm","floor":1,"turns":3},{"damage":0,"enemies":"2 Louse","floor":3,"turns":2},{"damage":0,"enemies":"Cultist","floor":5,"turns":3},{"damage":10,"enemies":"Lagavulin","floor":8,"turns":6},{"damage":0,"enemies":"Blue Slaver","floor":11,"turns":3},{"damage":17,"enemies":"Gremlin Gang","floor":12,"turns":5},{"damage":12,"enemies":"3 Sentries","floor":13,"turns":7},{"damage":35,"enemies":"Slime Boss","floor":16,"turns":13},{"damage":12,"enemies":"Chosen","floor":18,"turns":5},{"damage":17,"enemies":"3 Byrds","floor":19,"turns":3}],"seed_played":"-2140225300449178833","potions_obtained":[{"floor":8,"key":"Strength Potion"},{"floor":12,"key":"Weak Potion"},{"floor":16,"key":"Dexterity Potion"}],"is_trial":false,"path_per_floor":["M","?","M","$","M","R","?","E","T","?","M","M","E","?","R","B",null,"M","M"],"character_chosen":"DEFECT","items_purchased":["FTL"],"campfire_rested":1,"item_purchase_floors":[4],"current_hp_per_floor":[66,66,66,66,66,66,59,49,49,49,49,32,20,20,42,7,58,46,29],"gold":275,"neow_bonus":"ONE_RARE_RELIC","is_prod":false,"is_daily":false,"chose_seed":false,"campfire_upgraded":1,"win_rate":0,"timestamp":1559438248,"path_taken":["M","?","M","$","M","R","?","E","T","?","?","M","E","?","R","BOSS","M","?"],"build_version":"2019-01-23","purchased_purges":1,"victory":false,"max_hp_per_floor":[75,75,75,75,75,75,75,75,75,75,75,75,75,75,75,75,75,75,75],"card_choices":[{"not_picked":["Beam Cell","Undo"],"picked":"Genetic Algorithm","floor":1},{"not_picked":["Compile Driver","Turbo"],"picked":"FTL","floor":3},{"not_picked":["Coolheaded","Capacitor"],"picked":"Go for the Eyes","floor":5},{"not_picked":["Stack","Coolheaded"],"picked":"Hologram","floor":8},{"not_picked":["Rebound","Redo"],"picked":"Fission","floor":11},{"not_picked":["Barrage","Compile Driver"],"picked":"Sweeping Beam","floor":12},{"not_picked":["Go for the Eyes","Hologram","Rainbow"],"picked":"SKIP","floor":13},{"not_picked":["Meteor Strike","Rainbow"],"picked":"Seek","floor":16},{"not_picked":["Hologram","Rebound"],"picked":"Cold Snap","floor":18}],"player_experience":676773,"relics_obtained":[{"floor":8,"key":"Whetstone"},{"floor":9,"key":"War Paint"},{"floor":13,"key":"Oddly Smooth Stone"}],"event_choices":[{"damage_healed":0,"gold_gain":0,"player_choice":"Ignored","damage_taken":0,"max_hp_gain":0,"max_hp_loss":0,"event_name":"Liars Game","floor":2,"gold_loss":0},{"cards_removed":["Strike_B"],"damage_healed":0,"gold_gain":0,"player_choice":"Card Removal","damage_taken":7,"max_hp_gain":0,"max_hp_loss":0,"event_name":"Golden Wing","floor":7,"gold_loss":0},{"cards_removed":["Strike_B"],"damage_healed":0,"gold_gain":0,"player_choice":"Offered Basic","damage_taken":0,"max_hp_gain":0,"max_hp_loss":0,"event_name":"Bonfire Elementals","floor":10,"gold_loss":0},{"damage_healed":0,"gold_gain":0,"player_choice":"Trade","damage_taken":0,"relics_obtained":["GremlinMask"],"max_hp_gain":0,"max_hp_loss":0,"event_name":"FaceTrader","floor":14,"gold_loss":0}],"is_beta":false,"boss_relics":[{"not_picked":["Fusion Hammer","Inserter"],"picked":"Astrolabe"}],"items_purged_floors":[4],"is_endless":false,"potions_floor_spawned":[8,12,16],"killed_by":"3 Byrds","ascension_level":6}