{"gold_per_floor":[114,114,130,130,100,100,141,141,141,39,39,55,55],"floor_reached":13,"playtime":592,"items_purged":["Defend_G"],"score":126,"play_id":"7385f190-5526-4a39-a36c-6bad334d37c0","local_time":"20190612145902","is_ascension_mode":true,"campfire_choices":[{"data":"Neutralize","floor":6,"key":"SMITH"},{"floor":11,"key":"REST"}],"neow_cost":"PERCENT_DAMAGE","seed_source_timestamp":139002274722251,"circlet_count":0,"master_deck":["AscendersBane","Defend_G","Defend_G","Defend_G","Strike_G","Strike_G","Strike_G","Survivor","Neutralize+1","Flying Knee","Acrobatics","Footwork","All Out Attack","Backflip","Footwork"],"relics":["Ring of the Snake","Golden Idol","Singing Bowl","Bottled Tornado"],"potions_floor_usage":[],"damage_taken":[{"damage":5,"enemies":"Small Slimes","floor":1,"turns":7},{"damage":0,"enemies":"Cultist","floor":3,"turns":5},{"damage":59,"enemies":"Gremlin Nob","floor":7,"turns":6},{"damage":0,"enemies":"Jaw Worm","floor":12,"turns":4},{"damage":23,"enemies":"3 Sentries","floor":13,"turns":2}],"seed_played":"2376860201281314079","potions_obtained":[{"floor":7,"key":"SteroidPotion"}],"is_trial":false,"path_per_floor":["M","?","M","?","?","R","E","?","T","$","R","M","E"],"character_chosen":"THE_SILENT","items_purchased":["Backflip"],"campfire_rested":1,"item_purchase_floors":[10],"current_hp_per_floor":[40,63,63,63,63,63,4,4,4,4,23,23,0],"gold":55,"neow_bonus":"REMOVE_TWO","is_prod":false,"is_daily":false,"chose_seed":false,"campfire_upgraded":1,"win_rate":0,"timestamp":1560322742,"path_taken":["M","?","M","?","?","R","E","?","T","$","R","?","E"],"build_version":"2019-01-23","purchased_purges":1,"victory":false,"max_hp_per_floor":[70,70,70,65,65,65,65,65,65,65,65,65,65],"card_choices":[{"not_picked":["Bane","Predator"],"picked":"Flying Knee","floor":1},{"not_picked":["Slice","Bullet Time"],"picked":"Acrobatics","floor":3},{"not_picked":["Night Terror","Cloak And Dagger"],"picked":"Footwork","floor":7},{"not_picked":["Eviscerate","Underhanded Strike"],"picked":"Footwork","floor":12}],"player_experience":801054,"relics_obtained":[{"floor":7,"key":"Singing Bowl"},{"floor":9,"key":"Bottled Tornado"}],"event_choices":[{"damage_healed":23,"gold_gain":0,"player_choice":"Banana","damage_taken":0,"max_hp_gain":0,"max_hp_loss":0,"event_name":"Big Fish","floor":2,"gold_loss":0},{"damage_healed":0,"gold_gain":0,"player_choice":"Lose Max HP","damage_taken":0,"relics_obtained":["Golden Idol"],"max_hp_gain":0,"max_hp_loss":5,"event_name":"Golden Idol","floor":4,"gold_loss":0},{"damage_healed":0,"gold_gain":0,"player_choice":"Left Gold","damage_taken":0,"max_hp_gain":0,"max_hp_loss":0,"event_name":"World of Goop","floor":5,"gold_loss":30},{"damage_healed":0,"gold_gain":0,"cards_transformed":["Defend_G"],"player_choice":"Transformed","damage_taken":0,"max_hp_gain":0,"max_hp_loss":0,"event_name":"Transmorgrifier","floor":8,"gold_loss":0,"cards_obtained":["All Out Attack"]}],"is_beta":false,"boss_relics":[],"items_purged_floors":[10],"is_endless":false,"potions_floor_spawned":[7],"killed_by":"3 Sentries","ascension_level":11}