{"path_per_floor":["M","M","?","M","$","R","E","R","T","?","R","E","R","M","R","B",null,"M","M","?","M","M","R","E","R","T","R","$","M","R","$","R","B",null,"M","?","?","M","?","?","$","R","T","M","?","$","E","$","R","B"],"character_chosen":"THE_SILENT","items_purchased":["Noxious Fumes","Backflip","Footwork","Caltrops"],"gold_per_floor":[112,125,125,138,63,63,91,91,91,91,91,117,117,137,137,241,241,227,246,161,171,184,184,216,216,216,216,177,190,190,83,83,181,181,195,243,243,254,254,254,115,115,140,157,0,0,35,35,35,35],"floor_reached":51,"campfire_rested":3,"playtime":2770,"current_hp_per_floor":[80,80,62,53,53,53,38,65,65,58,58,58,58,58,58,46,91,90,76,76,76,65,65,60,60,60,60,60,50,77,77,77,77,91,88,81,70,70,70,70,70,70,70,70,70,70,44,44,71,56],"items_purged":["Regret","Madness"],"gold":35,"score":774,"play_id":"8de56fd8-ff37-4285-9a8e-b49380d1f998","local_time":"20180426143111","is_prod":false,"is_daily":false,"chose_seed":false,"is_ascension_mode":false,"campfire_upgraded":8,"timestamp":1524771071,"path_taken":["M","M","?","M","?","R","E","R","T","?","R","E","R","M","R","BOSS","M","M","?","M","M","R","E","R","T","R","$","M","R","$","R","BOSS","M","?","?","?","?","?","$","R","T","M","?","?","E","$","R","BOSS"],"build_version":"2018-04-19","seed_source_timestamp":1305015775175990,"purchased_purges":3,"victory":true,"master_deck":["Defend_G+1","Defend_G","Defend_G","Defend_G+1","Defend_G","Strike_G","Strike_G","Strike_G+1","Survivor+1","Neutralize+1","Parasite","Flying Knee+1","Cloak And Dagger+1","Dagger Spray+1","Blur+1","Backflip+1","Sucker Punch+1","A Thousand Cuts+1","Noxious Fumes+1","Backflip+1","Footwork+1","After Image+1","Madness+1","Master of Strategy+1","Caltrops+1","Footwork+1"],"max_hp_per_floor":[91,91,91,91,91,91,91,91,91,91,91,91,91,91,91,91,91,91,91,91,91,91,91,91,91,91,91,91,91,91,91,91,91,91,91,91,91,91,91,91,91,91,91,91,91,91,91,91,91,91],"relics":["Calling Bell","Strawberry","Kunai","Mango","Mercury Hourglass","Frozen Egg 2","Whetstone","Sozu","Ninja Scroll","Dodecahedron","Centennial Puzzle","Black Star","Peace Pipe","War Paint","Red Mask","Ancient Tea Set","Vajra"],"card_choices":[{"not_picked":["Slice","Escape Plan"],"picked":"Flying Knee","floor":1},{"not_picked":["Dagger Throw","Blade Dance"],"picked":"Cloak And Dagger","floor":2},{"not_picked":["Outmaneuver","Bane"],"picked":"Dagger Spray","floor":4},{"not_picked":["Phantasmal Killer","Underhanded Strike"],"picked":"Blur","floor":7},{"not_picked":["Endless Agony","Poisoned Stab"],"picked":"Backflip","floor":14},{"not_picked":["Slice","Quick Slash"],"picked":"Sucker Punch","floor":21},{"not_picked":["Choke","Storm of Steel"],"picked":"A Thousand Cuts","floor":24},{"not_picked":["Venomology","Phantasmal Killer"],"picked":"After Image","floor":33},{"not_picked":["Flash of Steel","Trip"],"picked":"Master of Strategy","floor":39},{"not_picked":["Outmaneuver","Bane"],"picked":"Footwork","floor":47}],"player_experience":24129,"potions_floor_usage":[12,50],"damage_taken":[{"damage":11,"enemies":"Jaw Worm","floor":1,"turns":7},{"damage":0,"enemies":"Small Slimes","floor":2,"turns":4},{"damage":9,"enemies":"2 Louse","floor":4,"turns":3},{"damage":15,"enemies":"Lagavulin","floor":7,"turns":11},{"damage":0,"enemies":"3 Sentries","floor":12,"turns":4},{"damage":0,"enemies":"Exordium Thugs","floor":14,"turns":4},{"damage":12,"enemies":"The Guardian","floor":16,"turns":15},{"damage":1,"enemies":"2 Thieves","floor":18,"turns":4},{"damage":14,"enemies":"Spheric Guardian","floor":19,"turns":4},{"damage":0,"enemies":"Snecko","floor":21,"turns":6},{"damage":11,"enemies":"Sentry and Sphere","floor":22,"turns":6},{"damage":5,"enemies":"Book of Stabbing","floor":24,"turns":7},{"damage":10,"enemies":"Snake Plant","floor":29,"turns":4},{"damage":0,"enemies":"Champ","floor":33,"turns":15},{"damage":3,"enemies":"Flame Bruiser 1 Orb","floor":35,"turns":7},{"damage":7,"enemies":"Mysterious Sphere","floor":36,"turns":5},{"damage":0,"enemies":"3 Darklings","floor":38,"turns":4},{"damage":0,"enemies":"Maw","floor":44,"turns":8},{"damage":26,"enemies":"2 Orb Walkers","floor":47,"turns":5},{"damage":15,"enemies":"Time Eater","floor":50,"turns":16}],"event_choices":[{"event_name":"Shining Light","player_choice":"Entered Light","floor":3,"damage_taken":0},{"event_name":"Golden Wing","player_choice":"Card Removal","floor":10,"damage_taken":0},{"event_name":"Addict","player_choice":"Obtained Relic","floor":20,"damage_taken":0},{"event_name":"Mysterious Sphere","player_choice":"Fight","floor":36,"damage_taken":0},{"event_name":"Winding Halls","player_choice":"Embrace Madness","floor":37,"damage_taken":0},{"event_name":"SensoryStone","player_choice":"Memory 1","floor":39,"damage_taken":0},{"event_name":"Tomb of Lord Red Mask","player_choice":"Paid","floor":45,"damage_taken":0}],"boss_relics":[{"not_picked":["Orrery","Astrolabe"],"picked":"Sozu"},{"not_picked":["Snecko Eye","Runic Pyramid"],"picked":"Black Star"}],"potions_floor_spawned":[2,4,12,18,21,24,29,47],"seed_played":"-5605821566934697949","ascension_level":0,"is_trial":false}