{"gold_per_floor":[114,74,74,74,74,104,119,119,169,122,137,152,167,182,182,282,282,297,297,312,327,327,357,372,387,387,486,501,501,181,210,210,310,310,325,355,355,115,130,130,160,160],"floor_reached":42,"playtime":4035,"items_purged":[],"score":598,"play_id":"99c64f2f-97c9-44ac-9a7b-84630ef17463","local_time":"20180731183916","daily_mods":["Brewmaster","Time Dilation","Hoarder"],"is_ascension_mode":false,"campfire_choices":[{"data":"Bash","floor":8,"key":"SMITH"},{"data":"Fire Breathing","floor":15,"key":"SMITH"},{"floor":29,"key":"REST"},{"data":"Bite","floor":32,"key":"SMITH"},{"data":"Inflame","floor":40,"key":"SMITH"}],"neow_cost":"","seed_source_timestamp":0,"circlet_count":0,"master_deck":["Defend_R","Defend_R","Defend_R","Defend_R","Bash+1","Venomology","Venomology","Venomology","Venomology","Venomology","Venomology","Venomology","Venomology","Venomology","Venomology","Venomology","Venomology","Venomology","Venomology","Venomology","Inflame+1","Inflame","Inflame","Twin Strike","Twin Strike","Twin Strike","Fire Breathing","Fire Breathing","Fire Breathing+1","Fiend Fire","Fiend Fire","Fiend Fire","Bite+1","Bite","Bite","Bite","Bite","Bite","Bite","Bite","Bite","Bite","Bite","Bite","Bite","Bite","Bite","Uppercut+1","Uppercut+1","Uppercut+1","Inflame+1","Inflame+1","Inflame+1","Iron Wave+1","Iron Wave+1","Iron Wave+1","Heavy Blade+1","Heavy Blade+1","Heavy Blade+1","Inflame+1","Inflame+1","Inflame+1","Limit Break","Limit Break","Limit Break","Armaments+1","Armaments+1","Armaments+1","Writhe","Writhe","Writhe","Flame Barrier+1","Flame Barrier+1","Flame Barrier+1"],"special_seed":17743,"relics":["Burning Blood","White Beast Statue","Charon\u0027s Ashes","Bag of Marbles","Black Star","Turnip","StoneCalendar","The Courier","Letter Opener","Anchor","Red Mask","Eternal Feather","Tiny Chest","Prayer Wheel","Gambling Chip","Magic Flower"],"potions_floor_usage":[1,1,1,1,6,6,6,6,6,6,6,6,6,6,6,7,7,11,11,12,12,12,12,13,13,13,14,14,14,14,14,16,16,16,16,16,16,16,16,16,16,16,18,18,20,21,21,21,21,21,21,23,23,23,23,24,24,25,25,25,28,28,28,28,31,31,31,33,33,33,33,33,33,33,33,35,39,41,41,41,41,41,41,42,42,42,42,42],"damage_taken":[{"damage":6,"enemies":"Cultist","floor":1,"turns":6},{"damage":22,"enemies":"3 Sentries","floor":6,"turns":10},{"damage":10,"enemies":"Small Slimes","floor":7,"turns":3},{"damage":0,"enemies":"2 Louse","floor":11,"turns":2},{"damage":6,"enemies":"Blue Slaver","floor":12,"turns":4},{"damage":0,"enemies":"Exordium Wildlife","floor":13,"turns":3},{"damage":34,"enemies":"Exordium Thugs","floor":14,"turns":6},{"damage":31,"enemies":"The Guardian","floor":16,"turns":8},{"damage":23,"enemies":"3 Byrds","floor":18,"turns":5},{"damage":5,"enemies":"Chosen","floor":20,"turns":4},{"damage":30,"enemies":"Snake Plant","floor":21,"turns":3},{"damage":42,"enemies":"Gremlin Leader","floor":23,"turns":4},{"damage":31,"enemies":"Centurion and Healer","floor":24,"turns":7},{"damage":36,"enemies":"3 Cultists","floor":25,"turns":5},{"damage":13,"enemies":"Snecko","floor":28,"turns":4},{"damage":0,"floor":31,"turns":2},{"damage":90,"enemies":"Champ","floor":33,"turns":9},{"damage":44,"enemies":"Flame Bruiser 1 Orb","floor":35,"turns":6},{"damage":0,"enemies":"3 Shapes","floor":39,"turns":4},{"damage":139,"enemies":"Giant Head","floor":41,"turns":9},{"damage":18,"enemies":"Maw","floor":42,"turns":2}],"seed_played":"4161929215003559377","potions_obtained":[{"floor":1,"key":"FairyPotion"},{"floor":6,"key":"GamblersBrew"},{"floor":7,"key":"Weak Potion"},{"floor":11,"key":"Energy Potion"},{"floor":12,"key":"Regen Potion"},{"floor":14,"key":"EssenceOfSteel"},{"floor":16,"key":"Regen Potion"},{"floor":18,"key":"Explosive Potion"},{"floor":20,"key":"SpeedPotion"},{"floor":21,"key":"FearPotion"},{"floor":23,"key":"SpeedPotion"},{"floor":24,"key":"PowerPotion"},{"floor":25,"key":"Strength Potion"},{"floor":28,"key":"PowerPotion"},{"floor":31,"key":"Regen Potion"},{"floor":33,"key":"SpeedPotion"},{"floor":39,"key":"Energy Potion"},{"floor":41,"key":"Explosive Potion"}],"is_trial":false,"path_per_floor":["M","$","?","?","$","E","M","R","T","?","M","M","M","M","R","B",null,"M","?","M","M","?","E","M","M","T","?","M","R","$","?","R","B",null,"M","?","?","$","M","R","E"],"character_chosen":"IRONCLAD","items_purchased":["Inflame","Letter Opener","Anchor","Prayer Wheel"],"campfire_rested":1,"item_purchase_floors":[2,30,30,38],"current_hp_per_floor":[80,80,77,82,82,68,66,66,66,66,74,84,85,71,71,65,85,78,78,85,67,67,37,28,24,24,24,41,66,66,74,74,35,85,51,51,72,72,85,85,14,0],"gold":160,"neow_bonus":"","is_prod":false,"is_daily":true,"chose_seed":false,"campfire_upgraded":4,"win_rate":0,"timestamp":1533033556,"path_taken":["M","$","?","?","?","E","?","R","T","?","?","?","M","M","R","BOSS","M","?","M","?","?","E","M","M","T","?","M","R","$","?","R","BOSS","M","?","?","$","M","R","E","M"],"build_version":"2018-07-26","purchased_purges":0,"victory":false,"max_hp_per_floor":[80,80,80,85,85,85,85,85,85,85,85,85,85,85,85,85,85,85,85,85,85,85,85,85,85,85,85,85,85,85,85,85,85,85,85,85,85,85,85,85,85,85],"card_choices":[{"not_picked":["Headbutt","Shrug It Off","Blood for Blood"],"picked":"SKIP","floor":1},{"not_picked":["Bloodletting","Headbutt","Warcry"],"picked":"SKIP","floor":6},{"not_picked":["Power Through","Battle Trance"],"picked":"Twin Strike","floor":7},{"not_picked":["Shockwave","Thunderclap"],"picked":"Fire Breathing","floor":11},{"not_picked":["Hemokinesis","Clothesline","Warcry"],"picked":"SKIP","floor":12},{"not_picked":["Heavy Blade","Perfected Strike","Twin Strike"],"picked":"SKIP","floor":13},{"not_picked":["Body Slam","Reckless Charge","Cleave"],"picked":"SKIP","floor":14},{"not_picked":["Brutality","Juggernaut"],"picked":"Fiend Fire","floor":16},{"not_picked":["Headbutt+1","Anger+1","Bloodletting"],"picked":"SKIP","floor":18},{"not_picked":["Heavy Blade","Dropkick"],"picked":"Uppercut+1","floor":20},{"not_picked":["Twin Strike","Pommel Strike"],"picked":"Inflame+1","floor":21},{"not_picked":["Body Slam+1","Shockwave+1"],"picked":"Iron Wave+1","floor":23},{"not_picked":["Headbutt","Sword Boomerang","Entrench"],"picked":"SKIP","floor":24},{"not_picked":["Evolve","Juggernaut"],"picked":"Heavy Blade+1","floor":25},{"not_picked":["Combust","Clash","Sword Boomerang"],"picked":"SKIP","floor":28},{"not_picked":["Entrench","Flex"],"picked":"Inflame+1","floor":31},{"not_picked":["Juggernaut","Offering"],"picked":"Limit Break","floor":33},{"not_picked":["Perfected Strike+1","Anger+1"],"picked":"Armaments+1","floor":35},{"not_picked":["Armaments","Cleave","Perfected Strike+1"],"picked":"SKIP","floor":39},{"not_picked":["Clash+1","Pommel Strike","Bloodletting"],"picked":"SKIP","floor":39},{"not_picked":["Hemokinesis+1","Dropkick+1"],"picked":"Flame Barrier+1","floor":41}],"player_experience":296774,"relics_obtained":[{"floor":6,"key":"Charon\u0027s Ashes"},{"floor":9,"key":"Bag of Marbles"},{"floor":23,"key":"Turnip"},{"floor":23,"key":"StoneCalendar"},{"floor":26,"key":"The Courier"},{"floor":31,"key":"Red Mask"},{"floor":41,"key":"Gambling Chip"},{"floor":41,"key":"Magic Flower"}],"event_choices":[{"event_name":"Scrap Ooze","player_choice":"success","floor":3,"damage_taken":3},{"event_name":"Big Fish","player_choice":"Donut","floor":4,"damage_taken":0},{"event_name":"World of Goop","player_choice":"Left","floor":10,"damage_taken":0},{"event_name":"Vampires","player_choice":"Became a vampire (Vial)","floor":19,"damage_taken":0},{"event_name":"Ghosts","player_choice":"Ignored","floor":22,"damage_taken":0},{"event_name":"Nest","player_choice":"Stole From Cult","floor":27,"damage_taken":0},{"event_name":"Masked Bandits","player_choice":"Fought over 181 gold","floor":31,"damage_taken":0},{"event_name":"WeMeetAgain","player_choice":"Potion","floor":36,"damage_taken":0},{"event_name":"Winding Halls","player_choice":"Writhe","floor":37,"damage_taken":0}],"is_beta":false,"boss_relics":[{"not_picked":["Coffee Dripper","Runic Pyramid"],"picked":"Black Star"},{"not_picked":["Runic Cube","Fusion Hammer"],"picked":"Eternal Feather"}],"items_purged_floors":[],"is_endless":false,"potions_floor_spawned":[1,6,7,11,12,13,14,16,18,20,21,23,24,25,28,31,33,35,39,41],"killed_by":"Maw","ascension_level":0}