{"gold_per_floor":[109,109,123,136,236,236,161,180,180,211,211,224,26,43,43,118,118,130,142,156,166,30,30,30],"floor_reached":24,"playtime":1037,"items_purged":["Strike_R","Strike_R"],"score":330,"play_id":"b58d02c9-ee70-4004-b876-fee3f100e92a","local_time":"20181219132115","is_ascension_mode":true,"campfire_choices":[{"data":"Hemokinesis","floor":6,"key":"SMITH"},{"data":"Demon Form","floor":11,"key":"SMITH"},{"floor":15,"key":"REST"},{"data":"Rupture","floor":23,"key":"SMITH"}],"neow_cost":"TEN_PERCENT_HP_LOSS","seed_source_timestamp":586266186753439,"circlet_count":0,"master_deck":["AscendersBane","Strike_R","Defend_R","Defend_R","Defend_R+1","Defend_R+1","Bash+1","Rupture+1","Bloodletting","Evolve","Hemokinesis+1","Twin Strike","Demon Form+1","Metallicize","Feed","Carnage+1","Hemokinesis","True Grit"],"relics":["Burning Blood","Bottled Tornado","Meat on the Bone","Membership Card","Sozu","War Paint"],"potions_floor_usage":[14,16,16],"damage_taken":[{"damage":8,"enemies":"2 Louse","floor":1,"turns":4},{"damage":9,"enemies":"Cultist","floor":3,"turns":4},{"damage":16,"enemies":"Jaw Worm","floor":4,"turns":4},{"damage":16,"enemies":"Blue Slaver","floor":8,"turns":4},{"damage":37,"enemies":"Lagavulin","floor":10,"turns":4},{"damage":12,"enemies":"Looter","floor":12,"turns":3},{"damage":15,"enemies":"Gremlin Gang","floor":14,"turns":5},{"damage":8,"enemies":"Slime Boss","floor":16,"turns":6},{"damage":31,"enemies":"Spheric Guardian","floor":18,"turns":5},{"damage":21,"enemies":"Shell Parasite","floor":19,"turns":4},{"damage":28,"enemies":"Shelled Parasite and Fungi","floor":20,"turns":5},{"damage":33,"enemies":"Centurion and Healer","floor":21,"turns":6},{"damage":31,"enemies":"Sentry and Sphere","floor":24,"turns":3}],"seed_played":"-8711370177074331168","potions_obtained":[{"floor":4,"key":"Fire Potion"},{"floor":10,"key":"Explosive Potion"},{"floor":14,"key":"Energy Potion"}],"is_trial":false,"path_per_floor":["M","?","M","M","?","R","$","M","T","E","R","M","$","M","R","B",null,"M","M","M","M","$","R","M"],"character_chosen":"IRONCLAD","items_purchased":["Membership Card","War Paint","True Grit"],"campfire_rested":1,"item_purchase_floors":[13,22,22],"current_hp_per_floor":[70,70,67,57,57,57,57,47,47,16,16,22,22,25,46,44,65,52,49,42,30,30,30,0],"gold":30,"neow_bonus":"TRANSFORM_TWO_CARDS","is_prod":false,"is_daily":false,"chose_seed":false,"campfire_upgraded":3,"win_rate":0,"timestamp":1545196875,"path_taken":["M","?","?","M","?","R","$","M","T","E","R","M","$","?","R","BOSS","M","?","?","M","$","R","M"],"build_version":"2018-12-13","purchased_purges":2,"victory":false,"max_hp_per_floor":[72,72,72,72,72,72,72,72,72,72,72,72,72,72,72,72,72,72,72,75,78,78,78,78],"card_choices":[{"not_picked":["Pommel Strike","Headbutt"],"picked":"Evolve","floor":1},{"not_picked":["True Grit","Perfected Strike"],"picked":"Hemokinesis","floor":3},{"not_picked":["Second Wind","Shrug It Off"],"picked":"Twin Strike","floor":4},{"not_picked":["Perfected Strike","Armaments","Thunderclap"],"picked":"SKIP","floor":8},{"not_picked":["Anger","Wild Strike"],"picked":"Demon Form","floor":10},{"not_picked":["Rage","Intimidate","Perfected Strike"],"picked":"SKIP","floor":12},{"not_picked":["Twin Strike","Body Slam"],"picked":"Metallicize","floor":14},{"not_picked":["Offering","Berserk"],"picked":"Feed","floor":16},{"not_picked":["Heavy Blade","Searing Blow"],"picked":"Carnage+1","floor":18},{"not_picked":["Rampage","Flex"],"picked":"Hemokinesis","floor":19},{"not_picked":["Battle Trance","Evolve","Iron Wave"],"picked":"SKIP","floor":20},{"not_picked":["Intimidate","Armaments","Clash"],"picked":"SKIP","floor":21}],"player_experience":589995,"relics_obtained":[{"floor":9,"key":"Bottled Tornado"},{"floor":10,"key":"Meat on the Bone"}],"event_choices":[{"damage_healed":0,"gold_gain":0,"player_choice":"Upgraded","damage_taken":0,"max_hp_gain":0,"max_hp_loss":0,"event_name":"Upgrade Shrine","floor":2,"gold_loss":0,"cards_upgraded":["Bash"]},{"damage_healed":0,"gold_gain":100,"player_choice":"Pray","damage_taken":0,"max_hp_gain":0,"max_hp_loss":0,"event_name":"Golden Shrine","floor":5,"gold_loss":0}],"is_beta":false,"boss_relics":[{"not_picked":["Cursed Key","Runic Pyramid"],"picked":"Sozu"}],"items_purged_floors":[7,22],"is_endless":false,"potions_floor_spawned":[4,10,12,14,20,21],"killed_by":"Sentry and Sphere","ascension_level":13}