{"gold_per_floor":[118,43,54,54,4,4,29,29,29,44,44,79,79,79,79,209,209,228,143,43,61,82,82,126,126,172,172,186,186],"floor_reached":29,"playtime":1358,"items_purged":["Strike_B","Strike_B"],"score":384,"play_id":"c4cbf4b7-94ab-48c4-a2a2-10bb95d4bef0","local_time":"20181212194921","is_ascension_mode":true,"campfire_choices":[{"data":"Zap","floor":6,"key":"SMITH"},{"data":"Dualcast","floor":8,"key":"SMITH"},{"data":"Static Discharge","floor":15,"key":"SMITH"},{"data":"Buffer","floor":23,"key":"SMITH"},{"data":"Heatsinks","floor":25,"key":"SMITH"}],"neow_cost":"NONE","seed_source_timestamp":4433009351977,"circlet_count":0,"master_deck":["Defend_B","Defend_B","Defend_B","Zap+1","Dualcast+1","Coolheaded","Conserve Battery","Core Surge","Gash","Static Discharge+1","Buffer+1","Steam+1","Heatsinks+1","Sweeping Beam","Buffer"],"relics":["Cracked Core","NeowsBlessing","Torii","Dream Catcher","Emotion Chip","Golden Idol","Bird Faced Urn","Pantograph","Busted Crown","Toxic Egg 2","Pen Nib","Art of War"],"potions_floor_usage":[16,18,21],"damage_taken":[{"damage":0,"enemies":"Cultist","floor":1,"turns":1},{"damage":0,"enemies":"2 Louse","floor":3,"turns":1},{"damage":0,"enemies":"3 Sentries","floor":7,"turns":1},{"damage":0,"enemies":"Small Slimes","floor":10,"turns":2},{"damage":26,"enemies":"Gremlin Nob","floor":12,"turns":5},{"damage":10,"enemies":"The Guardian","floor":16,"turns":9},{"damage":0,"enemies":"Chosen","floor":18,"turns":5},{"damage":5,"enemies":"3 Byrds","floor":21,"turns":2},{"damage":12,"enemies":"Shelled Parasite and Fungi","floor":22,"turns":4},{"damage":36,"enemies":"Slavers","floor":24,"turns":5},{"damage":17,"enemies":"3 Cultists","floor":28,"turns":4},{"damage":30,"enemies":"Gremlin Leader","floor":29,"turns":7}],"seed_played":"2355479372817528482","potions_obtained":[{"floor":7,"key":"Strength Potion"},{"floor":10,"key":"Energy Potion"},{"floor":16,"key":"Poison Potion"},{"floor":22,"key":"Dexterity Potion"},{"floor":28,"key":"Weak Potion"}],"is_trial":false,"path_per_floor":["M","$","M","?","?","R","E","R","T","M","?","E","$","T","R","B",null,"M","?","$","M","M","R","E","R","T","?","M","E"],"character_chosen":"DEFECT","items_purchased":[],"campfire_rested":0,"item_purchase_floors":[],"current_hp_per_floor":[68,68,68,56,56,56,56,56,56,56,56,30,30,30,30,47,64,68,68,68,66,58,58,26,26,26,26,17,0],"gold":186,"neow_bonus":"THREE_ENEMY_KILL","is_prod":false,"is_daily":false,"chose_seed":false,"campfire_upgraded":5,"win_rate":0,"timestamp":1544615361,"path_taken":["M","$","M","?","?","R","E","R","T","M","?","E","?","?","R","BOSS","M","?","$","M","M","R","E","R","T","?","M","E"],"build_version":"2018-12-06","purchased_purges":2,"victory":false,"max_hp_per_floor":[75,75,75,75,75,75,75,75,75,75,69,69,69,69,69,69,69,69,69,69,69,69,69,69,69,69,69,69,69],"card_choices":[{"not_picked":["Compile Driver","Rebound"],"picked":"Coolheaded","floor":1},{"not_picked":["Gash","Melter"],"picked":"Conserve Battery","floor":3},{"not_picked":["Cold Snap","Steam"],"picked":"Core Surge","floor":7},{"not_picked":["Cold Snap","Go for the Eyes"],"picked":"Gash","floor":10},{"not_picked":["Seek","Steam"],"picked":"Static Discharge","floor":12},{"not_picked":["Biased Cognition","Meteor Strike"],"picked":"Buffer","floor":16},{"not_picked":["Barrage"],"picked":"SKIP","floor":18},{"not_picked":["Beam Cell"],"picked":"SKIP","floor":21},{"not_picked":[],"picked":"Steam+1","floor":22},{"not_picked":[],"picked":"Heatsinks","floor":24},{"not_picked":["Streamline"],"picked":"SKIP","floor":28}],"player_experience":547974,"relics_obtained":[{"floor":7,"key":"Dream Catcher"},{"floor":9,"key":"Emotion Chip"},{"floor":12,"key":"Bird Faced Urn"},{"floor":14,"key":"Pantograph"},{"floor":24,"key":"Pen Nib"},{"floor":26,"key":"Art of War"}],"event_choices":[{"damage_healed":0,"gold_gain":0,"player_choice":"Success","damage_taken":12,"relics_obtained":["Torii"],"max_hp_gain":0,"max_hp_loss":0,"event_name":"Scrap Ooze","floor":4,"gold_loss":0},{"cards_removed":["Defend_B"],"damage_healed":0,"gold_gain":0,"player_choice":"Card Removal","damage_taken":0,"max_hp_gain":0,"max_hp_loss":0,"event_name":"The Cleric","floor":5,"gold_loss":50},{"damage_healed":0,"gold_gain":0,"player_choice":"Lose Max HP","damage_taken":0,"relics_obtained":["Golden Idol"],"max_hp_gain":0,"max_hp_loss":6,"event_name":"Golden Idol","floor":11,"gold_loss":0},{"damage_healed":0,"gold_gain":0,"player_choice":"Obtained Relic","damage_taken":0,"relics_obtained":["Toxic Egg 2"],"max_hp_gain":0,"max_hp_loss":0,"event_name":"Addict","floor":19,"gold_loss":85},{"damage_healed":0,"gold_gain":0,"cards_transformed":["Strike_B","Strike_B"],"player_choice":"Became Test Subject","damage_taken":0,"max_hp_gain":0,"max_hp_loss":0,"event_name":"Drug Dealer","floor":27,"gold_loss":0,"cards_obtained":["Sweeping Beam","Buffer"]}],"is_beta":false,"boss_relics":[{"not_picked":["FrozenCore","Pandora\u0027s Box"],"picked":"Busted Crown"}],"items_purged_floors":[2,20],"is_endless":false,"potions_floor_spawned":[7,10,16,22,28],"killed_by":"Gremlin Leader","ascension_level":8}