{"path_per_floor":["M","?","?","M","?","E","$","R","T","R","M","?","$","M","R","B",null,"M","$","?","?","M"],"character_chosen":"THE_SILENT","items_purchased":[],"gold_per_floor":[119,119,119,130,130,163,88,88,88,88,108,108,8,24,24,120,120,120,120,45,45,45],"floor_reached":23,"campfire_rested":2,"playtime":963,"current_hp_per_floor":[63,56,56,56,56,6,6,26,26,46,45,45,45,43,43,40,60,51,51,51,35,34],"items_purged":["Strike_G","Strike_G"],"gold":45,"score":299,"play_id":"cfc75e7a-b20a-4ab9-9a76-58d4e28901c8","local_time":"20180318174846","is_prod":false,"is_daily":false,"is_ascension_mode":true,"campfire_upgraded":1,"timestamp":1521413326,"path_taken":["M","?","?","M","?","E","$","R","T","R","M","?","$","M","R","BOSS","M","$","?","?","M","E"],"build_version":"2018-03-15v3","purchased_purges":2,"victory":false,"master_deck":["Defend_G","Defend_G","Defend_G","Defend_G","Defend_G","Strike_G","Survivor","Neutralize+1","Malaise","Dagger Spray","Noxious Fumes+1","Dodge and Roll"],"max_hp_per_floor":[70,67,67,67,67,67,67,67,67,67,67,67,67,67,67,67,67,67,67,67,67,67],"relics":["Ring of the Snake","Ancient Tea Set","Unceasing Top","Ectoplasm"],"card_choices":[{"not_picked":["Dagger Spray","Deadly Poison"],"picked":"Malaise"},{"not_picked":["Expertise","Prepared"],"picked":"Dagger Spray"},{"not_picked":["Blade Dance","Sucker Punch"],"picked":"Noxious Fumes"},{"not_picked":["Deflect","Quick Slash"],"picked":"Dodge and Roll"}],"player_experience":295287,"potions_floor_usage":[16,16,22],"damage_taken":[{"damage":0,"enemies":"Small Slimes","floor":1,"turns":4},{"damage":0,"enemies":"2 Louse","floor":4,"turns":3},{"damage":50,"enemies":"Lagavulin","floor":6,"turns":16},{"damage":1,"enemies":"Cultist","floor":11,"turns":5},{"damage":2,"enemies":"2 Fungi Beasts","floor":14,"turns":4},{"damage":3,"enemies":"The Guardian","floor":16,"turns":14},{"damage":9,"enemies":"Chosen","floor":18,"turns":8},{"damage":1,"enemies":"3 Byrds","floor":22,"turns":5},{"damage":35,"enemies":"Gremlin Leader","floor":23,"turns":2}],"event_choices":[{"event_name":"Golden Wing","player_choice":"Card Removal","floor":2,"damage_taken":0},{"event_name":"Purifier","player_choice":"One Purge","floor":3,"damage_taken":0},{"event_name":"Liars Game","player_choice":"disagreed","floor":5,"damage_taken":0},{"event_name":"Golden Idol","player_choice":"Ignored","floor":12,"damage_taken":0},{"event_name":"Beggar","player_choice":"Gave Gold","floor":20,"damage_taken":0},{"event_name":"Cursed Tome","player_choice":"Obtained Book","floor":21,"damage_taken":0}],"boss_relics":[{"not_picked":["White Beast Statue","Pandora\u0027s Box"],"picked":"Ectoplasm"}],"potions_floor_spawned":[11,14,16],"seed_played":"-9008062448882650211","killed_by":"Gremlin Leader","ascension_level":12,"is_trial":false}