{"path_per_floor":["M","$","M","M","M","E","R","E","T","?","M","R","T","M","R","B",null,"M","M","M","?","M","R","E","M","T","?","M","R","M","$","R"],"character_chosen":"DEFECT","items_purchased":["Leap","Tiny Chest"],"gold_per_floor":[111,63,82,102,121,147,147,175,249,249,269,269,295,306,306,411,411,411,411,411,411,411,411,411,411,411,326,326,326,326,95,95,95],"floor_reached":33,"campfire_rested":3,"playtime":1996,"current_hp_per_floor":[54,54,52,48,48,39,61,37,37,37,37,37,37,35,57,22,62,50,43,31,31,31,46,52,45,45,45,52,52,52,52,52,0],"items_purged":["Dualcast"],"gold":95,"score":418,"play_id":"29585a92-2edc-45a0-9727-c296790ec6c2","local_time":"20180429202237","is_prod":false,"is_daily":false,"chose_seed":false,"is_ascension_mode":true,"campfire_upgraded":3,"timestamp":1525051357,"path_taken":["M","$","M","M","M","E","R","E","T","?","M","R","?","M","R","BOSS","M","M","M","?","M","R","E","M","T","?","M","R","M","$","R","BOSS"],"build_version":"2018-04-27v3","seed_source_timestamp":202541653525227,"purchased_purges":1,"victory":false,"master_deck":["Defend_B","Defend_B","Defend_B","Defend_B+1","Zap+1","Leap","Glacier+1","Beam Cell+1","Ball Lightning","Ball Lightning","Ball Lightning","Sweeping Beam+1","Bite","Bite","Bite","Bite","Bite","Leap","Reinforced Body"],"max_hp_per_floor":[75,75,75,75,75,75,75,75,75,75,75,75,75,75,75,75,75,75,75,75,52,52,52,52,52,52,52,52,52,52,52,52,52],"relics":["Cracked Core","Art of War","Calipers","Centennial Puzzle","Anchor","Ectoplasm","War Paint","Bronze Scales","Regal Pillow","Tiny Chest"],"card_choices":[{"not_picked":["Skim","Stack"],"picked":"Glacier","floor":3},{"not_picked":["Chill","Capacitor"],"picked":"Beam Cell","floor":4},{"not_picked":["Coolheaded","Go for the Eyes"],"picked":"Ball Lightning","floor":8},{"not_picked":["Streamline","Axe Kick"],"picked":"Ball Lightning","floor":11},{"not_picked":["Cold Snap","Aggregate"],"picked":"Ball Lightning","floor":18},{"not_picked":["Stack","Ball Lightning"],"picked":"Sweeping Beam","floor":20},{"not_picked":["Impulse","Fusion"],"picked":"Leap","floor":22},{"not_picked":["Turbo","Sweeping Beam"],"picked":"Reinforced Body","floor":24}],"player_experience":114694,"potions_floor_usage":[6,6,8,33,33,33],"damage_taken":[{"damage":14,"enemies":"Small Slimes","floor":1,"turns":4},{"damage":2,"enemies":"Jaw Worm","floor":3,"turns":5},{"damage":4,"enemies":"2 Louse","floor":4,"turns":3},{"damage":0,"enemies":"Blue Slaver","floor":5,"turns":3},{"damage":9,"enemies":"3 Sentries","floor":6,"turns":7},{"damage":24,"enemies":"Gremlin Nob","floor":8,"turns":5},{"damage":0,"enemies":"Large Slime","floor":11,"turns":5},{"damage":2,"enemies":"2 Fungi Beasts","floor":14,"turns":2},{"damage":35,"enemies":"Slime Boss","floor":16,"turns":8},{"damage":12,"enemies":"Shell Parasite","floor":18,"turns":7},{"damage":7,"enemies":"Chosen","floor":19,"turns":3},{"damage":12,"enemies":"Snecko","floor":20,"turns":4},{"damage":24,"enemies":"Centurion and Healer","floor":22,"turns":8},{"damage":15,"enemies":"Gremlin Leader","floor":24,"turns":7},{"damage":9,"enemies":"Sentry and Sphere","floor":25,"turns":4},{"damage":0,"enemies":"Chosen and Byrds","floor":28,"turns":5},{"damage":6,"enemies":"Snecko","floor":30,"turns":5},{"damage":73,"enemies":"Collector","floor":33,"turns":7}],"event_choices":[{"event_name":"Shining Light","player_choice":"Ignored","floor":10,"damage_taken":0},{"event_name":"Vampires","player_choice":"Became a vampire","floor":21,"damage_taken":0},{"event_name":"Addict","player_choice":"Obtained Relic","floor":27,"damage_taken":0}],"boss_relics":[{"not_picked":["Orrery","Runic Dome"],"picked":"Ectoplasm"}],"potions_floor_spawned":[3,5,6,8,20,22,25],"seed_played":"-8449818970332298145","killed_by":"Collector","ascension_level":8,"is_trial":false}