{"gold_per_floor":[219,219,238,163,163,163,192,204,241,266,228,140,150,177,177,278,278,297,222,19,19,19,46,46,63,63,77,77,97,111,131,131,228,228,243,243,253,103,118,118,118],"floor_reached":41,"playtime":3197,"items_purged":["Defend_B","Strike_B","Strike_B","Aggregate"],"score":551,"play_id":"69974d59-4ceb-47e8-b10a-9e82fa2285e4","local_time":"20180811160337","is_ascension_mode":true,"campfire_choices":[{"data":"Dualcast","floor":6,"key":"SMITH"},{"data":"Streamline","floor":8,"key":"SMITH"},{"data":"Streamline","floor":15,"key":"SMITH"},{"floor":24,"key":"REST"},{"data":"Bite","floor":28,"key":"SMITH"},{"data":"Conserve Battery","floor":32,"key":"SMITH"},{"data":"Echo Form","floor":40,"key":"SMITH"}],"neow_cost":"NONE","seed_source_timestamp":57023937909452,"circlet_count":0,"master_deck":["Conserve Battery","Conserve Battery","Streamline+1","Glacier","Streamline+1","Echo Form+1","Sunder+1","Bite+1","Bite","Bite","Bite","Bite","Conserve Battery+1","Machine Learning","Cold Snap+1","Blizzard+1","Melter+1"],"relics":["Cracked Core","Du-Vu Doll","MawBank","Whetstone","Sundial","Lizard Tail","Boot","Gambling Chip","Astrolabe"],"potions_floor_usage":[16,31,33,33,39,41],"damage_taken":[{"damage":9,"enemies":"Small Slimes","floor":1,"turns":3},{"damage":4,"enemies":"Cultist","floor":3,"turns":4},{"damage":38,"enemies":"Gremlin Nob","floor":7,"turns":4},{"damage":0,"enemies":"Jaw Worm","floor":10,"turns":2},{"damage":2,"enemies":"Blue Slaver","floor":13,"turns":4},{"damage":5,"enemies":"3 Sentries","floor":14,"turns":8},{"damage":12,"enemies":"Hexaghost","floor":16,"turns":10},{"damage":13,"enemies":"Spheric Guardian","floor":18,"turns":4},{"damage":60,"enemies":"Gremlin Leader","floor":23,"turns":8},{"damage":25,"enemies":"Shell Parasite","floor":25,"turns":7},{"damage":10,"enemies":"Centurion and Healer","floor":27,"turns":16},{"damage":35,"enemies":"3 Cultists","floor":29,"turns":6},{"damage":14,"enemies":"Snake Plant","floor":30,"turns":5},{"damage":13,"enemies":"Cultist and Chosen","floor":31,"turns":7},{"damage":77,"enemies":"Champ","floor":33,"turns":14},{"damage":11,"enemies":"Orb Walker","floor":35,"turns":3},{"damage":5,"enemies":"3 Shapes","floor":37,"turns":6},{"damage":45,"enemies":"Flame Bruiser 2 Orb","floor":39,"turns":12},{"damage":60,"enemies":"Giant Head","floor":41,"turns":8}],"seed_played":"-8055443121403244203","potions_obtained":[{"floor":7,"key":"EssenceOfSteel"},{"floor":10,"key":"Ancient Potion"},{"floor":13,"key":"Strength Potion"},{"floor":25,"key":"Swift Potion"},{"floor":29,"key":"Fire Potion"},{"floor":33,"key":"SkillPotion"},{"floor":39,"key":"AttackPotion"}],"is_trial":false,"path_per_floor":["M","?","M","$","?","R","E","R","T","M","?","$","M","E","R","B",null,"M","?","$","?","?","E","R","M","T","M","R","M","M","M","R","B",null,"M","?","M","$","M","R"],"character_chosen":"DEFECT","items_purchased":["Sunder"],"campfire_rested":1,"item_purchase_floors":[20],"current_hp_per_floor":[66,63,59,59,64,64,26,26,26,26,26,26,24,19,19,7,62,49,49,49,49,49,2,18,15,15,56,56,26,24,37,37,28,49,38,38,40,40,24,24,0],"gold":118,"neow_bonus":"HUNDRED_GOLD","is_prod":false,"is_daily":false,"chose_seed":false,"campfire_upgraded":6,"win_rate":0,"timestamp":1533974617,"path_taken":["M","?","M","$","?","R","E","R","T","M","?","$","M","E","R","BOSS","M","?","$","?","?","E","R","M","T","M","R","M","M","M","R","BOSS","M","?","M","$","M","R","E"],"build_version":"2018-08-09","purchased_purges":4,"victory":false,"max_hp_per_floor":[75,75,75,75,80,80,80,80,80,80,80,80,80,80,80,80,80,80,80,80,80,56,56,56,56,56,56,56,56,56,56,56,56,56,56,56,56,56,56,56,56],"card_choices":[{"not_picked":["Leap","Cold Snap"],"picked":"Conserve Battery","floor":1},{"not_picked":["Beam Cell","Stack"],"picked":"Conserve Battery","floor":3},{"not_picked":["Scrape","Doom and Gloom"],"picked":"Streamline","floor":7},{"not_picked":["Streamline","Aggregate"],"picked":"Glacier","floor":10},{"not_picked":["Rip and Tear","Compile Driver"],"picked":"Streamline","floor":13},{"not_picked":["Conserve Battery","Storm","Beam Cell"],"picked":"SKIP","floor":14},{"not_picked":["Creative AI","Biased Cognition"],"picked":"Echo Form","floor":16},{"not_picked":["Coolheaded+1","Barrage","Reprogram+1"],"picked":"SKIP","floor":18},{"not_picked":["Barrage+1","Ball Lightning+1","Reinforced Body"],"picked":"SKIP","floor":23},{"not_picked":["Genetic Algorithm","Gash+1","Sunder"],"picked":"SKIP","floor":25},{"not_picked":["Doom and Gloom","Scrape","Hologram"],"picked":"SKIP","floor":27},{"not_picked":["Echo Form","Hologram"],"picked":"Conserve Battery","floor":29},{"not_picked":["Ball Lightning","Turbo","Rip and Tear+1"],"picked":"SKIP","floor":30},{"not_picked":["Stack","Conserve Battery","Go for the Eyes"],"picked":"SKIP","floor":31},{"not_picked":["Fission","Reboot"],"picked":"Machine Learning","floor":33},{"not_picked":["Static Discharge+1","Beam Cell","Sweeping Beam"],"picked":"SKIP","floor":35},{"not_picked":["Lockon","Rip and Tear"],"picked":"Melter+1","floor":37},{"not_picked":["Leap+1","Beam Cell+1","Stack"],"picked":"SKIP","floor":39}],"player_experience":366598,"relics_obtained":[{"floor":7,"key":"MawBank"},{"floor":9,"key":"Whetstone"},{"floor":14,"key":"Sundial"},{"floor":23,"key":"Boot"},{"floor":26,"key":"Gambling Chip"}],"event_choices":[{"event_name":"Scrap Ooze","player_choice":"success","floor":2,"damage_taken":3},{"event_name":"Big Fish","player_choice":"Donut","floor":5,"damage_taken":0},{"event_name":"The Cleric","player_choice":"Card Removal","floor":11,"damage_taken":0},{"event_name":"Beggar","player_choice":"Gave Gold","floor":19,"damage_taken":0},{"event_name":"Accursed Blacksmith","player_choice":"Forge","floor":21,"damage_taken":0},{"event_name":"Vampires","player_choice":"Became a vampire","floor":22,"damage_taken":0},{"event_name":"Transmorgrifier","player_choice":"Transform","floor":36,"damage_taken":0}],"is_beta":false,"boss_relics":[{"not_picked":["Fusion Hammer","Runic Dome"],"picked":"Lizard Tail"},{"not_picked":["Orrery","Pandora\u0027s Box"],"picked":"Astrolabe"}],"items_purged_floors":[4,12,20,38],"is_endless":false,"potions_floor_spawned":[7,10,13,14,25,29,33,39],"killed_by":"Giant Head","ascension_level":5}