{"gold_per_floor":[115,115,65,65,140,140,140,140,140,140,160,183,221,235,235,235],"floor_reached":16,"playtime":555,"items_purged":[],"score":142,"play_id":"66ca7b68-6821-402d-822f-029a81a66e22","local_time":"20190610134541","is_ascension_mode":true,"campfire_choices":[{"data":"Survivor","floor":6,"key":"SMITH"},{"data":"Neutralize","floor":8,"key":"SMITH"},{"data":"Defend_G","floor":10,"key":"SMITH"},{"data":"After Image","floor":15,"key":"SMITH"}],"neow_cost":"NONE","seed_source_timestamp":245138298490954,"circlet_count":0,"master_deck":["Defend_G","Defend_G","Defend_G","Defend_G+1","Strike_G","Strike_G","Strike_G","Strike_G","Survivor+1","Neutralize+1","Footwork","Footwork","Slice","After Image+1"],"relics":["Ring of the Snake","Pen Nib","Golden Idol","Sundial","Juzu Bracelet"],"potions_floor_usage":[13,16],"damage_taken":[{"damage":0,"enemies":"Small Slimes","floor":1,"turns":4},{"damage":7,"enemies":"Jaw Worm","floor":11,"turns":6},{"damage":0,"enemies":"2 Louse","floor":12,"turns":4},{"damage":4,"enemies":"Lagavulin","floor":13,"turns":10},{"damage":8,"enemies":"Looter","floor":14,"turns":3},{"damage":37,"enemies":"The Guardian","floor":16,"turns":14}],"seed_played":"766244263982715895","potions_obtained":[{"floor":1,"key":"AttackPotion"},{"floor":14,"key":"SkillPotion"}],"is_trial":false,"path_per_floor":["M","?","?","$","?","R","?","R","T","R","M","M","E","M","R","B"],"character_chosen":"THE_SILENT","items_purchased":[],"campfire_rested":0,"item_purchase_floors":[],"current_hp_per_floor":[63,63,63,63,52,52,52,52,52,52,45,45,41,33,33,0],"gold":235,"neow_bonus":"RANDOM_COMMON_RELIC","is_prod":false,"is_daily":false,"chose_seed":false,"campfire_upgraded":4,"win_rate":0,"timestamp":1560145541,"path_taken":["M","?","?","$","?","R","?","R","T","R","M","M","E","M","R","BOSS"],"build_version":"2019-01-23","purchased_purges":0,"victory":false,"max_hp_per_floor":[70,70,70,70,70,70,65,65,65,65,65,65,65,65,65,65],"card_choices":[{"not_picked":["Reflex","Acrobatics","Sucker Punch"],"picked":"SKIP","floor":1},{"not_picked":["Deadly Poison","Dagger Throw"],"picked":"Footwork","floor":11},{"not_picked":["Catalyst","Dagger Throw"],"picked":"Footwork","floor":12},{"not_picked":["Quick Slash","Masterful Stab"],"picked":"Slice","floor":13},{"not_picked":["Blade Dance","Prepared"],"picked":"After Image","floor":14}],"player_experience":744320,"relics_obtained":[{"floor":9,"key":"Sundial"},{"floor":13,"key":"Juzu Bracelet"}],"event_choices":[{"cards_removed":["Strike_G"],"damage_healed":0,"gold_gain":0,"player_choice":"Forget","damage_taken":0,"max_hp_gain":0,"max_hp_loss":0,"event_name":"Living Wall","floor":2,"gold_loss":0},{"cards_removed":["Defend_G"],"damage_healed":0,"gold_gain":0,"player_choice":"Card Removal","damage_taken":0,"max_hp_gain":0,"max_hp_loss":0,"event_name":"The Cleric","floor":3,"gold_loss":50},{"damage_healed":0,"gold_gain":75,"player_choice":"Gather Gold","damage_taken":11,"max_hp_gain":0,"max_hp_loss":0,"event_name":"World of Goop","floor":5,"gold_loss":0},{"damage_healed":0,"gold_gain":0,"player_choice":"Lose Max HP","damage_taken":0,"relics_obtained":["Golden Idol"],"max_hp_gain":0,"max_hp_loss":5,"event_name":"Golden Idol","floor":7,"gold_loss":0}],"is_beta":false,"boss_relics":[],"items_purged_floors":[],"is_endless":false,"potions_floor_spawned":[1,14],"killed_by":"The Guardian","ascension_level":9}