{"gold_per_floor":[119,119,119,119,144,170,170,95,95,95,114,142,142,153,153,250,250,262,278,289,304,304,304,304],"floor_reached":24,"playtime":1179,"items_purged":["Strike_R"],"score":316,"play_id":"8572f544-c7b4-47e1-9e0f-7f1489546a70","local_time":"20180821192546","is_ascension_mode":true,"campfire_choices":[{"floor":7,"key":"REST"},{"floor":10,"key":"REST"},{"data":"Dark Embrace","floor":13,"key":"SMITH"},{"data":"Spot Weakness","floor":15,"key":"SMITH"},{"data":"Flame Barrier","floor":23,"key":"SMITH"}],"neow_cost":"","seed_source_timestamp":6727556510419,"circlet_count":0,"master_deck":["Strike_R+1","Strike_R+1","Strike_R+1","Defend_R+1","Defend_R+1","Defend_R+1","Defend_R+1","Bash+1","AscendersBane","Cleave","Dark Embrace+1","Spot Weakness+1","Immolate","Flame Barrier+1","Fire Breathing+1","Flame Barrier"],"relics":["Black Blood","Orichalcum","Regal Pillow","Bronze Scales","Gremlin Horn"],"potions_floor_usage":[16,16],"damage_taken":[{"damage":5,"enemies":"2 Louse","floor":1,"turns":4},{"damage":54,"enemies":"3 Sentries","floor":6,"turns":14},{"damage":0,"enemies":"Cultist","floor":11,"turns":3},{"damage":20,"enemies":"Gremlin Nob","floor":12,"turns":4},{"damage":8,"enemies":"Small Slimes","floor":14,"turns":3},{"damage":55,"enemies":"The Guardian","floor":16,"turns":13},{"damage":14,"enemies":"Chosen","floor":18,"turns":5},{"damage":30,"enemies":"Shell Parasite","floor":19,"turns":7},{"damage":27,"enemies":"Sentry and Sphere","floor":20,"turns":5},{"damage":14,"enemies":"Snecko","floor":21,"turns":6},{"damage":21,"enemies":"Slavers","floor":24,"turns":1}],"seed_played":"3680483936543564580","potions_obtained":[{"floor":6,"key":"AttackPotion"},{"floor":14,"key":"Energy Potion"},{"floor":18,"key":"SpeedPotion"},{"floor":20,"key":"Dexterity Potion"}],"is_trial":false,"path_per_floor":["M","?","?","?","T","E","R","$","T","R","M","E","R","M","R","B",null,"M","M","M","M","?","R"],"character_chosen":"IRONCLAD","items_purchased":[],"campfire_rested":2,"item_purchase_floors":[],"current_hp_per_floor":[73,73,57,57,57,9,48,48,48,80,80,66,66,64,64,15,64,60,40,23,19,19,19,0],"gold":304,"neow_bonus":"","is_prod":false,"is_daily":false,"chose_seed":false,"campfire_upgraded":3,"win_rate":0,"timestamp":1534850746,"path_taken":["M","?","?","?","?","E","R","$","T","R","?","E","R","?","R","BOSS","M","M","M","M","?","R","E"],"build_version":"2018-08-16","purchased_purges":1,"victory":false,"max_hp_per_floor":[80,80,80,80,80,80,80,80,80,80,80,80,80,80,80,80,80,80,80,80,80,80,80,80],"card_choices":[{"not_picked":["Sword Boomerang","Iron Wave","Heavy Blade"],"picked":"SKIP","floor":1},{"not_picked":["Twin Strike","Feel No Pain"],"picked":"Cleave","floor":6},{"not_picked":["Flex","Warcry","Iron Wave"],"picked":"SKIP","floor":11},{"not_picked":["Second Wind","Battle Trance"],"picked":"Dark Embrace","floor":12},{"not_picked":["Fire Breathing","Battle Trance"],"picked":"Spot Weakness","floor":14},{"not_picked":["Berserk","Double Tap"],"picked":"Immolate","floor":16},{"not_picked":["Pummel","Armaments"],"picked":"Flame Barrier","floor":18},{"not_picked":["Twin Strike","Clothesline+1"],"picked":"Fire Breathing+1","floor":19},{"not_picked":["Twin Strike","Thunderclap+1"],"picked":"Flame Barrier","floor":20},{"not_picked":["Wild Strike","Warcry","Clash"],"picked":"SKIP","floor":21}],"player_experience":493433,"relics_obtained":[{"floor":5,"key":"Orichalcum"},{"floor":6,"key":"Regal Pillow"},{"floor":9,"key":"Bronze Scales"},{"floor":12,"key":"Gremlin Horn"}],"event_choices":[{"event_name":"Upgrade Shrine","player_choice":"Upgraded","floor":2,"damage_taken":0},{"event_name":"Shining Light","player_choice":"Entered Light","floor":3,"damage_taken":0},{"event_name":"Living Wall","player_choice":"Forget","floor":4,"damage_taken":0},{"event_name":"Back to Basics","player_choice":"Simplicity","floor":22,"damage_taken":0}],"is_beta":false,"boss_relics":[{"not_picked":["Lizard Tail","Runic Pyramid"],"picked":"Black Blood"}],"items_purged_floors":[8],"is_endless":false,"potions_floor_spawned":[6,14,18,20],"killed_by":"Slavers","ascension_level":11}