{"path_per_floor":["M","?","$","?","$","R","M","M","T","M","M","M","R","E","R","B",null,"M","$","M","?","M","R","M","R","T","?","R","?","R","M","R","B",null,"M","?","$","M","?","R","M","$","T","M","?","M","$","M","R","B"],"character_chosen":"THE_SILENT","items_purchased":["Footwork","Well Laid Plans","Caltrops"],"gold_per_floor":[116,116,41,41,41,41,55,67,67,81,96,107,107,134,134,237,237,254,77,88,88,104,104,119,119,119,119,119,119,119,135,135,232,232,247,247,42,55,55,55,65,65,90,108,108,127,46,62,62,62],"floor_reached":51,"campfire_rested":4,"playtime":4306,"current_hp_per_floor":[69,55,55,55,55,55,55,54,54,53,47,46,46,41,70,50,70,70,70,68,68,27,27,26,62,62,62,62,62,62,61,61,41,70,19,19,19,19,19,55,42,42,44,38,57,50,50,33,70,51],"items_purged":["Strike_G","Defend_G","Defend_G"],"gold":62,"score":494,"play_id":"4e7bf66c-929a-4d4a-9ab1-3f3beeb81cc0","is_prod":false,"is_daily":false,"is_ascension_mode":true,"campfire_upgraded":6,"path_taken":["M","?","$","?","?","R","M","M","T","M","M","M","R","E","R","BOSS","M","$","M","?","M","R","M","R","T","?","R","?","R","M","R","BOSS","M","?","$","M","?","R","M","$","T","M","?","M","?","M","R","BOSS"],"build_version":"2018-02-15-PROD1","purchased_purges":3,"victory":true,"master_deck":["Defend_G+1","Defend_G","Defend_G","Strike_G+1","Survivor","Neutralize+1","Flechettes","Deflect","Backflip+1","Footwork+1","Bouncing Flask+1","Adrenaline","Terror+1","Malaise+1","Bouncing Flask+1","Backflip+1","Footwork+1","Acrobatics","Backflip+1","Adrenaline","Well Laid Plans","Dodge and Roll+1","Outmaneuver+1","Writhe","Deadly Poison+1","Caltrops","Calculated Gamble+1"],"max_hp_per_floor":[70,70,70,70,70,70,70,70,70,70,70,70,70,70,70,70,70,70,70,70,70,70,70,70,70,70,70,70,70,70,70,70,70,70,70,70,70,70,70,70,70,70,72,74,74,74,74,74,74,74],"relics":["Ring of the Snake","Juzu Bracelet","Regal Pillow","Prayer Wheel","Astrolabe","Ice Cream","Velvet Choker","Singing Bowl"],"card_choices":[{"not_picked":["Cloak And Dagger","Reflex"],"picked":"Flechettes"},{"not_picked":["Deadly Poison","Skewer"],"picked":"Deflect"},{"not_picked":["Deadly Poison","Flechettes"],"picked":"Backflip"},{"not_picked":["A Thousand Cuts","Accuracy"],"picked":"Footwork"},{"not_picked":["Bane","Dodge and Roll"],"picked":"Bouncing Flask"},{"not_picked":["Venomology","A Thousand Cuts"],"picked":"Adrenaline"},{"not_picked":["Prepared","Dodge and Roll"],"picked":"Backflip"},{"not_picked":["Dagger Spray","Poisoned Stab"],"picked":"Backflip"},{"not_picked":["Deflect","Dodge and Roll"],"picked":"Adrenaline"},{"not_picked":["Tactician","Phantasmal Killer"],"picked":"Die Die Die"},{"not_picked":["Dagger Throw","Distraction"],"picked":"Dodge and Roll"},{"not_picked":["Terror","Backflip"],"picked":"Outmaneuver"},{"not_picked":["Riddle With Holes","Deflect"],"picked":"Deadly Poison"},{"not_picked":["Caltrops","Night Terror"],"picked":"Calculated Gamble"}],"player_experience":134993,"potions_floor_usage":[22,50,50],"damage_taken":[{"damage":1,"enemies":"Jaw Worm","floor":1,"turns":3},{"damage":0,"enemies":"Small Slimes","floor":7,"turns":4},{"damage":1,"enemies":"2 Louse","floor":8,"turns":2},{"damage":1,"enemies":"Blue Slaver","floor":10,"turns":3},{"damage":6,"enemies":"Lots of Slimes","floor":11,"turns":4},{"damage":1,"enemies":"Exordium Wildlife","floor":12,"turns":4},{"damage":5,"enemies":"Lagavulin","floor":14,"turns":11},{"damage":20,"enemies":"Hexaghost","floor":16,"turns":10},{"damage":0,"enemies":"Chosen","floor":18,"turns":4},{"damage":2,"enemies":"Spheric Guardian","floor":20,"turns":4},{"damage":41,"enemies":"3 Cultists","floor":22,"turns":9},{"damage":1,"enemies":"Snake Plant","floor":24,"turns":4},{"damage":1,"enemies":"Centurion and Healer","floor":31,"turns":8},{"damage":20,"enemies":"Automaton","floor":33,"turns":13},{"damage":51,"enemies":"3 Darklings","floor":35,"turns":5},{"damage":0,"enemies":"3 Shapes","floor":38,"turns":4},{"damage":13,"enemies":"3 Darklings","floor":41,"turns":6},{"damage":8,"enemies":"Maw","floor":44,"turns":8},{"damage":7,"enemies":"4 Shapes","floor":46,"turns":7},{"damage":17,"enemies":"3 Darklings","floor":48,"turns":6},{"damage":19,"enemies":"Time Eater","floor":50,"turns":14}],"event_choices":[{"event_name":"Shining Light","player_choice":"Entered Light","floor":2,"damage_taken":0},{"event_name":"Liars Game","player_choice":"disagreed","floor":4,"damage_taken":0},{"event_name":"The Library","player_choice":"Read","floor":21,"damage_taken":0},{"event_name":"The Mausoleum","player_choice":"No","floor":27,"damage_taken":0},{"event_name":"Drug Dealer","player_choice":"Ignored","floor":29,"damage_taken":0},{"event_name":"Accursed Blacksmith","player_choice":"Ignore","floor":36,"damage_taken":0},{"event_name":"Winding Halls","player_choice":"Writhe","floor":45,"damage_taken":0}],"boss_relics":[{"not_picked":["Tiny House","Philosopher\u0027s Stone"],"picked":"Astrolabe"},{"not_picked":["Question Card","White Beast Statue"],"picked":"Velvet Choker"}],"potions_floor_spawned":[1,7,8,14,20,38,48],"seed_played":"-5402768059043316372","ascension_level":2,"is_trial":false}