{"gold_per_floor":[163,175,52,67,85,85,2,2,2,0,31,47,72,104,116,128],"floor_reached":16,"playtime":753,"items_purged":["Strike_B"],"score":129,"play_id":"8ed8906e-541c-4da5-83ae-eeb1b476a327","local_time":"20190612214225","is_ascension_mode":true,"campfire_choices":[{"data":"Beam Cell","floor":6,"key":"SMITH"},{"data":"Coolheaded","floor":8,"key":"SMITH"},{"floor":15,"key":"REST"}],"neow_cost":"NONE","seed_source_timestamp":3894068628234,"circlet_count":0,"master_deck":["Strike_B","Strike_B+1","Strike_B","Defend_B","Defend_B","Defend_B","Defend_B","Zap","Dualcast","Gash","Coolheaded+1","Beam Cell+1","Turbo","Purity","Machine Learning","Turbo","FTL","BootSequence"],"relics":["Tiny House","Dodecahedron","The Courier","MawBank"],"potions_floor_usage":[11,13,16],"damage_taken":[{"damage":2,"enemies":"Small Slimes","floor":1,"turns":3},{"damage":2,"enemies":"Jaw Worm","floor":2,"turns":3},{"damage":0,"enemies":"2 Louse","floor":4,"turns":3},{"damage":16,"enemies":"Large Slime","floor":5,"turns":6},{"damage":16,"enemies":"Gremlin Nob","floor":11,"turns":4},{"damage":5,"enemies":"Looter","floor":12,"turns":3},{"damage":27,"enemies":"Lagavulin","floor":13,"turns":7},{"damage":13,"enemies":"Red Slaver","floor":14,"turns":3},{"damage":39,"enemies":"The Guardian","floor":16,"turns":6}],"seed_played":"9209625443890521736","potions_obtained":[{"floor":0,"key":"Fire Potion"},{"floor":4,"key":"FearPotion"},{"floor":5,"key":"SmokeBomb"},{"floor":12,"key":"Regen Potion"},{"floor":14,"key":"Block Potion"}],"is_trial":false,"path_per_floor":["M","M","$","M","M","R","$","R","T","?","E","M","E","M","R","B"],"character_chosen":"DEFECT","items_purchased":["Turbo","Purity"],"campfire_rested":1,"item_purchase_floors":[3,7],"current_hp_per_floor":[78,76,76,76,60,60,60,60,60,60,44,39,27,14,38,0],"gold":128,"neow_bonus":"BOSS_RELIC","is_prod":false,"is_daily":false,"chose_seed":false,"campfire_upgraded":2,"win_rate":0,"timestamp":1560390145,"path_taken":["M","M","$","M","M","R","$","R","T","?","E","M","E","M","R","BOSS"],"build_version":"2019-01-23","purchased_purges":1,"victory":false,"max_hp_per_floor":[80,80,80,80,80,80,80,80,80,80,80,80,80,80,80,80],"card_choices":[{"not_picked":["Stack","Compile Driver"],"picked":"Gash","floor":0},{"not_picked":["Cold Snap","Loop"],"picked":"Coolheaded","floor":1},{"not_picked":["Turbo","Double Energy"],"picked":"Beam Cell","floor":2},{"not_picked":["Reinforced Body","Heatsinks","Ball Lightning"],"picked":"SKIP","floor":4},{"not_picked":["Hologram","Doom and Gloom","Static Discharge"],"picked":"SKIP","floor":5},{"not_picked":["Rip and Tear","Cold Snap"],"picked":"Machine Learning","floor":11},{"not_picked":["Capacitor","Barrage"],"picked":"Turbo","floor":12},{"not_picked":["Cold Snap","Fusion"],"picked":"FTL","floor":13},{"not_picked":["Genetic Algorithm","Ball Lightning"],"picked":"BootSequence","floor":14}],"player_experience":395491,"relics_obtained":[{"floor":9,"key":"Dodecahedron"},{"floor":11,"key":"The Courier"},{"floor":13,"key":"MawBank"}],"event_choices":[{"damage_healed":0,"gold_gain":0,"player_choice":"Left Gold","damage_taken":0,"max_hp_gain":0,"max_hp_loss":0,"event_name":"World of Goop","floor":10,"gold_loss":2}],"is_beta":false,"boss_relics":[],"items_purged_floors":[3],"is_endless":false,"potions_floor_spawned":[4,5,12,14],"killed_by":"The Guardian","ascension_level":3}