{"path_per_floor":["M","M","M","M","?","R","M","M","T","M","R","E","?","M","R","B",null,"M","M","?","?","M","R","$","$","T","R","M","M","M","M","R"],"character_chosen":"THE_SILENT","items_purchased":[],"gold_per_floor":[117,127,147,167,167,167,181,192,192,211,211,244,244,263,263,362,362,335,353,353,353,366,366,291,191,271,271,283,299,313,324,324],"floor_reached":33,"campfire_rested":3,"playtime":1879,"current_hp_per_floor":[35,35,35,31,31,52,62,62,62,61,61,37,60,57,57,2,70,54,47,47,70,48,69,69,69,69,69,68,42,35,34,55],"items_purged":["Strike_G","Strike_G"],"gold":324,"score":255,"play_id":"76dc52b7-80c2-46bb-bdaf-cba3e423a1f4","is_prod":false,"is_daily":false,"is_ascension_mode":false,"campfire_upgraded":3,"path_taken":["M","M","M","M","?","R","M","M","T","M","R","E","?","M","R","BOSS","M","M","?","?","M","R","?","$","T","R","M","?","M","M","R","BOSS"],"build_version":"2018-02-15-PROD1","purchased_purges":2,"victory":false,"master_deck":["Defend_G","Defend_G","Defend_G","Defend_G","Strike_G","Strike_G","Survivor","Neutralize","Footwork","Dash+1","Deadly Poison","Catalyst+1","Backstab+1","Dagger Spray","Adrenaline","Dash+1","Deadly Poison","Bane+1"],"max_hp_per_floor":[70,70,70,70,70,70,70,70,70,70,70,70,70,70,70,70,70,70,70,70,70,70,70,70,70,70,70,70,70,70,70,70],"relics":["Ring of the Snake","Torii","Ornamental Fan","The Specimen","Darkstone Periapt"],"card_choices":[{"not_picked":["Quick Slash","Caltrops"],"picked":"Deadly Poison"},{"not_picked":["Caltrops","Malaise"],"picked":"Catalyst"},{"not_picked":["Endless Agony","Wraith Form"],"picked":"Backstab"},{"not_picked":["Dash","Masterful Stab"],"picked":"Dagger Spray"},{"not_picked":["Phantasmal Killer","Tools of the Trade"],"picked":"Adrenaline"},{"not_picked":["Flechettes","Caltrops"],"picked":"Dash"},{"not_picked":["Underhanded Strike","Sucker Punch"],"picked":"Deadly Poison"},{"not_picked":["Blur","Prepared"],"picked":"Bane"}],"player_experience":75688,"potions_floor_usage":[7,16,16,29,31,33,33],"damage_taken":[{"damage":0,"enemies":"Small Slimes","floor":1,"turns":4},{"damage":0,"enemies":"2 Louse","floor":2,"turns":3},{"damage":0,"enemies":"Cultist","floor":3,"turns":3},{"damage":4,"enemies":"Looter","floor":4,"turns":3},{"damage":2,"enemies":"Exordium Thugs","floor":7,"turns":8},{"damage":0,"enemies":"Exordium Wildlife","floor":8,"turns":4},{"damage":1,"enemies":"2 Fungi Beasts","floor":10,"turns":4},{"damage":24,"enemies":"Gremlin Nob","floor":12,"turns":4},{"damage":3,"enemies":"Gremlin Gang","floor":14,"turns":5},{"damage":55,"enemies":"Slime Boss","floor":16,"turns":16},{"damage":16,"enemies":"2 Thieves","floor":18,"turns":5},{"damage":7,"enemies":"3 Byrds","floor":19,"turns":6},{"damage":22,"enemies":"Snake Plant","floor":22,"turns":4},{"damage":1,"enemies":"3 Cultists","floor":28,"turns":5},{"damage":29,"enemies":"Sentry and Sphere","floor":29,"turns":6},{"damage":7,"enemies":"Slaver and Parasite","floor":30,"turns":5},{"damage":1,"enemies":"Snecko","floor":31,"turns":4},{"damage":74,"enemies":"Collector","floor":33,"turns":6}],"event_choices":[{"event_name":"Liars Game","player_choice":"disagreed","floor":5,"damage_taken":0},{"event_name":"Big Fish","player_choice":"Banana","floor":13,"damage_taken":0},{"event_name":"Cursed Tome","player_choice":"Ignored","floor":20,"damage_taken":0},{"event_name":"The Library","player_choice":"Heal","floor":21,"damage_taken":0}],"boss_relics":[{"not_picked":["Astrolabe","Ectoplasm"],"picked":"The Specimen"}],"potions_floor_spawned":[1,3,8,16,19,22,28,30],"seed_played":"-29000893687334504","killed_by":"Collector","ascension_level":0,"is_trial":false}