{"gold_per_floor":[116,116,116,128,155,155,185,185,185,185,195,67,101,118,118,214,214,224,238,238,328,347,347,382,382,434,447,460,460,460,495,495,595,595,608,619,443,543,543,543,572,584,659,104,104,119,134,134,134,134],"floor_reached":51,"playtime":5415,"items_purged":["Strike_B","Strike_B"],"score":812,"play_id":"65756a9d-e449-43ea-ace2-cb1f23769b2b","local_time":"20190529181126","is_ascension_mode":true,"campfire_choices":[{"data":"Hologram","floor":6.0,"key":"SMITH"},{"data":"Defend_B","floor":8.0,"key":"SMITH"},{"data":"Defend_B","floor":10.0,"key":"SMITH"},{"data":"Beam Cell","floor":15.0,"key":"SMITH"},{"data":"Sweeping Beam","floor":23.0,"key":"SMITH"},{"data":"Shame","floor":32,"key":"PURGE"},{"data":"Buffer","floor":40,"key":"SMITH"},{"data":"Loop","floor":45,"key":"SMITH"},{"floor":49,"key":"REST"}],"neow_cost":"NONE","seed_source_timestamp":0,"circlet_count":0,"master_deck":["Defend_B+1","Defend_B+1","Defend_B+1","Defend_B","Zap","Dualcast+1","Gash","Hologram+1","Chill","Sweeping Beam+1","Self Repair","Beam Cell+1","Buffer+1","Cold Snap+1","Chill","FTL+1","Redo+1","Machine Learning","FTL","Loop+1","Gash","Finesse","Glacier"],"special_seed":0,"relics":["Cracked Core","NeowsBlessing","DataDisk","War Paint","Orichalcum","Vajra","Shuriken","Inserter","Bag of Preparation","Peace Pipe","Omamori","Mercury Hourglass","Cables","Cursed Key","Du-Vu Doll","Dream Catcher","Letter Opener","Strawberry","TheAbacus"],"potions_floor_usage":[50],"damage_taken":[{"damage":0.0,"enemies":"Small Slimes","floor":1.0,"turns":1.0},{"damage":0.0,"enemies":"Jaw Worm","floor":4.0,"turns":1.0},{"damage":0.0,"enemies":"Lagavulin","floor":7.0,"turns":1.0},{"damage":0.0,"enemies":"Cultist","floor":11.0,"turns":2.0},{"damage":1.0,"enemies":"3 Sentries","floor":13.0,"turns":8.0},{"damage":0.0,"enemies":"Looter","floor":14.0,"turns":2.0},{"damage":2.0,"enemies":"Slime Boss","floor":16.0,"turns":8.0},{"damage":0.0,"enemies":"Chosen","floor":18.0,"turns":5.0},{"damage":2.0,"enemies":"Shell Parasite","floor":19.0,"turns":5.0},{"damage":4.0,"enemies":"3 Cultists","floor":22.0,"turns":6.0},{"damage":29.0,"enemies":"Book of Stabbing","floor":24.0,"turns":7.0},{"damage":10.0,"enemies":"Shelled Parasite and Fungi","floor":27.0,"turns":6.0},{"damage":2,"enemies":"Chosen and Byrds","floor":28,"turns":5},{"damage":0,"enemies":"Gremlin Leader","floor":31,"turns":7},{"damage":0,"enemies":"Automaton","floor":33,"turns":10},{"damage":0,"enemies":"Orb Walker","floor":35,"turns":3},{"damage":2,"enemies":"3 Darklings","floor":36,"turns":4},{"damage":0,"enemies":"Mind Bloom Boss Battle","floor":38,"turns":4},{"damage":39,"enemies":"Nemesis","floor":41,"turns":6},{"damage":0,"enemies":"Jaw Worm Horde","floor":42,"turns":4},{"damage":0,"enemies":"Sphere and 2 Shapes","floor":46,"turns":5},{"damage":0,"enemies":"Transient","floor":47,"turns":5},{"damage":12,"enemies":"Donu and Deca","floor":50,"turns":11}],"seed_played":"-4680313810508187455","potions_obtained":[{"floor":4.0,"key":"SkillPotion"},{"floor":7.0,"key":"Energy Potion"},{"floor":11.0,"key":"Regen Potion"},{"floor":24.0,"key":"Fire Potion"},{"floor":30,"key":"Explosive Potion"},{"floor":42,"key":"AttackPotion"}],"is_trial":false,"path_per_floor":["M","?","?","M","T","R","E","R","T","R","M","$","E","M","R","B",null,"M","M","?","?","M","R","E","?","T","M","M","?","?","E","R","B",null,"M","M","$","?","?","R","E","M","T","$","R","M","M","$","R","B",null],"character_chosen":"DEFECT","items_purchased":["Sweeping Beam","Loop","Gash","Finesse","Strawberry","Glacier","TheAbacus"],"campfire_rested":1,"item_purchase_floors":[12,37,44,44,44,44,44],"current_hp_per_floor":[75,68,50,50,50,50,50,50,50,50,50,50,49,56,56,61,75,75,73,73,59,62,62,40,40,40,37,35,35,35,42,42,49,75,75,73,73,75,75,75,43,50,50,57,57,64,71,71,82,77],"gold":134,"neow_bonus":"THREE_ENEMY_KILL","is_prod":false,"is_daily":false,"chose_seed":false,"campfire_upgraded":7,"win_rate":0,"timestamp":1559167886,"path_taken":["M","?","?","M","?","R","E","R","T","R","M","$","E","M","R","BOSS","M","M","?","?","?","R","E","?","T","M","M","?","?","E","R","BOSS","M","M","?","?","?","R","E","M","T","$","R","M","M","?","R","BOSS"],"build_version":"2019-01-23","purchased_purges":2,"victory":true,"max_hp_per_floor":[75,75,75,75,75,75,75,75,75,75,75,75,75,75,75,75,75,75,75,75,75,75,75,75,75,75,75,75,75,75,75,75,75,75,75,75,75,75,75,75,75,75,75,82,82,82,82,82,82,82],"card_choices":[{"not_picked":["Tempest","Self Repair"],"picked":"Gash","floor":1.0},{"not_picked":["Ball Lightning","White Noise"],"picked":"Hologram","floor":4.0},{"not_picked":["Steam","Leap"],"picked":"Chill","floor":7.0},{"not_picked":["Leap","Compile Driver","Barrage"],"picked":"SKIP","floor":11.0},{"not_picked":["Thunder Strike","Lockon"],"picked":"Self Repair","floor":13.0},{"not_picked":["Sweeping Beam","Leap"],"picked":"Beam Cell","floor":14.0},{"not_picked":["Multi-Cast","Hyperbeam"],"picked":"Buffer","floor":16.0},{"not_picked":["White Noise","Rip and Tear+1","Beam Cell"],"picked":"SKIP","floor":18.0},{"not_picked":["Leap","Compile Driver"],"picked":"Cold Snap+1","floor":19.0},{"not_picked":["Conserve Battery","Sweeping Beam","Redo"],"picked":"SKIP","floor":22.0},{"not_picked":["Rainbow","Double Energy"],"picked":"Chill","floor":24.0},{"not_picked":["Go for the Eyes","Stack+1"],"picked":"FTL+1","floor":27},{"not_picked":["Static Discharge","Auto Shields"],"picked":"Redo+1","floor":28},{"not_picked":["Compile Driver+1","Aggregate","Meteor Strike"],"picked":"SKIP","floor":31},{"not_picked":["Meteor Strike","Hyperbeam"],"picked":"Machine Learning","floor":33},{"not_picked":["Ball Lightning","Barrage+1","Compile Driver"],"picked":"SKIP","floor":35},{"not_picked":["Conserve Battery+1","Compile Driver+1"],"picked":"FTL","floor":36},{"not_picked":["Redo+1","Sunder","Skim"],"picked":"SKIP","floor":41},{"not_picked":["Coolheaded","Skim+1","Rebound"],"picked":"SKIP","floor":42},{"not_picked":["Stack","Undo","Go for the Eyes"],"picked":"SKIP","floor":46},{"not_picked":["Coolheaded","Hologram","Tempest"],"picked":"SKIP","floor":47}],"player_experience":643598,"relics_obtained":[{"floor":5.0,"key":"War Paint"},{"floor":7.0,"key":"Orichalcum"},{"floor":9.0,"key":"Vajra"},{"floor":13.0,"key":"Shuriken"},{"floor":24.0,"key":"Peace Pipe"},{"floor":26.0,"key":"Omamori"},{"floor":31,"key":"Cables"},{"floor":38,"key":"Du-Vu Doll"},{"floor":41,"key":"Dream Catcher"},{"floor":43,"key":"Letter Opener"}],"event_choices":[{"cards_removed":["Strike_B"],"damage_healed":0.0,"max_hp_gain":0.0,"max_hp_loss":0.0,"gold_gain":0.0,"event_name":"Golden Wing","player_choice":"Card Removal","floor":2.0,"gold_loss":0.0,"damage_taken":7.0},{"damage_healed":0.0,"max_hp_gain":0.0,"max_hp_loss":0.0,"gold_gain":0.0,"event_name":"Scrap Ooze","player_choice":"Success","floor":3.0,"gold_loss":0.0,"damage_taken":18.0,"relics_obtained":["DataDisk"]},{"damage_healed":0.0,"max_hp_gain":0.0,"max_hp_loss":0.0,"gold_gain":0.0,"event_name":"Addict","player_choice":"Stole Relic","floor":20.0,"gold_loss":0.0,"damage_taken":0.0,"relics_obtained":["Bag of Preparation"],"cards_obtained":["Shame"]},{"damage_healed":0.0,"max_hp_gain":0.0,"max_hp_loss":0.0,"gold_gain":90.0,"event_name":"Knowing Skull","player_choice":"GOLD ","floor":21.0,"potions_obtained":[],"gold_loss":0.0,"damage_taken":14.0,"cards_obtained":[]},{"cards_removed":["Strike_B"],"damage_healed":0.0,"max_hp_gain":0.0,"max_hp_loss":0.0,"gold_gain":0.0,"event_name":"Back to Basics","player_choice":"Elegance","floor":25.0,"gold_loss":0.0,"damage_taken":0.0},{"damage_healed":0,"gold_gain":0,"player_choice":"Opened","damage_taken":0,"relics_obtained":["Mercury Hourglass"],"max_hp_gain":0,"max_hp_loss":0,"event_name":"The Mausoleum","floor":29,"gold_loss":0},{"damage_healed":0,"gold_gain":0,"player_choice":"Got Potions","damage_taken":0,"max_hp_gain":0,"max_hp_loss":0,"event_name":"Lab","floor":30,"gold_loss":0},{"damage_healed":0,"gold_gain":0,"player_choice":"Fight","damage_taken":0,"max_hp_gain":0,"max_hp_loss":0,"event_name":"MindBloom","floor":38,"gold_loss":0},{"damage_healed":0,"gold_gain":0,"player_choice":"Ignored","damage_taken":0,"max_hp_gain":0,"max_hp_loss":0,"event_name":"Tomb of Lord Red Mask","floor":39,"gold_loss":0}],"is_beta":false,"boss_relics":[{"not_picked":["Orrery","Eternal Feather"],"picked":"Inserter"},{"not_picked":["Calling Bell","Black Star"],"picked":"Cursed Key"}],"items_purged_floors":[12,37],"is_endless":false,"potions_floor_spawned":[4,7,11,24,28,33,41,42,46],"ascension_level":1}