{"gold_per_floor":[112,127,140,65,65,94,94,94,175,188,204,220,238,251,251,347,347,366,384,354,354,354,354,4,20,20,119,119,119,133,146,146,247,297,311,359,359],"floor_reached":37,"playtime":1620,"items_purged":["Strike_B","Strike_B"],"score":398,"play_id":"947b745d-7707-4014-9593-bf1d3cb2d90c","local_time":"20180816214817","is_ascension_mode":false,"campfire_choices":[{"data":"Dualcast","floor":7,"key":"SMITH"},{"floor":15,"key":"REST"},{"data":"Defragment","floor":23,"key":"SMITH"},{"data":"Biased Cognition","floor":29,"key":"SMITH"},{"floor":32,"key":"REST"}],"neow_cost":"NONE","seed_source_timestamp":49029004280489,"circlet_count":0,"master_deck":["Strike_B","Strike_B","Defend_B","Defend_B","Defend_B","Defend_B","Zap","Dualcast+1","Defragment+1","Gash","Leap","Defragment+1","Biased Cognition+1","Coolheaded","Gash","Machine Learning+1","Gash","BootSequence","Compile Driver","Biased Cognition","Sunder+1","Gash+1","Echo Form","Gash+1","Go for the Eyes+1"],"relics":["Cracked Core","Pen Nib","Strawberry","Cables","Orrery","Question Card","Shovel","Tiny House","Gambling Chip"],"potions_floor_usage":[6,13,13,16,16,25,30,31,31,31,33,36,37,37],"damage_taken":[{"damage":1,"enemies":"Cultist","floor":1,"turns":3},{"damage":1,"enemies":"2 Louse","floor":2,"turns":2},{"damage":3,"enemies":"Jaw Worm","floor":3,"turns":3},{"damage":44,"enemies":"3 Sentries","floor":6,"turns":9},{"damage":1,"enemies":"2 Fungi Beasts","floor":10,"turns":3},{"damage":8,"enemies":"Red Slaver","floor":11,"turns":3},{"damage":9,"enemies":"Large Slime","floor":12,"turns":5},{"damage":0,"enemies":"Lots of Slimes","floor":13,"turns":3},{"damage":0,"enemies":"Blue Slaver","floor":14,"turns":3},{"damage":11,"enemies":"Slime Boss","floor":16,"turns":10},{"damage":0,"enemies":"Chosen","floor":18,"turns":4},{"damage":8,"enemies":"Shell Parasite","floor":19,"turns":5},{"damage":15,"enemies":"Snecko","floor":25,"turns":4},{"damage":7,"enemies":"Centurion and Healer","floor":30,"turns":5},{"damage":21,"enemies":"Snake Plant","floor":31,"turns":4},{"damage":25,"enemies":"Champ","floor":33,"turns":9},{"damage":15,"enemies":"Orb Walker","floor":35,"turns":5},{"damage":43,"floor":36,"turns":5},{"damage":33,"enemies":"3 Darklings","floor":37,"turns":4}],"seed_played":"-7279294454779971838","potions_obtained":[{"floor":1,"key":"Weak Potion"},{"floor":2,"key":"SkillPotion"},{"floor":11,"key":"Energy Potion"},{"floor":12,"key":"EssenceOfSteel"},{"floor":13,"key":"Explosive Potion"},{"floor":16,"key":"PowerPotion"},{"floor":20,"key":"Weak Potion"},{"floor":20,"key":"EntropicBrew"},{"floor":25,"key":"SkillPotion"},{"floor":31,"key":"GamblersBrew"},{"floor":34,"key":"Ancient Potion"}],"is_trial":false,"path_per_floor":["M","M","M","$","$","E","R","$","T","M","M","M","M","M","R","B",null,"M","M","?","?","?","R","$","M","T","?","$","R","M","M","R","B",null,"M","?"],"character_chosen":"DEFECT","items_purchased":["Question Card"],"campfire_rested":2,"item_purchase_floors":[24],"current_hp_per_floor":[74,73,70,70,70,33,33,33,33,32,24,15,15,15,39,28,82,82,74,74,74,74,74,74,59,59,59,59,59,52,31,55,30,87,72,29,0],"gold":359,"neow_bonus":"RANDOM_COMMON_RELIC","is_prod":false,"is_daily":false,"chose_seed":false,"campfire_upgraded":3,"win_rate":0,"timestamp":1534427297,"path_taken":["M","M","M","?","$","E","R","$","T","M","M","?","M","M","R","BOSS","M","M","?","?","?","R","$","M","T","?","?","R","M","M","R","BOSS","M","?","M"],"build_version":"2018-08-09","purchased_purges":2,"victory":false,"max_hp_per_floor":[75,75,75,75,75,82,82,82,82,82,82,82,82,82,82,82,82,82,82,82,82,82,82,82,82,82,82,82,82,82,82,82,82,87,87,87,87],"card_choices":[{"not_picked":["Aggregate","Cold Snap"],"picked":"Defragment","floor":1},{"not_picked":["Steam","Streamline"],"picked":"Gash","floor":2},{"not_picked":["Chill","FTL"],"picked":"Leap","floor":3},{"not_picked":["Skim","Undo"],"picked":"Defragment","floor":6},{"not_picked":["Rebound","Beam Cell"],"picked":"Biased Cognition","floor":10},{"not_picked":["Barrage","Streamline"],"picked":"Coolheaded","floor":11},{"not_picked":["Steam Power","Ball Lightning"],"picked":"Gash","floor":12},{"not_picked":["Barrage","Ball Lightning","Cold Snap"],"picked":"SKIP","floor":13},{"not_picked":["Rip and Tear","Cold Snap","Streamline"],"picked":"SKIP","floor":14},{"not_picked":["Electrodynamics","All For One"],"picked":"Machine Learning","floor":16},{"not_picked":["Turbo","Glacier"],"picked":"Gash","floor":17},{"not_picked":["Genetic Algorithm","Barrage"],"picked":"BootSequence","floor":17},{"not_picked":["Reprogram","Steam Power"],"picked":"Compile Driver","floor":17},{"not_picked":["Steam+1","Genetic Algorithm","Reinforced Body+1"],"picked":"SKIP","floor":18},{"not_picked":["Compile Driver","Steam Power"],"picked":"Biased Cognition","floor":19},{"not_picked":["Go for the Eyes","Beam Cell","Reprogram"],"picked":"Sunder+1","floor":25},{"not_picked":["Force Field","Beam Cell+1","Steam"],"picked":"Gash+1","floor":30},{"not_picked":["Stack","Lockon","Leap","Barrage+1"],"picked":"SKIP","floor":31},{"not_picked":["Meteor Strike","Rainbow","Hyperbeam"],"picked":"Echo Form","floor":33},{"not_picked":["Compile Driver","Conserve Battery","Doom and Gloom+1"],"picked":"Gash+1","floor":35},{"not_picked":["Steam+1","Hologram+1","Barrage"],"picked":"Go for the Eyes+1","floor":36}],"player_experience":484215,"relics_obtained":[{"floor":6,"key":"Strawberry"},{"floor":9,"key":"Cables"},{"floor":26,"key":"Shovel"},{"floor":36,"key":"Gambling Chip"}],"event_choices":[{"event_name":"The Woman in Blue","player_choice":"Bought 2 Potions","floor":20,"damage_taken":0},{"event_name":"The Mausoleum","player_choice":"No","floor":21,"damage_taken":0},{"event_name":"Upgrade Shrine","player_choice":"Upgraded","floor":22,"damage_taken":0},{"event_name":"Nest","player_choice":"Stole From Cult","floor":27,"damage_taken":0},{"event_name":"Mysterious Sphere","player_choice":"Fight","floor":36,"damage_taken":0}],"is_beta":false,"boss_relics":[{"not_picked":["Runic Pyramid","White Beast Statue"],"picked":"Orrery"},{"not_picked":["Fusion Hammer","Inserter"],"picked":"Tiny House"}],"items_purged_floors":[4,24],"is_endless":false,"potions_floor_spawned":[1,2,11,12,13,16,25,31],"killed_by":"3 Darklings","ascension_level":0}