{"path_per_floor":["M","$","$","?","?","R","?","M","T","$","M","?","R","M","R","B",null,"M","M","$","?","$","R","M","R","T"],"character_chosen":"DEFECT","items_purchased":["Self Repair","Allocate","Capacitor","Glacier"],"gold_per_floor":[110,72,72,72,72,72,147,161,161,38,54,54,54,69,69,172,172,182,202,202,202,55,55,69,69,369,369],"floor_reached":27,"campfire_rested":0,"playtime":1182,"current_hp_per_floor":[74,74,74,59,59,59,48,47,47,47,54,54,54,51,51,55,75,66,73,73,65,65,65,33,33,33,0],"items_purged":["Dualcast"],"gold":369,"score":229,"play_id":"db043e12-c751-4a37-a313-eca114650a64","local_time":"20180427133556","is_prod":false,"is_daily":false,"chose_seed":false,"is_ascension_mode":true,"campfire_upgraded":5,"timestamp":1524854156,"path_taken":["M","?","$","?","?","R","?","M","T","$","?","?","R","M","R","BOSS","M","M","$","?","?","R","M","R","T","M"],"build_version":"2018-04-26v2","seed_source_timestamp":6145476195405,"purchased_purges":2,"victory":false,"master_deck":["Zap+1","Defragment+1","Self Repair","Reprogram","Coolheaded","Allocate+1","Capacitor","Go for the Eyes","Impulse+1","Machine Learning+1","White Noise","Stack","Beam Cell","Hologram","Genetic Algorithm","Doom and Gloom","Recycle+1","Glacier+1","Cold Snap+1"],"max_hp_per_floor":[75,75,75,75,75,75,75,75,75,75,75,75,75,75,75,75,75,75,75,75,75,75,75,75,75,75,75],"relics":["Cracked Core","Bronze Scales","Pandora\u0027s Box","Old Coin"],"card_choices":[{"not_picked":["Conserve Battery","Cold Snap"],"picked":"Defragment","floor":1},{"not_picked":["Stack","Hello World"],"picked":"Coolheaded","floor":8},{"not_picked":["Hello World","Turbo"],"picked":"Impulse","floor":14},{"not_picked":["Echo Form","Biased Cognition"],"picked":"Machine Learning","floor":16},{"not_picked":["Streamline","Ball Lightning"],"picked":"Recycle","floor":18},{"not_picked":["Impulse","Genetic Algorithm"],"picked":"Cold Snap","floor":24}],"player_experience":54563,"potions_floor_usage":[11,14,16,19,24,27],"damage_taken":[{"damage":1,"enemies":"Cultist","floor":1,"turns":4},{"damage":8,"enemies":"2 Louse","floor":8,"turns":3},{"damage":0,"enemies":"Small Slimes","floor":11,"turns":3},{"damage":22,"enemies":"Exordium Wildlife","floor":14,"turns":5},{"damage":3,"enemies":"The Guardian","floor":16,"turns":8},{"damage":16,"enemies":"3 Byrds","floor":18,"turns":3},{"damage":0,"enemies":"Chosen","floor":19,"turns":5},{"damage":39,"enemies":"Snake Plant","floor":24,"turns":4},{"damage":55,"enemies":"Cultist and Chosen","floor":27,"turns":5}],"event_choices":[{"event_name":"Shining Light","player_choice":"Entered Light","floor":4,"damage_taken":0},{"event_name":"Living Wall","player_choice":"Change","floor":5,"damage_taken":0},{"event_name":"World of Goop","player_choice":"Gather Gold","floor":7,"damage_taken":0},{"event_name":"Transmorgrifier","player_choice":"Transform","floor":12,"damage_taken":0},{"event_name":"Knowing Skull","player_choice":"","floor":21,"damage_taken":0}],"boss_relics":[{"not_picked":["Velvet Choker","Philosopher\u0027s Stone"],"picked":"Pandora\u0027s Box"}],"potions_floor_spawned":[1,11,14,18],"seed_played":"-8099378888385592086","killed_by":"Cultist and Chosen","ascension_level":3,"is_trial":false}