{"gold_per_floor":[113,38,38,38,38,38,48,48,100,100,114,100,18,18,18,120,120,136,0,0,0,0,0,16,16,70,86,38,38,49,49,49,147,147,163,1162,569,569,569,569,569,569,569,14,14,26,26,41,41,41],"floor_reached":51,"playtime":6656,"items_purged":["Strike_G","Normality","Normality"],"score":652,"play_id":"2300fb0d-e1bd-4002-b4ac-587dcbd3f6d0","local_time":"20190123042405","is_ascension_mode":false,"campfire_choices":[{"data":"Acrobatics","floor":6.0,"key":"SMITH"},{"data":"Blur","floor":8.0,"key":"SMITH"},{"data":"Neutralize","floor":10.0,"key":"SMITH"},{"data":"Finesse","floor":15.0,"key":"SMITH"},{"data":"Blur","floor":23,"key":"SMITH"},{"data":"Prepared","floor":25,"key":"SMITH"},{"data":"Deflect","floor":29,"key":"SMITH"},{"floor":32,"key":"REST"},{"data":"Prepared","floor":41,"key":"SMITH"},{"data":"Doppelganger","floor":45,"key":"SMITH"},{"data":"Deflect","floor":47,"key":"SMITH"},{"data":"Madness","floor":49,"key":"SMITH"}],"neow_cost":"NONE","seed_source_timestamp":112435592229200,"circlet_count":0,"master_deck":["Defend_G","Defend_G","Defend_G","Defend_G","Strike_G","Strike_G","Strike_G","Strike_G","Survivor","Neutralize+1","Acrobatics+1","Blur+1","Blur+1","Finesse+1","Adrenaline","Acrobatics","Noxious Fumes+1","Prepared+1","Deflect+1","Deflect+1","Prepared+1","Doppelganger+1","Noxious Fumes+1","Madness","Madness+1","Footwork+1","Footwork+1","PiercingWail+1"],"special_seed":0,"relics":["Ring of the Snake","Frozen Egg 2","Bag of Preparation","Black Star","Boot","White Beast Statue","Pantograph","Toolbox","Dodecahedron","TwistedFunnel","Regal Pillow"],"potions_floor_usage":[33,33,33,50,50],"damage_taken":[{"damage":0.0,"enemies":"Jaw Worm","floor":1.0,"turns":8.0},{"damage":0.0,"enemies":"Small Slimes","floor":7.0,"turns":7.0},{"damage":0.0,"enemies":"2 Louse","floor":11.0,"turns":4.0},{"damage":0.0,"enemies":"Exordium Thugs","floor":12.0,"turns":4.0},{"damage":9.0,"enemies":"The Guardian","floor":16.0,"turns":32.0},{"damage":11.0,"enemies":"Spheric Guardian","floor":18.0,"turns":21.0},{"damage":13,"enemies":"2 Thieves","floor":22,"turns":5},{"damage":0,"enemies":"Centurion and Healer","floor":24,"turns":13},{"damage":16,"enemies":"Sentry and Sphere","floor":27,"turns":9},{"damage":0,"enemies":"Snake Plant","floor":30,"turns":8},{"damage":64,"enemies":"Collector","floor":33,"turns":17},{"damage":11,"enemies":"3 Shapes","floor":35,"turns":5},{"damage":0,"enemies":"Orb Walker","floor":46,"turns":5},{"damage":0,"enemies":"4 Shapes","floor":48,"turns":5},{"damage":0,"enemies":"Awakened One","floor":50,"turns":24}],"seed_played":"2003842778804980101","potions_obtained":[{"floor":11.0,"key":"Regen Potion"},{"floor":18.0,"key":"Fire Potion"},{"floor":24,"key":"SkillPotion"},{"floor":30,"key":"Swift Potion"},{"floor":33,"key":"Energy Potion"},{"floor":35,"key":"Weak Potion"},{"floor":46,"key":"Poison Potion"},{"floor":48,"key":"Swift Potion"}],"is_trial":false,"path_per_floor":["M","$","?","$","?","R","M","R","T","R","M","M","$","?","R","B",null,"M","?","?","$","M","R","M","R","T","M","$","R","M","?","R","B",null,"M","?","$","?","?","?","R","?","T","$","R","M","R","M","R","B",null],"character_chosen":"THE_SILENT","items_purchased":["Finesse","Deflect","Pantograph","Toolbox","Noxious Fumes+1","TwistedFunnel","Regal Pillow","Footwork+1"],"campfire_rested":1,"item_purchase_floors":[13,28,37,37,37,44,44,44],"current_hp_per_floor":[77,77,59,59,64,64,64,64,64,64,64,64,64,64,64,70,82,71,71,71,71,58,58,58,58,58,42,42,42,42,42,66,2,82,71,71,71,71,61,61,61,61,61,61,61,61,61,61,61,82],"gold":41,"neow_bonus":"TEN_PERCENT_HP_BONUS","is_prod":false,"is_daily":false,"chose_seed":false,"campfire_upgraded":11,"win_rate":0.0,"timestamp":1548213845,"path_taken":["M","$","?","$","?","R","M","R","T","R","M","M","$","?","R","BOSS","M","?","?","$","M","R","M","R","T","M","$","R","?","?","R","BOSS","M","?","$","?","?","?","R","?","T","$","R","M","R","M","R","BOSS"],"build_version":"2019-01-17v2","purchased_purges":3,"victory":true,"max_hp_per_floor":[77,77,77,77,82,82,82,82,82,82,82,82,82,82,82,82,82,82,82,82,82,82,82,82,82,82,82,82,82,82,82,82,82,82,82,82,82,82,82,82,82,82,82,82,82,82,82,82,82,82],"card_choices":[{"not_picked":["Blade Dance","Slice"],"picked":"Acrobatics","floor":1.0},{"not_picked":["Finisher","Escape Plan"],"picked":"Blur","floor":7.0},{"not_picked":["Bane","Acrobatics"],"picked":"Quick Slash","floor":11.0},{"not_picked":["Deadly Poison","Dagger Spray"],"picked":"Blur","floor":12.0},{"not_picked":["Burst","Unload"],"picked":"Adrenaline","floor":16.0},{"not_picked":["Endless Agony","Reflex"],"picked":"Acrobatics","floor":18.0},{"not_picked":["PiercingWail","Dagger Spray"],"picked":"Noxious Fumes+1","floor":22},{"not_picked":["Quick Slash","Well Laid Plans+1"],"picked":"Prepared","floor":24},{"not_picked":["Bouncing Flask+1","Slice"],"picked":"Deflect","floor":27},{"not_picked":["Flying Knee","Predator+1"],"picked":"Prepared","floor":30},{"not_picked":["Wraith Form v2+1","Die Die Die"],"picked":"Doppelganger","floor":33},{"not_picked":["Flying Knee+1","Blade Dance","Prepared"],"picked":"SKIP","floor":35},{"not_picked":["Poisoned Stab","Outmaneuver+1"],"picked":"Footwork+1","floor":46},{"not_picked":["Slice+1","Prepared"],"picked":"PiercingWail+1","floor":48}],"player_experience":86270,"relics_obtained":[{"floor":9.0,"key":"Bag of Preparation"},{"floor":26,"key":"Boot"},{"floor":43,"key":"Dodecahedron"}],"event_choices":[{"damage_healed":0.0,"max_hp_gain":0.0,"max_hp_loss":0.0,"gold_gain":0.0,"event_name":"Scrap Ooze","player_choice":"Success","floor":3.0,"gold_loss":0.0,"damage_taken":18.0,"relics_obtained":["Frozen Egg 2"]},{"damage_healed":0.0,"max_hp_gain":5.0,"max_hp_loss":0.0,"gold_gain":0.0,"event_name":"Big Fish","player_choice":"Donut","floor":5.0,"gold_loss":0.0,"damage_taken":0.0},{"damage_healed":0.0,"max_hp_gain":0.0,"max_hp_loss":0.0,"gold_gain":0.0,"event_name":"Liars Game","player_choice":"Ignored","floor":14.0,"gold_loss":0.0,"damage_taken":0.0},{"damage_healed":0,"gold_gain":0,"player_choice":"Paid Fearfully","damage_taken":0,"max_hp_gain":0,"max_hp_loss":0,"event_name":"Masked Bandits","floor":19,"gold_loss":136},{"cards_removed":["Defend_G"],"damage_healed":0,"gold_gain":0,"player_choice":"Offered Basic","damage_taken":0,"max_hp_gain":0,"max_hp_loss":0,"event_name":"Bonfire Elementals","floor":20,"gold_loss":0},{"damage_healed":0,"gold_gain":0,"player_choice":"Ignored","damage_taken":0,"max_hp_gain":0,"max_hp_loss":0,"event_name":"Vampires","floor":31,"gold_loss":0},{"damage_healed":0,"gold_gain":999,"player_choice":"Gold","damage_taken":0,"max_hp_gain":0,"max_hp_loss":0,"event_name":"MindBloom","floor":36,"gold_loss":0,"cards_obtained":["Normality","Normality"]},{"damage_healed":0,"gold_gain":0,"player_choice":"Ignored","damage_taken":0,"max_hp_gain":0,"max_hp_loss":0,"event_name":"Tomb of Lord Red Mask","floor":38,"gold_loss":0},{"damage_healed":0,"gold_gain":0,"player_choice":"Embrace Madness","damage_taken":10,"max_hp_gain":0,"max_hp_loss":0,"event_name":"Winding Halls","floor":39,"gold_loss":0,"cards_obtained":["Madness","Madness"]},{"damage_healed":0,"gold_gain":0,"player_choice":"Ignored","damage_taken":0,"max_hp_gain":0,"max_hp_loss":0,"event_name":"Mysterious Sphere","floor":40,"gold_loss":0},{"cards_removed":["Quick Slash"],"damage_healed":0,"gold_gain":0,"player_choice":"Removed Attack","damage_taken":0,"max_hp_gain":0,"max_hp_loss":0,"event_name":"Falling","floor":42,"gold_loss":0}],"is_beta":false,"boss_relics":[{"not_picked":["Coffee Dripper","Orrery"],"picked":"Black Star"},{"not_picked":["WristBlade","Fusion Hammer"],"picked":"White Beast Statue"}],"items_purged_floors":[2,37,44],"is_endless":false,"potions_floor_spawned":[11,18,24,30,33,35,46,48],"ascension_level":0}