{"gold_per_floor":[117,117,42,59,79,111,111,111,111,143,143,18,45,68,68,170,170,187,147,147,160,160,187,124,136,148,178,190,220,242,254],"floor_reached":31,"playtime":3238,"items_purged":["Strike_B","Defend_B"],"score":323,"play_id":"f0d08aac-48ed-4be9-9c22-f4ea8907e0b4","local_time":"20180721080904","is_ascension_mode":true,"campfire_choices":[{"data":"Zap","floor":8,"key":"SMITH"},{"data":"Turbo","floor":11,"key":"SMITH"},{"floor":15,"key":"REST"},{"data":"Fusion","floor":25,"key":"SMITH"}],"neow_cost":"NONE","seed_source_timestamp":43952304547632,"circlet_count":0,"master_deck":["Strike_B","Strike_B","Defend_B","Defend_B","Zap+1","Dualcast","Cold Snap","Tempest","Hologram","Turbo+1","Cold Snap","Chill+1","Seek","Compile Driver","Aggregate+1","Conserve Battery","Fusion+1","Doom and Gloom","Auto Shields+1","Compile Driver"],"relics":["Inserter","Pantograph","Calipers","Unceasing Top","Anchor","Omamori","Runic Pyramid","MawBank","Cables"],"potions_floor_usage":[23,27],"damage_taken":[{"damage":1,"enemies":"Cultist","floor":1,"turns":4},{"damage":2,"enemies":"Jaw Worm","floor":4,"turns":4},{"damage":8,"enemies":"2 Louse","floor":5,"turns":4},{"damage":10,"enemies":"3 Sentries","floor":6,"turns":10},{"damage":49,"enemies":"Gremlin Nob","floor":10,"turns":6},{"damage":25,"enemies":"Lagavulin","floor":13,"turns":7},{"damage":33,"enemies":"Slime Boss","floor":16,"turns":12},{"damage":5,"enemies":"3 Byrds","floor":18,"turns":6},{"damage":0,"enemies":"Chosen","floor":21,"turns":4},{"damage":70,"enemies":"Slavers","floor":23,"turns":10},{"damage":4,"enemies":"Snake Plant","floor":27,"turns":4},{"damage":4,"enemies":"Slaver and Parasite","floor":29,"turns":6},{"damage":10,"enemies":"Sentry and Sphere","floor":30,"turns":6},{"damage":2,"enemies":"Book of Stabbing","floor":31,"turns":3}],"seed_played":"2264672727887429615","potions_obtained":[{"floor":1,"key":"Strength Potion"},{"floor":4,"key":"Weak Potion"},{"floor":13,"key":"FearPotion"},{"floor":19,"key":"FairyPotion"},{"floor":19,"key":"FairyPotion"},{"floor":23,"key":"Weak Potion"},{"floor":29,"key":"AttackPotion"}],"is_trial":false,"path_per_floor":["M","?","$","M","M","E","?","R","T","E","R","$","E","T","R","B",null,"M","?","?","M","?","E","?","R","T","M","?","M","M"],"character_chosen":"DEFECT","items_purchased":["Cold Snap"],"campfire_rested":1,"item_purchase_floors":[12],"current_hp_per_floor":[74,67,67,65,57,47,85,85,85,36,36,36,11,11,36,28,85,80,80,64,64,64,9,9,9,9,5,5,1,2,0],"gold":254,"neow_bonus":"BOSS_RELIC","is_prod":false,"is_daily":false,"chose_seed":false,"campfire_upgraded":3,"win_rate":0,"timestamp":1532131744,"path_taken":["M","?","$","M","M","E","?","R","T","E","R","?","E","?","R","BOSS","M","?","?","M","?","E","?","R","T","?","?","M","M","E"],"build_version":"2018-07-19v2","purchased_purges":2,"victory":false,"max_hp_per_floor":[75,75,75,75,75,75,85,85,85,85,85,85,85,85,85,85,85,85,85,90,90,90,90,90,90,90,90,90,90,90,90],"card_choices":[{"not_picked":["Sweeping Beam","Barrage"],"picked":"Cold Snap","floor":1},{"not_picked":["Steam","Conserve Battery"],"picked":"Buffer","floor":4},{"not_picked":["Redo","Recycle"],"picked":"Tempest","floor":5},{"not_picked":["Recycle","Stack"],"picked":"Hologram","floor":6},{"not_picked":["Hologram","Cold Snap"],"picked":"Turbo","floor":10},{"not_picked":["Beam Cell","Buffer"],"picked":"Chill","floor":13},{"not_picked":["Fission","Buffer"],"picked":"Seek","floor":16},{"not_picked":["Streamline","Barrage"],"picked":"Compile Driver","floor":18},{"not_picked":["Redo+1","Sweeping Beam+1"],"picked":"Aggregate+1","floor":21},{"not_picked":["Redo+1","Skim"],"picked":"Fusion","floor":23},{"not_picked":["Steam","Chaos"],"picked":"Doom and Gloom","floor":27},{"not_picked":["Rebound","Steam Power"],"picked":"Auto Shields+1","floor":29},{"not_picked":["Creative AI","Cold Snap"],"picked":"Compile Driver","floor":30}],"player_experience":176496,"relics_obtained":[{"floor":6,"key":"Pantograph"},{"floor":9,"key":"Calipers"},{"floor":10,"key":"Unceasing Top"},{"floor":13,"key":"Anchor"},{"floor":14,"key":"Omamori"},{"floor":23,"key":"MawBank"},{"floor":26,"key":"Cables"}],"event_choices":[{"event_name":"Golden Wing","player_choice":"Card Removal","floor":2,"damage_taken":0},{"event_name":"Bonfire Elementals","player_choice":"RARE","floor":7,"damage_taken":0},{"event_name":"The Woman in Blue","player_choice":"Bought 3 Potions","floor":19,"damage_taken":0},{"event_name":"Forgotten Altar","player_choice":"Shed Blood","floor":20,"damage_taken":0},{"event_name":"The Library","player_choice":"Read","floor":22,"damage_taken":0},{"event_name":"Beggar","player_choice":"Gave Gold","floor":24,"damage_taken":0},{"event_name":"Accursed Blacksmith","player_choice":"Forge","floor":28,"damage_taken":0}],"is_beta":false,"boss_relics":[{"not_picked":["Philosopher\u0027s Stone","Snecko Eye"],"picked":"Runic Pyramid"}],"items_purged_floors":[3,12],"is_endless":false,"potions_floor_spawned":[1,4,13,21,23,29],"killed_by":"Book of Stabbing","ascension_level":2}