{"gold_per_floor":[366,366,366,316,316,316,351,222,300,316,367,381,400,423,423,423],"floor_reached":16,"playtime":1066,"items_purged":["Strike_R"],"score":115,"play_id":"65c9793a-13a8-453f-9364-46cad843af43","local_time":"20190614182154","is_ascension_mode":true,"campfire_choices":[{"data":"Bash","floor":6,"key":"SMITH"},{"floor":15,"key":"REST"}],"neow_cost":"CURSE","seed_source_timestamp":346785454321100,"circlet_count":0,"master_deck":["Strike_R+1","Strike_R","Strike_R","Strike_R","Defend_R","Defend_R+1","Defend_R","Defend_R","Bash+1","Corruption","Pommel Strike","Cleave","Body Slam","Pommel Strike","Flame Barrier","True Grit"],"relics":["Burning Blood","Golden Idol","Self Forming Clay","Lantern"],"potions_floor_usage":[7,16,16],"damage_taken":[{"damage":4,"enemies":"Small Slimes","floor":1,"turns":5},{"damage":55,"enemies":"3 Sentries","floor":7,"turns":7},{"damage":0,"enemies":"2 Louse","floor":10,"turns":2},{"damage":6,"enemies":"Cultist","floor":12,"turns":3},{"damage":10,"enemies":"Large Slime","floor":13,"turns":4},{"damage":13,"enemies":"Exordium Thugs","floor":14,"turns":4},{"damage":48,"enemies":"The Guardian","floor":16,"turns":11}],"seed_played":"-7847847149902407309","potions_obtained":[{"floor":1,"key":"AttackPotion"},{"floor":7,"key":"GamblersBrew"},{"floor":14,"key":"FearPotion"}],"is_trial":false,"path_per_floor":["M","?","?","?","?","R","E","$","T","M","T","M","M","M","R","B"],"character_chosen":"IRONCLAD","items_purchased":["Cleave"],"campfire_rested":1,"item_purchase_floors":[8],"current_hp_per_floor":[80,64,64,64,64,64,15,15,15,21,21,21,17,10,32,0],"gold":423,"neow_bonus":"TWO_FIFTY_GOLD","is_prod":false,"is_daily":false,"chose_seed":false,"campfire_upgraded":1,"win_rate":0,"timestamp":1560529314,"path_taken":["M","?","?","?","?","R","E","$","T","M","?","M","?","M","R","BOSS"],"build_version":"2019-01-23","purchased_purges":1,"victory":false,"max_hp_per_floor":[80,80,80,80,74,74,74,74,74,74,74,74,74,74,74,74],"card_choices":[{"not_picked":["Searing Blow","Twin Strike"],"picked":"Corruption","floor":1},{"not_picked":["Sword Boomerang","Inflame"],"picked":"Pommel Strike","floor":7},{"not_picked":["Iron Wave","Sever Soul"],"picked":"Body Slam","floor":10},{"not_picked":["Bloodletting","Seeing Red"],"picked":"Pommel Strike","floor":12},{"not_picked":["Body Slam","Carnage"],"picked":"Flame Barrier","floor":13},{"not_picked":["Clothesline","Sever Soul"],"picked":"True Grit","floor":14}],"player_experience":224869,"relics_obtained":[{"floor":7,"key":"Self Forming Clay"},{"floor":11,"key":"Lantern"}],"event_choices":[{"damage_healed":0,"gold_gain":0,"player_choice":"Entered Light","damage_taken":16,"max_hp_gain":0,"max_hp_loss":0,"event_name":"Shining Light","floor":2,"gold_loss":0,"cards_upgraded":["Defend_R","Strike_R"]},{"damage_healed":0,"gold_gain":0,"player_choice":"Ignored","damage_taken":0,"max_hp_gain":0,"max_hp_loss":0,"event_name":"Liars Game","floor":3,"gold_loss":0},{"cards_removed":["Doubt"],"damage_healed":0,"gold_gain":0,"player_choice":"Card Removal","damage_taken":0,"max_hp_gain":0,"max_hp_loss":0,"event_name":"The Cleric","floor":4,"gold_loss":50},{"damage_healed":0,"gold_gain":0,"player_choice":"Lose Max HP","damage_taken":0,"relics_obtained":["Golden Idol"],"max_hp_gain":0,"max_hp_loss":6,"event_name":"Golden Idol","floor":5,"gold_loss":0}],"is_beta":false,"boss_relics":[],"items_purged_floors":[8],"is_endless":false,"potions_floor_spawned":[1,7,14],"killed_by":"The Guardian","ascension_level":3}