{"path_per_floor":["M","?","?","M","M","R","M","M","T","$","M","?","$","M","R","B",null,"M","?","M","M"],"character_chosen":"THE_SILENT","items_purchased":["Dagger Spray"],"gold_per_floor":[112,112,62,72,87,87,99,119,119,18,34,34,34,44,44,141,141,159,159,175,195],"floor_reached":22,"campfire_rested":1,"playtime":1023,"current_hp_per_floor":[61,61,61,60,57,57,57,45,45,45,26,26,26,26,47,39,70,57,57,41,11],"items_purged":["Strike_G"],"gold":195,"score":180,"play_id":"d1ed4748-48cc-40cd-9ef3-188f217226bb","is_prod":false,"is_daily":false,"is_ascension_mode":false,"campfire_upgraded":1,"path_taken":["M","?","?","?","M","R","M","?","T","$","M","?","$","M","R","BOSS","M","?","M","M","?"],"build_version":"2018-02-15-PROD1","purchased_purges":1,"victory":false,"master_deck":["Defend_G","Defend_G","Defend_G","Strike_G","Strike_G","Strike_G","Survivor","Neutralize","Dagger Throw","Crippling Poison","Escape Plan","Noxious Fumes+1","Dagger Spray","Quick Slash","Dagger Spray+1","Deadly Poison+1","Bane+1","Unload+1","Bane+1"],"max_hp_per_floor":[70,70,70,70,70,70,70,70,70,70,70,70,70,70,70,70,70,70,70,70,70],"relics":["Ring of the Snake","Molten Egg 2","Sozu"],"card_choices":[{"not_picked":["Quick Slash","Underhanded Strike"],"picked":"Dagger Throw"},{"not_picked":["Tactician","Flechettes"],"picked":"Escape Plan"},{"not_picked":["Dash","Deadly Poison"],"picked":"Noxious Fumes"},{"not_picked":["Slice","Leg Sweep"],"picked":"Dagger Spray"},{"not_picked":["Slice","Caltrops"],"picked":"Quick Slash"},{"not_picked":["Envenom","Finisher"],"picked":"Deadly Poison"},{"not_picked":["Caltrops","Quick Slash"],"picked":"Bane"},{"not_picked":["Wraith Form","Glass Knife"],"picked":"Unload"},{"not_picked":["Prepared","Underhanded Strike"],"picked":"Bane"}],"player_experience":74665,"potions_floor_usage":[16,16,16],"damage_taken":[{"damage":9,"enemies":"2 Louse","floor":1,"turns":2},{"damage":1,"enemies":"Cultist","floor":4,"turns":3},{"damage":3,"enemies":"Jaw Worm","floor":5,"turns":3},{"damage":0,"enemies":"2 Fungi Beasts","floor":7,"turns":4},{"damage":12,"enemies":"Large Slime","floor":8,"turns":5},{"damage":19,"enemies":"Gremlin Gang","floor":11,"turns":3},{"damage":0,"enemies":"Red Slaver","floor":14,"turns":3},{"damage":8,"enemies":"Hexaghost","floor":16,"turns":7},{"damage":13,"enemies":"Shell Parasite","floor":18,"turns":3},{"damage":16,"enemies":"2 Thieves","floor":20,"turns":3},{"damage":30,"enemies":"Centurion and Healer","floor":21,"turns":5},{"damage":15,"enemies":"Snake Plant","floor":22,"turns":2}],"event_choices":[{"event_name":"Transmorgrifier","player_choice":"Transform","floor":2,"damage_taken":0},{"event_name":"The Cleric","player_choice":"Card Removal","floor":3,"damage_taken":0},{"event_name":"Upgrade Shrine","player_choice":"Upgraded","floor":12,"damage_taken":0},{"event_name":"Vampires","player_choice":"Ignored","floor":19,"damage_taken":0}],"boss_relics":[{"not_picked":["The Specimen","Black Star"],"picked":"Sozu"}],"potions_floor_spawned":[4,8,11,14,18,20],"seed_played":"-1672904727541788106","killed_by":"Snake Plant","ascension_level":0,"is_trial":false}