{"gold_per_floor":[109,119,69,88,88,88,120,149,176,176,33,59,78,89,89,89],"floor_reached":16,"playtime":831,"items_purged":["Strike_R"],"score":165,"play_id":"2f5ca2ae-93a6-4d11-a974-59f9e4ca531e","local_time":"20180816102606","is_ascension_mode":true,"campfire_choices":[{"data":"Flame Barrier","floor":6,"key":"SMITH"},{"data":"Cleave","floor":10,"key":"SMITH"},{"floor":15,"key":"REST"}],"neow_cost":"","seed_source_timestamp":8887535811667,"circlet_count":0,"master_deck":["Strike_R","Strike_R","Strike_R","Defend_R","Defend_R+1","Defend_R+1","Defend_R","Bash","AscendersBane","Cleave+1","Flame Barrier+1","Headbutt","Pommel Strike","Impervious","Double Tap","Bloodletting"],"relics":["Burning Blood","Bag of Marbles","Odd Mushroom","War Paint","Gremlin Horn"],"potions_floor_usage":[12,12,12],"damage_taken":[{"damage":4,"enemies":"Jaw Worm","floor":1,"turns":4},{"damage":2,"enemies":"2 Louse","floor":2,"turns":3},{"damage":1,"enemies":"Cultist","floor":4,"turns":3},{"damage":41,"enemies":"Lagavulin","floor":7,"turns":10},{"damage":23,"floor":8,"turns":5},{"damage":12,"enemies":"3 Sentries","floor":12,"turns":9},{"damage":3,"enemies":"Looter","floor":13,"turns":3},{"damage":0,"enemies":"2 Fungi Beasts","floor":14,"turns":2},{"damage":68,"enemies":"Hexaghost","floor":16,"turns":11}],"seed_played":"724211102555392113","potions_obtained":[{"floor":2,"key":"Swift Potion"},{"floor":4,"key":"AttackPotion"},{"floor":7,"key":"SneckoOil"},{"floor":14,"key":"FairyPotion"}],"is_trial":false,"path_per_floor":["M","M","?","M","?","R","E","?","T","R","$","E","M","M","R"],"character_chosen":"IRONCLAD","items_purchased":["Impervious"],"campfire_rested":1,"item_purchase_floors":[11],"current_hp_per_floor":[74,78,78,80,80,80,45,28,28,28,28,22,25,31,55,0],"gold":89,"neow_bonus":"","is_prod":false,"is_daily":false,"chose_seed":false,"campfire_upgraded":2,"win_rate":0,"timestamp":1534386366,"path_taken":["M","M","?","?","?","R","E","?","T","R","$","E","M","M","R","BOSS"],"build_version":"2018-08-09","purchased_purges":1,"victory":false,"max_hp_per_floor":[80,80,80,80,80,80,80,80,80,80,80,80,80,80,80,80],"card_choices":[{"not_picked":["Sword Boomerang","Evolve"],"picked":"Cleave","floor":1},{"not_picked":["Anger","Thunderclap"],"picked":"Flame Barrier","floor":2},{"not_picked":["Clash","Iron Wave"],"picked":"Headbutt","floor":4},{"not_picked":["Clothesline","Evolve","Infernal Blade"],"picked":"SKIP","floor":7},{"not_picked":["Anger","Pummel"],"picked":"Pommel Strike","floor":8},{"not_picked":["Clash","Warcry"],"picked":"Double Tap","floor":12},{"not_picked":["Hemokinesis","Havoc"],"picked":"Bloodletting","floor":13},{"not_picked":["Wild Strike","Body Slam","Armaments"],"picked":"SKIP","floor":14}],"player_experience":463974,"relics_obtained":[{"floor":7,"key":"Bag of Marbles"},{"floor":8,"key":"Odd Mushroom"},{"floor":9,"key":"War Paint"},{"floor":12,"key":"Gremlin Horn"}],"event_choices":[{"event_name":"The Cleric","player_choice":"Card Removal","floor":3,"damage_taken":0},{"event_name":"Liars Game","player_choice":"disagreed","floor":5,"damage_taken":0},{"event_name":"Mushrooms","player_choice":"Fought Mushrooms","floor":8,"damage_taken":0}],"is_beta":false,"boss_relics":[],"items_purged_floors":[11],"is_endless":false,"potions_floor_spawned":[2,4,7,14],"killed_by":"Hexaghost","ascension_level":10}