{"gold_per_floor":[116,191,191,191,209,239,239,239,266,284,294,306,306,316,316,316],"floor_reached":16,"playtime":375,"items_purged":[],"score":127,"play_id":"5ec33393-6e76-421a-87f9-18cd6d12e206","local_time":"20180816222928","is_ascension_mode":false,"campfire_choices":[{"data":"Defend_R","floor":8,"key":"SMITH"},{"data":"Shrug It Off","floor":13,"key":"SMITH"},{"data":"Defend_R","floor":15,"key":"SMITH"}],"neow_cost":"NONE","seed_source_timestamp":52745302488759,"circlet_count":0,"master_deck":["Strike_R","Strike_R+1","Strike_R","Strike_R+1","Defend_R+1","Defend_R","Defend_R","Defend_R+1","Bash+1","Shrug It Off+1"],"relics":["Burning Blood","NeowsBlessing","Bird Faced Urn","Strawberry"],"potions_floor_usage":[11,16],"damage_taken":[{"damage":0,"enemies":"Cultist","floor":1,"turns":1},{"damage":0,"enemies":"Small Slimes","floor":5,"turns":1},{"damage":0,"enemies":"3 Sentries","floor":6,"turns":2},{"damage":3,"enemies":"Jaw Worm","floor":10,"turns":3},{"damage":0,"enemies":"2 Fungi Beasts","floor":11,"turns":4},{"damage":11,"enemies":"Exordium Wildlife","floor":12,"turns":5},{"damage":5,"enemies":"Looter","floor":14,"turns":3},{"damage":84,"enemies":"Hexaghost","floor":16,"turns":12}],"seed_played":"-3799741905788670859","potions_obtained":[{"floor":6,"key":"Poison Potion"},{"floor":11,"key":"Poison Potion"}],"is_trial":false,"path_per_floor":["M","?","?","?","M","E","?","R","T","M","M","M","R","M","R"],"character_chosen":"IRONCLAD","items_purchased":[],"campfire_rested":0,"item_purchase_floors":[],"current_hp_per_floor":[80,69,53,53,59,65,65,65,72,75,81,76,76,77,77,0],"gold":316,"neow_bonus":"THREE_ENEMY_KILL","is_prod":false,"is_daily":false,"chose_seed":false,"campfire_upgraded":3,"win_rate":0,"timestamp":1534429768,"path_taken":["M","?","?","?","M","E","?","R","T","M","M","?","R","M","R","BOSS"],"build_version":"2018-08-09","purchased_purges":0,"victory":false,"max_hp_per_floor":[80,80,80,80,80,80,80,80,87,87,87,87,87,87,87,87],"card_choices":[{"not_picked":["Armaments","Infernal Blade","Twin Strike"],"picked":"SKIP","floor":1},{"not_picked":["Armaments","Havoc","True Grit"],"picked":"SKIP","floor":5},{"not_picked":["Pummel","Headbutt","Anger"],"picked":"SKIP","floor":6},{"not_picked":["Clash","Berserk","Rage"],"picked":"SKIP","floor":10},{"not_picked":["Dual Wield","Headbutt","Sword Boomerang"],"picked":"SKIP","floor":11},{"not_picked":["Iron Wave","Anger"],"picked":"Shrug It Off","floor":12},{"not_picked":["Iron Wave","Wild Strike","Havoc"],"picked":"SKIP","floor":14}],"player_experience":487147,"relics_obtained":[{"floor":6,"key":"Bird Faced Urn"},{"floor":9,"key":"Strawberry"}],"event_choices":[{"event_name":"World of Goop","player_choice":"Gather Gold","floor":2,"damage_taken":0},{"event_name":"Shining Light","player_choice":"Entered Light","floor":3,"damage_taken":0},{"event_name":"Upgrade Shrine","player_choice":"Upgraded","floor":4,"damage_taken":0},{"event_name":"Living Wall","player_choice":"Forget","floor":7,"damage_taken":0}],"is_beta":false,"boss_relics":[],"items_purged_floors":[],"is_endless":false,"potions_floor_spawned":[6,11],"killed_by":"Hexaghost","ascension_level":0}