{"gold_per_floor":[109,34,34,47,47,88,88,131,199,243,261,241,266,280,280,411,411,436,436,454,474,374,374,390,5,28,51,51,70,70,104,104,104],"floor_reached":33,"playtime":1404,"items_purged":["Strike_R","Perfected Strike","Rupture"],"score":459,"play_id":"c31c80a0-7686-4749-a109-6869ad2f81ca","local_time":"20181215125322","is_ascension_mode":true,"campfire_choices":[{"data":"Immolate","floor":7,"key":"SMITH"},{"floor":15,"key":"REST"},{"floor":23,"key":"REST"},{"data":"Flame Barrier","floor":28,"key":"SMITH"},{"data":"Double Tap","floor":30,"key":"SMITH"},{"floor":32,"key":"REST"}],"neow_cost":"NONE","seed_source_timestamp":238628491566186,"circlet_count":0,"master_deck":["AscendersBane","Bash","Rampage","Cleave","Immolate+1","Rampage","Inflame","Intimidate","Flame Barrier+1","Uppercut","Hemokinesis","Heavy Blade","Double Tap+1","Dropkick+1","Ghostly Armor","Metallicize+1","Inflame","Ghostly Armor","Ghostly Armor","Heavy Blade+1"],"relics":["Burning Blood","Golden Idol","Red Skull","Dream Catcher","Sundial","Vajra","Pandora\u0027s Box","CultistMask","Matryoshka","Strawberry","Oddly Smooth Stone","Orichalcum"],"potions_floor_usage":[8,16,16,16,24,27,31,33],"damage_taken":[{"damage":0,"enemies":"Small Slimes","floor":1,"turns":3},{"damage":3,"enemies":"2 Louse","floor":4,"turns":3},{"damage":32,"enemies":"Gremlin Nob","floor":6,"turns":4},{"damage":5,"enemies":"3 Sentries","floor":8,"turns":4},{"damage":35,"enemies":"Lagavulin","floor":10,"turns":6},{"damage":0,"enemies":"Cultist","floor":11,"turns":2},{"damage":8,"enemies":"Lots of Slimes","floor":13,"turns":2},{"damage":11,"enemies":"Exordium Thugs","floor":14,"turns":3},{"damage":18,"enemies":"Slime Boss","floor":16,"turns":6},{"damage":34,"enemies":"Shell Parasite","floor":18,"turns":7},{"damage":22,"enemies":"2 Thieves","floor":20,"turns":2},{"damage":12,"enemies":"Centurion and Healer","floor":21,"turns":4},{"damage":0,"enemies":"Snake Plant","floor":24,"turns":2},{"damage":0,"enemies":"Snecko","floor":27,"turns":2},{"damage":25,"enemies":"Cultist and Chosen","floor":29,"turns":6},{"damage":24,"enemies":"Gremlin Leader","floor":31,"turns":5},{"damage":67,"enemies":"Automaton","floor":33,"turns":6}],"seed_played":"8325712404337654101","potions_obtained":[{"floor":1,"key":"Swift Potion"},{"floor":6,"key":"Strength Potion"},{"floor":12,"key":"EntropicBrew"},{"floor":14,"key":"Fire Potion"},{"floor":16,"key":"LiquidBronze"},{"floor":21,"key":"Fire Potion"},{"floor":24,"key":"AttackPotion"},{"floor":29,"key":"Swift Potion"},{"floor":31,"key":"PowerPotion"}],"is_trial":false,"path_per_floor":["M","$","?","M","?","E","R","E","T","E","M","?","M","M","R","B",null,"M","?","M","M","$","R","M","$","T","M","R","M","R","E","R","B"],"character_chosen":"IRONCLAD","items_purchased":["Matryoshka"],"campfire_rested":3,"item_purchase_floors":[25],"current_hp_per_floor":[78,78,83,85,79,53,53,54,54,25,31,31,29,24,47,35,68,40,40,24,18,18,41,47,47,54,60,60,41,41,23,48,0],"gold":104,"neow_bonus":"THREE_CARDS","is_prod":false,"is_daily":false,"chose_seed":false,"campfire_upgraded":3,"win_rate":0,"timestamp":1544849602,"path_taken":["M","$","?","M","?","E","R","E","T","E","M","?","?","?","R","BOSS","M","?","M","M","$","R","M","$","T","M","R","?","R","E","R","BOSS"],"build_version":"2018-12-13","purchased_purges":3,"victory":false,"max_hp_per_floor":[80,80,85,85,79,79,79,79,79,79,79,79,79,79,79,79,79,79,79,79,79,79,79,79,79,86,86,86,86,86,86,86,86],"card_choices":[{"not_picked":["Feel No Pain","Havoc"],"picked":"Rampage","floor":0},{"not_picked":["Sentinel","Body Slam","Anger"],"picked":"SKIP","floor":1},{"not_picked":["Metallicize","Infernal Blade"],"picked":"Cleave","floor":4},{"not_picked":["Dual Wield","Cleave"],"picked":"Immolate","floor":6},{"not_picked":["Blood for Blood","Disarm"],"picked":"Rampage","floor":8},{"not_picked":["Cleave","Wild Strike","Heavy Blade"],"picked":"SKIP","floor":10},{"not_picked":["Shockwave","Hemokinesis","Warcry"],"picked":"SKIP","floor":11},{"not_picked":["Body Slam","Thunderclap","Cleave"],"picked":"SKIP","floor":13},{"not_picked":["Flex","Hemokinesis","Second Wind"],"picked":"SKIP","floor":14},{"not_picked":["Burning Pact","Thunderclap"],"picked":"Inflame","floor":15},{"not_picked":["Reckless Charge","Sword Boomerang"],"picked":"Dropkick+1","floor":18},{"not_picked":["Perfected Strike","Body Slam","Warcry"],"picked":"SKIP","floor":20},{"not_picked":["Entrench","Twin Strike"],"picked":"Ghostly Armor","floor":21},{"not_picked":["Wild Strike","Anger"],"picked":"Metallicize+1","floor":23},{"not_picked":["Anger","Cleave"],"picked":"Inflame","floor":24},{"not_picked":["Flex","Cleave"],"picked":"Ghostly Armor","floor":27},{"not_picked":["Iron Wave+1","Whirlwind","Headbutt"],"picked":"SKIP","floor":29},{"not_picked":["Iron Wave+1","Feel No Pain"],"picked":"Ghostly Armor","floor":31},{"not_picked":["Shrug It Off","Reaper"],"picked":"Heavy Blade+1","floor":32}],"player_experience":568956,"relics_obtained":[{"floor":6,"key":"Red Skull"},{"floor":8,"key":"Dream Catcher"},{"floor":9,"key":"Sundial"},{"floor":10,"key":"Vajra"},{"floor":26,"key":"Strawberry"},{"floor":26,"key":"Oddly Smooth Stone"},{"floor":31,"key":"Orichalcum"}],"event_choices":[{"damage_healed":0,"gold_gain":0,"player_choice":"Donut","damage_taken":0,"max_hp_gain":5,"max_hp_loss":0,"event_name":"Big Fish","floor":3,"gold_loss":0},{"damage_healed":0,"gold_gain":0,"player_choice":"Lose Max HP","damage_taken":0,"relics_obtained":["Golden Idol"],"max_hp_gain":0,"max_hp_loss":6,"event_name":"Golden Idol","floor":5,"gold_loss":0},{"damage_healed":0,"gold_gain":0,"player_choice":"Bought 1 Potion","damage_taken":0,"max_hp_gain":0,"max_hp_loss":0,"event_name":"The Woman in Blue","floor":12,"gold_loss":0},{"damage_healed":0,"gold_gain":0,"player_choice":"Trade","damage_taken":0,"relics_obtained":["CultistMask"],"max_hp_gain":0,"max_hp_loss":0,"event_name":"FaceTrader","floor":19,"gold_loss":0}],"is_beta":false,"boss_relics":[{"not_picked":["Empty Cage","Fusion Hammer"],"picked":"Pandora\u0027s Box"}],"items_purged_floors":[2,22,25],"is_endless":false,"potions_floor_spawned":[1,6,13,14,16,21,24,29,31],"killed_by":"Automaton","ascension_level":12}