{"gold_per_floor":[111,111,111,131,81,81,81,81,106,118,133,133,165,177],"floor_reached":14,"playtime":1111,"items_purged":["Defend_G"],"score":92,"play_id":"b0c36f04-d232-4de6-bc24-408b8e7ae8ae","local_time":"20190226123529","is_ascension_mode":true,"campfire_choices":[{"data":"Predator","floor":6,"key":"SMITH"},{"data":"Endless Agony","floor":8,"key":"SMITH"},{"data":"Bouncing Flask","floor":12,"key":"SMITH"}],"neow_cost":"NONE","seed_source_timestamp":21616797851400,"circlet_count":0,"master_deck":["Defend_G","Defend_G","Defend_G","Strike_G","Strike_G","Strike_G","Strike_G","Survivor","Neutralize","Predator+1","Endless Agony+1","Poisoned Stab","Bouncing Flask+1","Acrobatics"],"relics":["Ring of the Snake","Smiling Mask","Pantograph","MawBank"],"potions_floor_usage":[],"damage_taken":[{"damage":0,"enemies":"2 Louse","floor":1,"turns":3},{"damage":0,"enemies":"Cultist","floor":4,"turns":3},{"damage":0,"enemies":"Jaw Worm","floor":10,"turns":1},{"damage":25,"enemies":"Gremlin Gang","floor":11,"turns":4},{"damage":31,"enemies":"Lagavulin","floor":13,"turns":5},{"damage":16,"enemies":"Large Slime","floor":14,"turns":2}],"seed_played":"5023541056464803126","potions_obtained":[{"floor":1,"key":"Dexterity Potion"},{"floor":10,"key":"GamblersBrew"},{"floor":11,"key":"Weak Potion"},{"floor":13,"key":"SkillPotion"}],"is_trial":false,"path_per_floor":["M","?","?","M","$","R","?","R","T","M","M","R","E","M"],"character_chosen":"THE_SILENT","items_purchased":[],"campfire_rested":0,"item_purchase_floors":[],"current_hp_per_floor":[70,70,70,70,70,70,63,63,63,63,38,38,7,0],"gold":177,"neow_bonus":"RANDOM_COMMON_RELIC","is_prod":false,"is_daily":false,"chose_seed":false,"campfire_upgraded":3,"win_rate":0,"timestamp":1551180929,"path_taken":["M","?","?","?","$","R","?","R","T","M","M","R","E","M"],"build_version":"2019-01-23","purchased_purges":1,"victory":false,"max_hp_per_floor":[70,70,70,70,70,70,70,70,70,70,70,70,70,70],"card_choices":[{"not_picked":["Reflex","Eviscerate"],"picked":"Predator","floor":1},{"not_picked":["Deadly Poison","Dash"],"picked":"Endless Agony","floor":4},{"not_picked":["Bane","Quick Slash"],"picked":"Poisoned Stab","floor":10},{"not_picked":["Blade Dance","Quick Slash"],"picked":"Bouncing Flask","floor":11},{"not_picked":["Escape Plan","Dodge and Roll"],"picked":"Acrobatics","floor":13}],"player_experience":122093,"relics_obtained":[{"floor":13,"key":"MawBank"}],"event_choices":[{"cards_removed":["Defend_G"],"damage_healed":0,"gold_gain":0,"player_choice":"Forget","damage_taken":0,"max_hp_gain":0,"max_hp_loss":0,"event_name":"Living Wall","floor":2,"gold_loss":0},{"cards_removed":["Strike_G"],"damage_healed":0,"gold_gain":0,"player_choice":"Purged","damage_taken":0,"max_hp_gain":0,"max_hp_loss":0,"event_name":"Purifier","floor":3,"gold_loss":0},{"damage_healed":0,"gold_gain":0,"player_choice":"Success","damage_taken":7,"relics_obtained":["Pantograph"],"max_hp_gain":0,"max_hp_loss":0,"event_name":"Scrap Ooze","floor":7,"gold_loss":0}],"is_beta":false,"boss_relics":[],"items_purged_floors":[5],"is_endless":false,"potions_floor_spawned":[1,10,11,13],"killed_by":"Large Slime","ascension_level":1}