{"gold_per_floor":[117,117,42,142,42,67,67,79,79,79,100,110,123,136,136,232,232,252,278,295,80,98,98,98,98,98,117,135,135,135,31,31,31],"floor_reached":33,"playtime":2461,"items_purged":["Strike_R","Strike_R","Strike_R"],"score":282,"play_id":"c0d9e7f5-e47f-4bd5-a8ba-4cd7fd98cd1f","local_time":"20180809203737","is_ascension_mode":true,"campfire_choices":[{"data":"Clothesline","floor":7,"key":"SMITH"},{"data":"Bash","floor":10,"key":"SMITH"},{"data":"Armaments","floor":15,"key":"SMITH"},{"data":"Double Tap","floor":23,"key":"SMITH"},{"data":"Panacea","floor":25,"key":"SMITH"},{"data":"Seeing Red","floor":30,"key":"SMITH"},{"data":"Madness","floor":32,"key":"SMITH"}],"neow_cost":"NONE","seed_source_timestamp":304401174781710,"circlet_count":0,"master_deck":["Defend_R","Defend_R","Defend_R","Defend_R","Bash+1","Twin Strike","Clothesline+1","Clash","Twin Strike","Dual Wield","Armaments+1","Double Tap+1","Flex","Seeing Red+1","Flex","Panacea+1","Clash","Havoc+1","Madness+1"],"relics":["Burning Blood","Bag of Marbles","Matryoshka","Anchor","Self Forming Clay","Odd Mushroom","Lizard Tail","Red Mask","Blood Vial","Frozen Egg 2","Molten Egg 2"],"potions_floor_usage":[16,16,22,22,33],"damage_taken":[{"damage":11,"enemies":"Jaw Worm","floor":1,"turns":4},{"damage":18,"enemies":"Gremlin Nob","floor":6,"turns":4},{"damage":0,"enemies":"Cultist","floor":8,"turns":2},{"damage":15,"floor":11,"turns":4},{"damage":0,"enemies":"2 Louse","floor":12,"turns":1},{"damage":1,"enemies":"Red Slaver","floor":13,"turns":3},{"damage":0,"enemies":"3 Louse","floor":14,"turns":2},{"damage":26,"enemies":"Hexaghost","floor":16,"turns":8},{"damage":16,"enemies":"Spheric Guardian","floor":18,"turns":4},{"damage":55,"floor":19,"turns":6},{"damage":19,"enemies":"3 Byrds","floor":20,"turns":6},{"damage":34,"enemies":"3 Cultists","floor":22,"turns":7},{"damage":11,"enemies":"Sentry and Sphere","floor":27,"turns":4},{"damage":8,"enemies":"Snecko","floor":28,"turns":3},{"damage":53,"enemies":"Collector","floor":33,"turns":5}],"seed_played":"3626929367187937055","potions_obtained":[{"floor":6,"key":"SteroidPotion"},{"floor":11,"key":"Fruit Juice"},{"floor":14,"key":"AttackPotion"},{"floor":16,"key":"Dexterity Potion"},{"floor":19,"key":"Dexterity Potion"},{"floor":20,"key":"Regen Potion"}],"is_trial":false,"path_per_floor":["M","?","$","?","$","E","R","M","T","R","?","M","M","M","R","B",null,"M","?","M","$","M","R","?","R","T","M","M","?","R","$","R"],"character_chosen":"IRONCLAD","items_purchased":["Panacea","Madness"],"campfire_rested":0,"item_purchase_floors":[21,31],"current_hp_per_floor":[75,75,75,75,75,63,63,69,69,69,60,66,71,77,77,62,85,75,26,13,13,48,48,48,48,48,45,45,45,45,45,45,0],"gold":31,"neow_bonus":"RANDOM_COMMON_RELIC","is_prod":false,"is_daily":false,"chose_seed":false,"campfire_upgraded":7,"win_rate":0,"timestamp":1533818257,"path_taken":["M","?","$","?","?","E","R","?","T","R","?","M","M","M","R","BOSS","M","?","M","$","?","R","?","R","T","M","M","?","R","$","R","BOSS"],"build_version":"2018-08-02","purchased_purges":3,"victory":false,"max_hp_per_floor":[80,80,80,80,80,80,80,80,80,80,80,80,80,80,80,85,85,85,85,85,85,85,85,85,85,85,85,85,85,85,85,85,85],"card_choices":[{"not_picked":["Cleave","Pommel Strike"],"picked":"Twin Strike","floor":1},{"not_picked":["Wild Strike","Corruption","Sever Soul"],"picked":"SKIP","floor":6},{"not_picked":["Warcry","Searing Blow"],"picked":"Clash","floor":8},{"not_picked":["Bloodletting","Thunderclap"],"picked":"Twin Strike","floor":11},{"not_picked":["Cleave","Blood for Blood"],"picked":"Dual Wield","floor":12},{"not_picked":["Heavy Blade","Anger","Clothesline"],"picked":"SKIP","floor":13},{"not_picked":["Pommel Strike","Burning Pact"],"picked":"Armaments","floor":14},{"not_picked":["Impervious","Juggernaut"],"picked":"Double Tap","floor":16},{"not_picked":["Wild Strike+1","Pummel"],"picked":"Flex","floor":18},{"not_picked":["Entrench","Warcry"],"picked":"Seeing Red","floor":19},{"not_picked":["Cleave","Rampage"],"picked":"Flex","floor":20},{"not_picked":["Headbutt+1","Feel No Pain"],"picked":"Clash","floor":22},{"not_picked":["Flex","Whirlwind","Thunderclap"],"picked":"SKIP","floor":27},{"not_picked":["Exhume","Clash"],"picked":"Havoc+1","floor":28}],"player_experience":322640,"relics_obtained":[{"floor":6,"key":"Matryoshka"},{"floor":9,"key":"Anchor"},{"floor":9,"key":"Self Forming Clay"},{"floor":11,"key":"Odd Mushroom"},{"floor":19,"key":"Red Mask"},{"floor":26,"key":"Blood Vial"},{"floor":26,"key":"Frozen Egg 2"}],"event_choices":[{"event_name":"Transmorgrifier","player_choice":"Transform","floor":2,"damage_taken":0},{"event_name":"Golden Shrine","player_choice":"Pray","floor":4,"damage_taken":0},{"event_name":"Mushrooms","player_choice":"Fought Mushrooms","floor":11,"damage_taken":0},{"event_name":"Masked Bandits","player_choice":"Fought over 252 gold","floor":19,"damage_taken":0},{"event_name":"Purifier","player_choice":"One Purge","floor":24,"damage_taken":0},{"event_name":"The Mausoleum","player_choice":"Yes","floor":29,"damage_taken":0}],"is_beta":false,"boss_relics":[{"not_picked":["Runic Dome","Philosopher\u0027s Stone"],"picked":"Lizard Tail"}],"items_purged_floors":[3,5,21],"is_endless":false,"potions_floor_spawned":[6,11,14,16,19,20],"killed_by":"Collector","ascension_level":3}