{"gold_per_floor":[19,31,48,62,81,81,99,112,112,140,140,168,168,226,226,329,329,340,340,157,72,31,60,60,78,78,97,127,144,162,195,195,293,293,303,316,316,335,350,378,378,404,480,480,480,496,524,524,524,524],"floor_reached":51,"playtime":3116,"items_purged":["Defend_B"],"score":1005,"play_id":"d13e66ae-f2b9-4341-97c9-be8e7a343890","local_time":"20181209143942","is_ascension_mode":true,"campfire_choices":[{"data":"White Noise","floor":6,"key":"SMITH"},{"data":"Defragment","floor":11,"key":"SMITH"},{"data":"Dualcast","floor":15,"key":"SMITH"},{"data":"Defragment","floor":24,"key":"SMITH"},{"floor":32,"key":"REST"},{"data":"White Noise","floor":41,"key":"SMITH"},{"data":"Heatsinks","floor":45,"key":"SMITH"},{"data":"Electrodynamics","floor":49,"key":"SMITH"}],"neow_cost":"NO_GOLD","seed_source_timestamp":539954425090407,"circlet_count":0,"master_deck":["Defend_B+1","Zap+1","Dualcast+1","Defragment+1","Self Repair","Leap","Storm","White Noise+1","Leap","Electrodynamics+1","Storm+1","Defragment+1","Sunder+1","Heatsinks+1","Tempest+1","BootSequence+1","White Noise+1","Storm"],"relics":["Cracked Core","Bottled Lightning","Happy Flower","Molten Egg 2","War Paint","Empty Cage","Meat on the Bone","Matryoshka","Art of War","Cables","Smiling Mask","Bronze Scales","Sozu","Strawberry","Omamori","Centennial Puzzle","Pantograph","Ancient Tea Set"],"potions_floor_usage":[23,28,28],"damage_taken":[{"damage":8,"enemies":"Jaw Worm","floor":1,"turns":5},{"damage":0,"enemies":"Small Slimes","floor":2,"turns":3},{"damage":7,"enemies":"2 Louse","floor":3,"turns":3},{"damage":8,"enemies":"Exordium Wildlife","floor":4,"turns":4},{"damage":13,"enemies":"Large Slime","floor":5,"turns":5},{"damage":11,"enemies":"Lots of Slimes","floor":7,"turns":3},{"damage":1,"enemies":"Exordium Thugs","floor":8,"turns":2},{"damage":20,"enemies":"3 Sentries","floor":10,"turns":3},{"damage":0,"enemies":"Lagavulin","floor":12,"turns":4},{"damage":0,"enemies":"Lagavulin Event","floor":14,"turns":3},{"damage":24,"enemies":"The Guardian","floor":16,"turns":10},{"damage":3,"enemies":"Chosen","floor":18,"turns":3},{"damage":12,"enemies":"Book of Stabbing","floor":23,"turns":3},{"damage":22,"enemies":"2 Thieves","floor":25,"turns":2},{"damage":14,"enemies":"Centurion and Healer","floor":27,"turns":2},{"damage":34,"enemies":"Slavers","floor":28,"turns":3},{"damage":22,"enemies":"Snake Plant","floor":29,"turns":3},{"damage":0,"enemies":"Sentry and Sphere","floor":30,"turns":3},{"damage":14,"enemies":"Book of Stabbing","floor":31,"turns":2},{"damage":16,"enemies":"Automaton","floor":33,"turns":5},{"damage":11,"enemies":"3 Shapes","floor":35,"turns":2},{"damage":3,"enemies":"Orb Walker","floor":36,"turns":2},{"damage":0,"enemies":"Sphere and 2 Shapes","floor":38,"turns":2},{"damage":0,"enemies":"Maw","floor":39,"turns":4},{"damage":5,"enemies":"Giant Head","floor":40,"turns":5},{"damage":16,"enemies":"Reptomancer","floor":42,"turns":3},{"damage":11,"enemies":"3 Darklings","floor":46,"turns":3},{"damage":27,"enemies":"Giant Head","floor":47,"turns":5},{"damage":43,"enemies":"Awakened One","floor":50,"turns":6}],"seed_played":"5965041709590085179","potions_obtained":[{"floor":4,"key":"AttackPotion"},{"floor":7,"key":"Ancient Potion"},{"floor":8,"key":"Weak Potion"},{"floor":12,"key":"Fire Potion"},{"floor":18,"key":"LiquidBronze"},{"floor":23,"key":"Regen Potion"},{"floor":25,"key":"FairyPotion"},{"floor":31,"key":"Explosive Potion"}],"is_trial":false,"path_per_floor":["M","M","M","M","M","R","M","M","T","E","R","E","?","?","R","B",null,"M","?","$","?","$","E","R","M","T","M","E","M","M","E","R","B",null,"M","M","?","M","M","E","R","E","T","?","R","M","E","?","R","B",null],"character_chosen":"DEFECT","items_purchased":["Defragment","Sunder+1","Heatsinks"],"campfire_rested":1,"item_purchase_floors":[20,20,22],"current_hp_per_floor":[74,74,74,73,67,67,56,62,62,49,49,56,56,63,63,46,68,72,72,72,72,72,67,67,52,52,38,32,22,34,32,54,45,68,64,61,61,68,75,82,82,73,73,73,73,69,56,56,56,64],"gold":524,"neow_bonus":"TRANSFORM_TWO_CARDS","is_prod":false,"is_daily":false,"chose_seed":false,"campfire_upgraded":7,"win_rate":0,"timestamp":1544337582,"path_taken":["M","M","M","M","M","R","M","M","T","E","R","E","?","?","R","BOSS","M","?","$","?","?","E","R","M","T","M","E","M","M","E","R","BOSS","M","M","?","M","M","E","R","E","T","?","R","M","E","?","R","BOSS"],"build_version":"2018-12-06","purchased_purges":1,"victory":true,"max_hp_per_floor":[75,75,75,75,75,75,75,75,75,75,75,75,75,75,75,75,75,75,75,75,75,75,75,75,75,75,75,75,75,75,75,75,75,75,75,75,75,75,75,82,82,82,82,82,82,82,82,82,82,82],"card_choices":[{"not_picked":["Compile Driver","Stack"],"picked":"Leap","floor":1},{"not_picked":["Coolheaded","Darkness"],"picked":"Storm","floor":2},{"not_picked":["Rebound","Leap"],"picked":"White Noise","floor":3},{"not_picked":["Rip and Tear","Rebound"],"picked":"Leap","floor":4},{"not_picked":["Self Repair","Reprogram"],"picked":"Electrodynamics","floor":5},{"not_picked":["Turbo","Stack","Hologram"],"picked":"SKIP","floor":7},{"not_picked":["Skim","Stack","Chaos"],"picked":"SKIP","floor":8},{"not_picked":["Blizzard","Coolheaded","Auto Shields"],"picked":"SKIP","floor":10},{"not_picked":["Steam Power","Streamline"],"picked":"FTL","floor":12},{"not_picked":["Conserve Battery","Gash+1"],"picked":"Storm+1","floor":18},{"not_picked":["Stack+1","Cold Snap+1","Blizzard+1"],"picked":"SKIP","floor":23},{"not_picked":["Capacitor","Cold Snap+1","Blizzard+1"],"picked":"SKIP","floor":25},{"not_picked":["Compile Driver+1","Go for the Eyes+1","Rebound+1"],"picked":"SKIP","floor":27},{"not_picked":["Compile Driver+1","Buffer"],"picked":"Tempest","floor":28},{"not_picked":["Static Discharge+1","Heatsinks","Chill+1"],"picked":"SKIP","floor":29},{"not_picked":["Defragment","Leap","Cold Snap+1"],"picked":"SKIP","floor":30},{"not_picked":["Coolheaded","Amplify"],"picked":"BootSequence+1","floor":31},{"not_picked":["Stack+1","Beam Cell+1","Hello World"],"picked":"SKIP","floor":35},{"not_picked":["Reprogram+1","Leap"],"picked":"White Noise","floor":36},{"not_picked":["Leap","Ball Lightning+1","Stack+1"],"picked":"SKIP","floor":38},{"not_picked":["Hologram","Stack","Coolheaded+1"],"picked":"SKIP","floor":39},{"not_picked":["Chill+1","Reinforced Body"],"picked":"Storm","floor":40},{"not_picked":["Rebound+1","Conserve Battery","Coolheaded"],"picked":"SKIP","floor":42},{"not_picked":["Streamline+1","Electrodynamics","Barrage+1"],"picked":"SKIP","floor":46},{"not_picked":["Streamline+1","Recycle","Steam"],"picked":"SKIP","floor":47}],"player_experience":520123,"relics_obtained":[{"floor":9,"key":"Bottled Lightning"},{"floor":10,"key":"Happy Flower"},{"floor":12,"key":"Molten Egg 2"},{"floor":23,"key":"Matryoshka"},{"floor":26,"key":"Art of War"},{"floor":26,"key":"Cables"},{"floor":28,"key":"Smiling Mask"},{"floor":31,"key":"Bronze Scales"},{"floor":40,"key":"Strawberry"},{"floor":42,"key":"Omamori"},{"floor":43,"key":"Centennial Puzzle"},{"floor":43,"key":"Pantograph"},{"floor":47,"key":"Ancient Tea Set"}],"event_choices":[{"cards_removed":["Strike_B"],"damage_healed":0,"gold_gain":0,"player_choice":"Forget","damage_taken":0,"max_hp_gain":0,"max_hp_loss":0,"event_name":"Living Wall","floor":13,"gold_loss":0},{"damage_healed":0,"gold_gain":0,"player_choice":"Searched \u00273\u0027 times","damage_taken":0,"relics_obtained":["War Paint"],"max_hp_gain":0,"max_hp_loss":0,"event_name":"Dead Adventurer","floor":14,"gold_loss":0},{"cards_removed":["Defend_B"],"damage_healed":0,"gold_gain":0,"player_choice":"Elegance","damage_taken":0,"max_hp_gain":0,"max_hp_loss":0,"event_name":"Back to Basics","floor":19,"gold_loss":0},{"damage_healed":0,"gold_gain":0,"player_choice":"Obtained Relic","damage_taken":0,"relics_obtained":["Meat on the Bone"],"max_hp_gain":0,"max_hp_loss":0,"event_name":"Addict","floor":21,"gold_loss":85},{"damage_healed":0,"gold_gain":0,"player_choice":"Ignored","damage_taken":0,"max_hp_gain":0,"max_hp_loss":0,"event_name":"Tomb of Lord Red Mask","floor":37,"gold_loss":0},{"cards_removed":["FTL"],"damage_healed":0,"gold_gain":0,"player_choice":"Removed Attack","damage_taken":0,"max_hp_gain":0,"max_hp_loss":0,"event_name":"Falling","floor":44,"gold_loss":0},{"damage_healed":0,"gold_gain":0,"player_choice":"Upgraded","damage_taken":0,"max_hp_gain":0,"max_hp_loss":0,"event_name":"Upgrade Shrine","floor":48,"gold_loss":0,"cards_upgraded":["Tempest"]}],"is_beta":false,"boss_relics":[{"not_picked":["Cursed Key","Tiny House"],"picked":"Empty Cage"},{"not_picked":["Runic Dome","Orrery"],"picked":"Sozu"}],"items_purged_floors":[20],"is_endless":false,"potions_floor_spawned":[4,7,8,12,18,23,25,31,40,42,46,47],"ascension_level":5}