{"gold_per_floor":[15,33,33,33,58,58,77,117,143,143,143,167,167,201,201,201],"floor_reached":16,"playtime":630,"items_purged":[],"score":132,"play_id":"576390dc-d158-4400-9eac-85b423588c5c","local_time":"20180810191947","is_ascension_mode":true,"campfire_choices":[{"data":"Infernal Blade","floor":6,"key":"SMITH"},{"floor":13,"key":"REST"},{"floor":15,"key":"REST"}],"neow_cost":"NO_GOLD","seed_source_timestamp":387970270496497,"circlet_count":0,"master_deck":["Strike_R","Defend_R","Defend_R","Defend_R","Bash","Infernal Blade+1","Entrench","Thunderclap","Searing Blow"],"relics":["Burning Blood","Golden Idol","Bag of Preparation","Lantern","Boot"],"potions_floor_usage":[8,14,14],"damage_taken":[{"damage":7,"enemies":"2 Louse","floor":1,"turns":3},{"damage":4,"enemies":"Small Slimes","floor":2,"turns":3},{"damage":1,"enemies":"Cultist","floor":5,"turns":4},{"damage":7,"enemies":"Looter","floor":7,"turns":3},{"damage":35,"enemies":"3 Sentries","floor":8,"turns":7},{"damage":18,"enemies":"Lots of Slimes","floor":12,"turns":4},{"damage":28,"enemies":"Lagavulin","floor":14,"turns":4},{"damage":53,"enemies":"The Guardian","floor":16,"turns":6}],"seed_played":"-6862568424340066115","potions_obtained":[{"floor":7,"key":"Fire Potion"},{"floor":8,"key":"FearPotion"},{"floor":12,"key":"Block Potion"}],"is_trial":false,"path_per_floor":["M","M","?","?","M","R","M","E","T","?","?","M","R","E","R"],"character_chosen":"IRONCLAD","items_purchased":[],"campfire_rested":2,"item_purchase_floors":[],"current_hp_per_floor":[79,80,60,60,65,65,64,35,35,35,28,16,40,18,42,0],"gold":201,"neow_bonus":"TRANSFORM_TWO_CARDS","is_prod":false,"is_daily":false,"chose_seed":false,"campfire_upgraded":1,"win_rate":0,"timestamp":1533899987,"path_taken":["M","M","?","?","?","R","M","E","T","?","?","M","R","E","R","BOSS"],"build_version":"2018-08-09","purchased_purges":0,"victory":false,"max_hp_per_floor":[80,80,80,80,80,80,80,80,80,80,80,80,80,80,80,80],"card_choices":[{"not_picked":["Shrug It Off","Flex","Second Wind"],"picked":"SKIP","floor":1},{"not_picked":["Fire Breathing","Carnage","Twin Strike"],"picked":"SKIP","floor":2},{"not_picked":["Iron Wave","True Grit","Dual Wield"],"picked":"SKIP","floor":5},{"not_picked":["Anger","Flex"],"picked":"Searing Blow","floor":7},{"not_picked":["Clash","Armaments","Heavy Blade"],"picked":"SKIP","floor":8},{"not_picked":["Twin Strike","Anger","Shrug It Off"],"picked":"SKIP","floor":12},{"not_picked":["Headbutt","Dual Wield","Carnage"],"picked":"SKIP","floor":14}],"player_experience":340869,"relics_obtained":[{"floor":8,"key":"Bag of Preparation"},{"floor":9,"key":"Lantern"},{"floor":14,"key":"Boot"}],"event_choices":[{"event_name":"Golden Idol","player_choice":"Take Damage","floor":3,"damage_taken":0},{"event_name":"Transmorgrifier","player_choice":"Transform","floor":4,"damage_taken":0},{"event_name":"Living Wall","player_choice":"Forget","floor":10,"damage_taken":0},{"event_name":"Golden Wing","player_choice":"Card Removal","floor":11,"damage_taken":0}],"is_beta":false,"boss_relics":[],"items_purged_floors":[],"is_endless":false,"potions_floor_spawned":[7,8,12],"killed_by":"The Guardian","ascension_level":4}