{"gold_per_floor":[119,134,147,72,22,22,55,55,55,55,55],"floor_reached":11,"playtime":409,"items_purged":["Strike_R"],"score":114,"play_id":"a2ebd8be-6fe9-41a9-be98-c9e8f3007c48","local_time":"20181216215611","is_ascension_mode":true,"campfire_choices":[{"data":"True Grit","floor":6,"key":"SMITH"},{"data":"Bash","floor":8,"key":"SMITH"}],"neow_cost":"NONE","seed_source_timestamp":358591646647645,"circlet_count":0,"master_deck":["AscendersBane","Strike_R","Strike_R","Strike_R","Defend_R","Defend_R","Defend_R","Bash+1","True Grit+1"],"relics":["Burning Blood","Ornamental Fan","Pear","Meat on the Bone"],"potions_floor_usage":[],"damage_taken":[{"damage":9,"enemies":"Jaw Worm","floor":1,"turns":6},{"damage":4,"enemies":"Small Slimes","floor":2,"turns":4},{"damage":0,"enemies":"Cultist","floor":3,"turns":4},{"damage":55,"enemies":"Lagavulin","floor":7,"turns":10},{"damage":40,"enemies":"Gremlin Nob","floor":11,"turns":4}],"seed_played":"4191676047696896110","potions_obtained":[{"floor":1,"key":"LiquidBronze"},{"floor":3,"key":"Dexterity Potion"}],"is_trial":false,"path_per_floor":["M","M","M","$","?","R","E","R","T","?","E"],"character_chosen":"IRONCLAD","items_purchased":[],"campfire_rested":0,"item_purchase_floors":[],"current_hp_per_floor":[69,71,77,77,77,77,28,28,38,38,0],"gold":55,"neow_bonus":"REMOVE_CARD","is_prod":false,"is_daily":false,"chose_seed":false,"campfire_upgraded":2,"win_rate":0,"timestamp":1544968571,"path_taken":["M","M","M","$","?","R","E","R","T","?","E"],"build_version":"2018-12-13","purchased_purges":1,"victory":false,"max_hp_per_floor":[80,80,80,80,80,80,80,80,90,90,90],"card_choices":[{"not_picked":["Corruption","Rage","Pommel Strike"],"picked":"SKIP","floor":1},{"not_picked":["Armaments","Body Slam"],"picked":"True Grit","floor":2},{"not_picked":["Havoc","Headbutt","Armaments"],"picked":"SKIP","floor":3},{"not_picked":["Battle Trance","Perfected Strike","Body Slam"],"picked":"SKIP","floor":7}],"player_experience":581723,"relics_obtained":[{"floor":7,"key":"Ornamental Fan"},{"floor":9,"key":"Pear"}],"event_choices":[{"cards_removed":["Defend_R"],"damage_healed":0,"gold_gain":0,"player_choice":"Card Removal","damage_taken":0,"max_hp_gain":0,"max_hp_loss":0,"event_name":"The Cleric","floor":5,"gold_loss":50},{"damage_healed":0,"gold_gain":0,"player_choice":"Gave Potion","damage_taken":0,"relics_obtained":["Meat on the Bone"],"max_hp_gain":0,"max_hp_loss":0,"event_name":"WeMeetAgain","floor":10,"gold_loss":0}],"is_beta":false,"boss_relics":[],"items_purged_floors":[4],"is_endless":false,"potions_floor_spawned":[1,3],"killed_by":"Gremlin Nob","ascension_level":12}