{"gold_per_floor":[114,13,28,43,58,58,58,58,58,66,81,96,148,178,178,278,278,293,308,308,308,323,323,338,338,363,393,76,91,106,56,56,156,156,171,186,201,201,32,32,62,77,102,102,102,117,119,134,134,134],"floor_reached":50,"playtime":6929,"items_purged":["Defend_B","Dualcast"],"score":546,"play_id":"f5646757-5c51-4df2-8928-afe294864830","local_time":"20180718194118","daily_mods":["Heirloom","Uncertain Future","Binary"],"is_ascension_mode":false,"campfire_choices":[{"data":"Zap","floor":6,"key":"SMITH"},{"data":"Recycle","floor":8,"key":"SMITH"},{"floor":15,"key":"REST"},{"data":"Double Energy","floor":23,"key":"SMITH"},{"data":"Skim","floor":25,"key":"SMITH"},{"data":"Panache","floor":32,"key":"SMITH"},{"data":"Sunder","floor":40,"key":"SMITH"},{"data":"Gash","floor":45,"key":"SMITH"},{"floor":49,"key":"REST"}],"neow_cost":"","seed_source_timestamp":202800582158551,"circlet_count":0,"master_deck":["Strike_B","Strike_B","Strike_B+1","Defend_B","Defend_B","Defend_B","Zap+1","Recycle+1","Bandage Up","Heatsinks","BootSequence","Gash+1","White Noise","Skim+1","Double Energy+1","Conserve Battery","FTL","Seek+1","Meteor Strike","Turbo+1","Cold Snap","Rip and Tear","Zap+1","Streamline+1","Darkness+1","Consume+1","Panache+1","Steam Power+1","Redo+1","Sweeping Beam","All For One","Darkness+1","Steam+1","Cold Snap+1","Panache","Jack Of All Trades+1","Thinking Ahead+1","Sunder+1","Conserve Battery+1","Gash+1","Gash","Capacitor","Conserve Battery+1"],"special_seed":17730,"relics":["Cracked Core","Unceasing Top","Whetstone","Odd Mushroom","Bronze Scales","Toxic Egg 2","Runic Pyramid","Anchor","Vajra","Inserter","Juzu Bracelet","Boot","Ice Cream"],"potions_floor_usage":[16,16,16,27,27,33,50,50,50],"damage_taken":[{"damage":1,"enemies":"Small Slimes","floor":1,"turns":3},{"damage":8,"enemies":"2 Louse","floor":3,"turns":4},{"damage":15,"enemies":"Jaw Worm","floor":4,"turns":4},{"damage":11,"enemies":"Blue Slaver","floor":5,"turns":5},{"damage":5,"floor":10,"turns":4},{"damage":0,"enemies":"Large Slime","floor":11,"turns":4},{"damage":0,"enemies":"3 Louse","floor":12,"turns":2},{"damage":32,"enemies":"3 Sentries","floor":13,"turns":6},{"damage":5,"enemies":"3 Sentries","floor":14,"turns":6},{"damage":48,"enemies":"The Guardian","floor":16,"turns":13},{"damage":4,"enemies":"Shell Parasite","floor":18,"turns":4},{"damage":0,"enemies":"2 Thieves","floor":19,"turns":3},{"damage":1,"enemies":"Snake Plant","floor":22,"turns":2},{"damage":2,"enemies":"3 Cultists","floor":24,"turns":3},{"damage":1,"enemies":"Gremlin Leader","floor":27,"turns":5},{"damage":0,"enemies":"Snecko","floor":29,"turns":1},{"damage":0,"enemies":"Centurion and Healer","floor":30,"turns":2},{"damage":20,"enemies":"Champ","floor":33,"turns":7},{"damage":9,"enemies":"3 Darklings","floor":35,"turns":3},{"damage":0,"enemies":"Orb Walker","floor":36,"turns":2},{"damage":0,"enemies":"4 Shapes","floor":37,"turns":1},{"damage":14,"enemies":"Nemesis","floor":41,"turns":5},{"damage":16,"enemies":"Spire Growth","floor":42,"turns":3},{"damage":19,"enemies":"Transient","floor":46,"turns":5},{"damage":0,"floor":47,"turns":3},{"damage":14,"enemies":"Sphere and 2 Shapes","floor":48,"turns":3},{"damage":76,"enemies":"Time Eater","floor":50,"turns":5}],"seed_played":"-3893125077617489196","potions_obtained":[{"floor":1,"key":"Regen Potion"},{"floor":5,"key":"Poison Potion"},{"floor":11,"key":"SkillPotion"},{"floor":13,"key":"EssenceOfSteel"},{"floor":16,"key":"FearPotion"},{"floor":18,"key":"Dexterity Potion"},{"floor":19,"key":"Dexterity Potion"},{"floor":22,"key":"Regen Potion"},{"floor":33,"key":"Dexterity Potion"},{"floor":35,"key":"LiquidBronze"},{"floor":46,"key":"Dexterity Potion"},{"floor":47,"key":"PowerPotion"}],"is_trial":false,"path_per_floor":["M","$","M","M","M","R","?","R","T","?","M","M","?","E","R","B",null,"M","M","?","?","M","R","M","R","T","E","$","M","M","?","R","B",null,"M","M","M","?","$","R","E","M","T","?","R","M","?","M","R"],"character_chosen":"DEFECT","items_purchased":["Bandage Up","Panache","Steam Power+1","Sunder"],"campfire_rested":2,"item_purchase_floors":[2,28,28,39],"current_hp_per_floor":[74,74,70,59,52,52,52,52,52,51,55,55,27,26,48,19,75,71,75,61,61,64,64,66,66,66,69,69,69,73,73,73,69,80,80,80,80,70,70,70,64,59,59,59,59,44,48,38,62,0],"gold":134,"neow_bonus":"","is_prod":false,"is_daily":true,"chose_seed":false,"campfire_upgraded":7,"win_rate":0,"timestamp":1531914078,"path_taken":["M","$","M","M","M","R","?","R","T","?","M","M","?","E","R","BOSS","M","M","?","?","M","R","M","R","T","E","$","M","M","?","R","BOSS","M","M","M","?","$","R","E","M","T","?","R","M","?","M","R","BOSS"],"build_version":"2018-07-12","purchased_purges":2,"victory":false,"max_hp_per_floor":[75,75,75,75,75,75,75,75,75,75,75,75,75,75,75,75,75,75,75,80,80,80,80,80,80,80,80,80,80,80,80,80,80,80,80,80,80,80,80,80,80,80,80,80,80,80,80,80,80,80],"card_choices":[{"not_picked":["Darkness"],"picked":"Recycle","floor":1},{"not_picked":["Gash"],"picked":"Heatsinks","floor":3},{"not_picked":["Gash"],"picked":"BootSequence","floor":4},{"not_picked":["Steam"],"picked":"Gash","floor":5},{"not_picked":["Self Repair"],"picked":"Skim","floor":10},{"not_picked":["Reprogram"],"picked":"Double Energy","floor":11},{"not_picked":["Redo"],"picked":"Conserve Battery","floor":12},{"not_picked":["Coolheaded"],"picked":"FTL","floor":13},{"not_picked":["Beam Cell"],"picked":"Seek","floor":14},{"not_picked":["Buffer"],"picked":"Meteor Strike","floor":16},{"not_picked":["Loop"],"picked":"Turbo+1","floor":18},{"not_picked":["Sweeping Beam"],"picked":"Cold Snap","floor":19},{"not_picked":["Leap+1"],"picked":"Streamline+1","floor":22},{"not_picked":["Recycle+1"],"picked":"Darkness+1","floor":24},{"not_picked":["Recycle+1"],"picked":"Consume+1","floor":27},{"not_picked":["Static Discharge"],"picked":"Redo+1","floor":29},{"not_picked":["Blizzard"],"picked":"Sweeping Beam","floor":30},{"not_picked":["Machine Learning"],"picked":"All For One","floor":33},{"not_picked":["Ball Lightning"],"picked":"Darkness+1","floor":35},{"not_picked":["Leap+1"],"picked":"Steam+1","floor":36},{"not_picked":["Rebound"],"picked":"Cold Snap+1","floor":37},{"not_picked":["Trip+1"],"picked":"Panache","floor":38},{"not_picked":["Panacea+1"],"picked":"Jack Of All Trades+1","floor":38},{"not_picked":["Sadistic Nature"],"picked":"Thinking Ahead+1","floor":38},{"not_picked":["Glacier+1"],"picked":"Conserve Battery+1","floor":41},{"not_picked":["Steam+1"],"picked":"Gash","floor":42},{"not_picked":["Steam Power+1"],"picked":"Gash","floor":46},{"not_picked":["Heatsinks"],"picked":"Capacitor","floor":47},{"not_picked":["Genetic Algorithm+1"],"picked":"Conserve Battery+1","floor":48}],"player_experience":85311,"relics_obtained":[{"floor":9,"key":"Whetstone"},{"floor":10,"key":"Odd Mushroom"},{"floor":13,"key":"Bronze Scales"},{"floor":14,"key":"Toxic Egg 2"},{"floor":26,"key":"Anchor"},{"floor":27,"key":"Vajra"},{"floor":41,"key":"Juzu Bracelet"},{"floor":43,"key":"Boot"},{"floor":47,"key":"Ice Cream"}],"event_choices":[{"event_name":"Living Wall","player_choice":"Change","floor":7,"damage_taken":0},{"event_name":"Mushrooms","player_choice":"Fought Mushrooms","floor":10,"damage_taken":0},{"event_name":"Dead Adventurer","player_choice":"Searched \u00271\u0027 times","floor":13,"damage_taken":0},{"event_name":"Forgotten Altar","player_choice":"Shed Blood","floor":20,"damage_taken":0},{"event_name":"Match and Keep!","player_choice":"2 cards matched","floor":21,"damage_taken":0},{"event_name":"The Joust","player_choice":"Bet on Owner","floor":31,"damage_taken":0},{"event_name":"SensoryStone","player_choice":"Memory 3","floor":38,"damage_taken":0},{"event_name":"The Woman in Blue","player_choice":"Bought 0 Potions","floor":44,"damage_taken":0},{"event_name":"Mysterious Sphere","player_choice":"Fight","floor":47,"damage_taken":0}],"boss_relics":[{"not_picked":["Nuclear Battery","Coffee Dripper"],"picked":"Runic Pyramid"},{"not_picked":["Black Star","Velvet Choker"],"picked":"Inserter"}],"items_purged_floors":[28,39],"is_endless":false,"potions_floor_spawned":[1,5,11,13,14,16,18,19,22,33,35,46,47],"killed_by":"Time Eater","ascension_level":0}