{"gold_per_floor":[115,115,40,0,12,12,24,48,118,147,147,159,193,193],"floor_reached":14,"playtime":531,"items_purged":[],"score":191,"play_id":"0ccc2931-2a04-4f64-b0f4-b30b77d208ee","local_time":"20190614031856","is_ascension_mode":true,"campfire_choices":[{"data":"Madness","floor":6,"key":"SMITH"},{"floor":11,"key":"REST"}],"neow_cost":"NONE","seed_source_timestamp":84937410336413,"circlet_count":0,"master_deck":["AscendersBane","Strike_B","Strike_B","Strike_B","Defend_B","Defend_B","Defend_B","Defend_B","Zap","Dualcast","Madness+1","Seek","Coolheaded","Barrage","Skim"],"relics":["Cracked Core","Vajra","The Courier","Turnip","Prayer Wheel"],"potions_floor_usage":[10,13],"damage_taken":[{"damage":2,"enemies":"Cultist","floor":1,"turns":4},{"damage":4,"enemies":"Jaw Worm","floor":5,"turns":3},{"damage":6,"enemies":"2 Louse","floor":7,"turns":2},{"damage":32,"enemies":"Gremlin Nob","floor":10,"turns":4},{"damage":9,"enemies":"Looter","floor":12,"turns":4},{"damage":19,"enemies":"Lagavulin","floor":13,"turns":8},{"damage":13,"enemies":"Large Slime","floor":14,"turns":1}],"seed_played":"1447836317660159451","potions_obtained":[{"floor":1,"key":"FocusPotion"},{"floor":10,"key":"Energy Potion"},{"floor":13,"key":"Fire Potion"}],"is_trial":false,"path_per_floor":["M","?","?","?","M","R","M","T","T","E","R","M","E","M"],"character_chosen":"DEFECT","items_purchased":[],"campfire_rested":1,"item_purchase_floors":[],"current_hp_per_floor":[62,62,62,62,58,58,52,52,52,20,41,32,13,0],"gold":193,"neow_bonus":"RANDOM_COLORLESS","is_prod":false,"is_daily":false,"chose_seed":false,"campfire_upgraded":1,"win_rate":0,"timestamp":1560453536,"path_taken":["M","?","?","?","M","R","M","?","T","E","R","M","E","M"],"build_version":"2019-01-23","purchased_purges":0,"victory":false,"max_hp_per_floor":[71,71,71,71,71,71,71,71,71,71,71,71,71,71],"card_choices":[{"not_picked":["Sweeping Beam","Streamline","Stack"],"picked":"SKIP","floor":1},{"not_picked":["Leap","Go for the Eyes"],"picked":"Seek","floor":5},{"not_picked":["Rebound","Turbo","Stack"],"picked":"SKIP","floor":7},{"not_picked":["Doom and Gloom","Conserve Battery"],"picked":"Coolheaded","floor":10},{"not_picked":["Conserve Battery","Chaos"],"picked":"Barrage","floor":12},{"not_picked":["Self Repair","Gash"],"picked":"Skim","floor":13}],"player_experience":674621,"relics_obtained":[{"floor":8,"key":"Vajra"},{"floor":9,"key":"The Courier"},{"floor":10,"key":"Turnip"},{"floor":13,"key":"Prayer Wheel"}],"event_choices":[{"damage_healed":0,"gold_gain":0,"player_choice":"Ignored","damage_taken":0,"max_hp_gain":0,"max_hp_loss":0,"event_name":"Golden Idol","floor":2,"gold_loss":0},{"cards_removed":["Strike_B"],"damage_healed":0,"gold_gain":0,"player_choice":"Card Removal","damage_taken":0,"max_hp_gain":0,"max_hp_loss":0,"event_name":"The Cleric","floor":3,"gold_loss":75},{"damage_healed":0,"gold_gain":0,"player_choice":"Left Gold","damage_taken":0,"max_hp_gain":0,"max_hp_loss":0,"event_name":"World of Goop","floor":4,"gold_loss":40}],"is_beta":false,"boss_relics":[],"items_purged_floors":[],"is_endless":false,"potions_floor_spawned":[1,10,13],"killed_by":"Large Slime","ascension_level":19}