{"gold_per_floor":[16,16,26,45,63,63,98,98,98,111,123,151,480,499,499,572,572,587,301,312,312,312,312,312],"floor_reached":24,"playtime":955,"items_purged":[],"score":395,"play_id":"bfc7f16c-e482-43d5-931a-68b55395db6f","local_time":"20190607014104","is_ascension_mode":true,"campfire_choices":[{"data":"Crippling Poison","floor":6.0,"key":"SMITH"},{"floor":8.0,"key":"REST"},{"floor":15.0,"key":"REST"},{"floor":23,"key":"REST"}],"neow_cost":"NO_GOLD","seed_source_timestamp":443564368024826,"circlet_count":0,"master_deck":["AscendersBane","Defend_G+1","Defend_G+1","Defend_G+1","Defend_G+1","Strike_G+1","Strike_G+1","Strike_G+1","Strike_G+1","Survivor","Neutralize","Crippling Poison+1","PiercingWail","Quick Slash","Well Laid Plans","PiercingWail","Corpse Explosion","Cloak And Dagger","Dagger Spray","Dodge and Roll","Tools of the Trade","Escape Plan"],"special_seed":0,"relics":["Ring of the Snake","Letter Opener","StoneCalendar","Odd Mushroom","Old Coin","White Beast Statue","Matryoshka"],"potions_floor_usage":[16,24,24],"damage_taken":[{"damage":3.0,"enemies":"Cultist","floor":1.0,"turns":4.0},{"damage":4.0,"enemies":"2 Louse","floor":3.0,"turns":4.0},{"damage":0.0,"enemies":"Small Slimes","floor":4.0,"turns":4.0},{"damage":13.0,"enemies":"2 Fungi Beasts","floor":5.0,"turns":5.0},{"damage":29.0,"enemies":"Gremlin Nob","floor":7.0,"turns":5.0},{"damage":3.0,"enemies":"Red Slaver","floor":10.0,"turns":5.0},{"damage":3.0,"enemies":"Gremlin Gang","floor":11.0,"turns":3.0},{"damage":0.0,"enemies":"The Mushroom Lair","floor":12.0,"turns":2.0},{"damage":18.0,"enemies":"Lagavulin","floor":13.0,"turns":6.0},{"damage":2.0,"enemies":"Looter","floor":14.0,"turns":3.0},{"damage":4,"enemies":"Slime Boss","floor":16,"turns":8},{"damage":31,"enemies":"Shell Parasite","floor":18,"turns":7},{"damage":21,"enemies":"Spheric Guardian","floor":20,"turns":7},{"damage":24,"enemies":"Book of Stabbing","floor":24,"turns":6}],"seed_played":"-4257065400503508748","potions_obtained":[{"floor":1.0,"key":"Block Potion"},{"floor":3.0,"key":"GamblersBrew"},{"floor":5.0,"key":"EssenceOfSteel"},{"floor":7.0,"key":"PowerPotion"},{"floor":14.0,"key":"SpeedPotion"},{"floor":18,"key":"FearPotion"},{"floor":20,"key":"Poison Potion"}],"is_trial":false,"path_per_floor":["M","$","M","M","M","R","E","R","T","M","M","?","E","M","R","B",null,"M","$","M","?","$","R","E"],"character_chosen":"THE_SILENT","items_purchased":["Matryoshka"],"campfire_rested":3,"item_purchase_floors":[19],"current_hp_per_floor":[56,56,52,52,39,39,10,29,29,26,23,23,5,3,22,18,54,23,23,2,2,2,21,0],"gold":312,"neow_bonus":"REMOVE_TWO","is_prod":false,"is_daily":false,"chose_seed":false,"campfire_upgraded":1,"win_rate":0,"timestamp":1559842864,"path_taken":["M","?","M","M","M","R","E","R","T","M","M","?","E","M","R","BOSS","M","$","M","?","$","R","E"],"build_version":"2019-01-23","purchased_purges":0,"victory":false,"max_hp_per_floor":[66,66,66,66,66,66,66,66,66,66,66,66,66,66,66,66,66,66,66,66,66,66,66,66],"card_choices":[{"not_picked":["Sucker Punch","Caltrops"],"picked":"Crippling Poison","floor":1.0},{"not_picked":["Bane","Reflex","Accuracy"],"picked":"SKIP","floor":3.0},{"not_picked":["Skewer","Bane"],"picked":"PiercingWail","floor":4.0},{"not_picked":["Heel Hook","Setup"],"picked":"Quick Slash","floor":5.0},{"not_picked":["Blade Dance","Terror"],"picked":"Well Laid Plans","floor":7.0},{"not_picked":["Deflect","Prepared"],"picked":"PiercingWail","floor":10.0},{"not_picked":["Deadly Poison","Bane"],"picked":"Corpse Explosion","floor":11.0},{"not_picked":["Bane","Accuracy"],"picked":"Cloak And Dagger","floor":12.0},{"not_picked":["Bane","Riddle With Holes"],"picked":"Dagger Spray","floor":13.0},{"not_picked":["Endless Agony","Reflex"],"picked":"Dodge and Roll","floor":14.0},{"not_picked":["Doppelganger","Night Terror"],"picked":"Tools of the Trade","floor":16},{"not_picked":["Sucker Punch","Finisher"],"picked":"Escape Plan","floor":18},{"not_picked":["Bane","Acrobatics","Blade Dance"],"picked":"SKIP","floor":20}],"player_experience":644420,"relics_obtained":[{"floor":7.0,"key":"Letter Opener"},{"floor":9.0,"key":"StoneCalendar"},{"floor":12.0,"key":"Odd Mushroom"},{"floor":13.0,"key":"Old Coin"}],"event_choices":[{"damage_healed":0.0,"max_hp_gain":0.0,"max_hp_loss":0.0,"gold_gain":0.0,"event_name":"Mushrooms","player_choice":"Fought Mushrooms","floor":12.0,"gold_loss":0.0,"damage_taken":0.0},{"damage_healed":0,"gold_gain":0,"player_choice":"Simplicity","damage_taken":0,"max_hp_gain":0,"max_hp_loss":0,"event_name":"Back to Basics","floor":21,"gold_loss":0,"cards_upgraded":["Defend_G","Defend_G","Defend_G","Defend_G","Strike_G","Strike_G","Strike_G","Strike_G"]}],"is_beta":false,"boss_relics":[{"not_picked":["HoveringKite","Lizard Tail"],"picked":"White Beast Statue"}],"items_purged_floors":[],"is_endless":false,"potions_floor_spawned":[1,3,5,7,14,18,20],"killed_by":"Book of Stabbing","ascension_level":18}