{"gold_per_floor":[116,116,128,146,158,158,169,169,169,94,94,94,113,128,128,128],"floor_reached":16,"playtime":551,"items_purged":["Defend_R"],"score":160,"play_id":"e39e18fe-2499-4e71-8f90-eec1c5c1b5cc","local_time":"20181220144521","is_ascension_mode":true,"campfire_choices":[{"floor":6,"key":"DIG"},{"floor":8,"key":"DIG"},{"floor":12,"key":"DIG"},{"floor":15,"key":"DIG"}],"neow_cost":"PERCENT_DAMAGE","seed_source_timestamp":678199325582795,"circlet_count":0,"master_deck":["AscendersBane","Strike_R","Strike_R","Strike_R","Strike_R","Defend_R","Defend_R","Defend_R","Bash","Iron Wave","Seeing Red","Ghostly Armor","Flex","Metallicize"],"relics":["Burning Blood","Shovel","Du-Vu Doll","Unceasing Top","Champion Belt","Darkstone Periapt","Ginger","Dodecahedron"],"potions_floor_usage":[7,16,16],"damage_taken":[{"damage":2,"enemies":"Jaw Worm","floor":1,"turns":3},{"damage":6,"enemies":"Cultist","floor":3,"turns":3},{"damage":1,"enemies":"2 Louse","floor":4,"turns":3},{"damage":16,"enemies":"Blue Slaver","floor":5,"turns":4},{"damage":18,"enemies":"Large Slime","floor":7,"turns":11},{"damage":5,"enemies":"Red Slaver","floor":13,"turns":5},{"damage":4,"enemies":"Blue Slaver","floor":14,"turns":4},{"damage":47,"enemies":"Hexaghost","floor":16,"turns":12}],"seed_played":"-8205902163226424483","potions_obtained":[{"floor":4,"key":"Swift Potion"},{"floor":7,"key":"SpeedPotion"},{"floor":14,"key":"BloodPotion"}],"is_trial":false,"path_per_floor":["M","?","M","M","M","R","M","R","T","$","T","R","M","M","R","B"],"character_chosen":"IRONCLAD","items_purchased":[],"campfire_rested":0,"item_purchase_floors":[],"current_hp_per_floor":[54,54,54,59,49,49,37,37,37,37,37,37,38,40,40,0],"gold":128,"neow_bonus":"ONE_RARE_RELIC","is_prod":false,"is_daily":false,"chose_seed":false,"campfire_upgraded":0,"win_rate":0,"timestamp":1545288321,"path_taken":["M","?","M","?","M","R","M","R","T","?","?","R","M","M","R","BOSS"],"build_version":"2018-12-13","purchased_purges":1,"victory":false,"max_hp_per_floor":[75,75,75,75,75,75,75,75,75,75,75,75,75,75,75,75],"card_choices":[{"not_picked":["Havoc","Sword Boomerang"],"picked":"Iron Wave","floor":1},{"not_picked":["Pummel","Carnage"],"picked":"Seeing Red","floor":3},{"not_picked":["Disarm","Sword Boomerang","Perfected Strike"],"picked":"SKIP","floor":4},{"not_picked":["Clothesline","Pummel","Flex"],"picked":"SKIP","floor":5},{"not_picked":["Reaper","Rage"],"picked":"Ghostly Armor","floor":7},{"not_picked":["Shockwave","Shrug It Off"],"picked":"Flex","floor":13},{"not_picked":["Shrug It Off","Wild Strike"],"picked":"Metallicize","floor":14}],"player_experience":598914,"relics_obtained":[{"floor":6,"key":"Du-Vu Doll"},{"floor":8,"key":"Unceasing Top"},{"floor":9,"key":"Champion Belt"},{"floor":11,"key":"Darkstone Periapt"},{"floor":12,"key":"Ginger"},{"floor":15,"key":"Dodecahedron"}],"event_choices":[{"cards_removed":["Strike_R"],"damage_healed":0,"gold_gain":0,"player_choice":"Purged","damage_taken":0,"max_hp_gain":0,"max_hp_loss":0,"event_name":"Purifier","floor":2,"gold_loss":0}],"is_beta":false,"boss_relics":[],"items_purged_floors":[10],"is_endless":false,"potions_floor_spawned":[4,7,14],"killed_by":"Hexaghost","ascension_level":14}