{"gold_per_floor":[112,37,37,47,58,58,72,72,96,116,151,151,170,180,180,277,277,294,327,327,227,142,169,189,224,249,280,280,280,280,297,297,398,398,410,410,380,107,117,144,144,144],"floor_reached":42,"playtime":3737,"items_purged":["Strike_G","Defend_G","Defend_G"],"score":693,"play_id":"f80615a3-71d5-45cf-8612-5581ac3b33e2","local_time":"20190609074016","is_ascension_mode":true,"campfire_choices":[{"data":"Neutralize","floor":6,"key":"SMITH"},{"data":"Masterful Stab","floor":8,"key":"SMITH"},{"data":"Backstab","floor":12,"key":"SMITH"},{"data":"Choke","floor":15,"key":"SMITH"},{"data":"Adrenaline","floor":28,"key":"SMITH"},{"data":"Noxious Fumes","floor":29,"key":"SMITH"},{"data":"Masterful Stab","floor":30,"key":"SMITH"},{"data":"Prepared","floor":32,"key":"SMITH"},{"data":"Madness","floor":41,"key":"SMITH"}],"neow_cost":"NONE","seed_source_timestamp":133629716034181,"circlet_count":0,"master_deck":["Defend_G+1","Defend_G","Defend_G","Survivor","Neutralize+1","Finesse","Backstab+1","Escape Plan","Masterful Stab+1","Well Laid Plans","Prepared+1","Masterful Stab+1","Choke+1","Adrenaline+1","Noxious Fumes+1","Cloak And Dagger+1","Bite","Bite","Bite","Bite","Bite","Flying Knee+1","Slice+1","Adrenaline","Decay","Blur+1","Die Die Die","Madness","Madness+1","Slice+1"],"relics":["Ring of the Snake","Bag of Preparation","PreservedInsect","Cursed Key","Red Mask","Darkstone Periapt","Blood Vial","WingedGreaves","Bronze Scales","Singing Bowl","Black Star","Pen Nib","Bottled Tornado","Mummified Hand"],"potions_floor_usage":[11,16,16,16,33,33,39,39,42],"damage_taken":[{"damage":0,"enemies":"2 Louse","floor":1,"turns":3},{"damage":0,"enemies":"Small Slimes","floor":4,"turns":3},{"damage":0,"enemies":"Jaw Worm","floor":5,"turns":4},{"damage":0,"enemies":"2 Fungi Beasts","floor":7,"turns":2},{"damage":0,"enemies":"3 Louse","floor":10,"turns":2},{"damage":1,"enemies":"Lagavulin","floor":11,"turns":6},{"damage":0,"enemies":"Blue Slaver","floor":13,"turns":1},{"damage":0,"enemies":"Exordium Thugs","floor":14,"turns":4},{"damage":66,"enemies":"Hexaghost","floor":16,"turns":16},{"damage":0,"enemies":"Shell Parasite","floor":18,"turns":3},{"damage":3,"enemies":"Masked Bandits","floor":19,"turns":3},{"damage":35,"enemies":"Gremlin Leader","floor":23,"turns":4},{"damage":0,"enemies":"Spheric Guardian","floor":24,"turns":1},{"damage":7,"enemies":"Slavers","floor":25,"turns":3},{"damage":0,"enemies":"Gremlin Leader","floor":27,"turns":5},{"damage":0,"enemies":"Shelled Parasite and Fungi","floor":31,"turns":3},{"damage":33,"enemies":"Automaton","floor":33,"turns":10},{"damage":21,"enemies":"3 Shapes","floor":35,"turns":3},{"damage":25,"enemies":"3 Darklings","floor":39,"turns":6},{"damage":0,"enemies":"Nemesis","floor":40,"turns":1},{"damage":48,"enemies":"Reptomancer","floor":42,"turns":3}],"seed_played":"-4397667748390159372","potions_obtained":[{"floor":4,"key":"GamblersBrew"},{"floor":5,"key":"Ancient Potion"},{"floor":7,"key":"Regen Potion"},{"floor":13,"key":"SkillPotion"},{"floor":16,"key":"Fruit Juice"},{"floor":19,"key":"LiquidBronze"},{"floor":23,"key":"FearPotion"},{"floor":27,"key":"Explosive Potion"},{"floor":37,"key":"Poison Potion"},{"floor":37,"key":"Block Potion"}],"is_trial":false,"path_per_floor":["M","$","?","M","M","R","M","R","T","M","E","R","M","M","R","B",null,"M","?","?","$","?","E","M","E","T","E","R","R","R","M","R","B",null,"M","?","?","$","M","E","R","E"],"character_chosen":"THE_SILENT","items_purchased":["Pen Nib"],"campfire_rested":0,"item_purchase_floors":[38],"current_hp_per_floor":[70,70,56,56,56,56,56,56,56,56,69,69,69,69,69,8,58,58,55,52,52,52,25,29,34,40,54,54,54,54,60,60,43,56,45,37,37,37,24,32,32,0],"gold":144,"neow_bonus":"RANDOM_COLORLESS","is_prod":false,"is_daily":false,"chose_seed":false,"campfire_upgraded":9,"win_rate":0,"timestamp":1560037216,"path_taken":["M","$","?","M","M","R","M","R","T","M","E","R","M","M","R","BOSS","M","?","?","$","?","E","M","E","T","E","R","R","R","M","R","BOSS","M","?","?","$","?","E","R","E"],"build_version":"2019-01-23","purchased_purges":3,"victory":false,"max_hp_per_floor":[70,70,70,70,70,70,70,70,70,70,70,70,70,70,70,75,75,75,75,52,52,52,52,52,52,58,58,58,58,58,60,60,60,60,62,62,62,62,62,64,64,64],"card_choices":[{"not_picked":["Sucker Punch","Flechettes"],"picked":"Backstab","floor":1},{"not_picked":["Concentrate","Crippling Poison"],"picked":"Escape Plan","floor":4},{"not_picked":["Choke","Prepared"],"picked":"Masterful Stab","floor":5},{"not_picked":["Concentrate","Sucker Punch"],"picked":"Well Laid Plans","floor":7},{"not_picked":["Outmaneuver","Deadly Poison"],"picked":"Prepared","floor":10},{"not_picked":["Glass Knife","Reflex","Poisoned Stab"],"picked":"SKIP","floor":11},{"not_picked":["Dagger Throw","Blade Dance"],"picked":"Masterful Stab","floor":13},{"not_picked":["Skewer","Expertise"],"picked":"Choke","floor":14},{"not_picked":["Unload","Phantasmal Killer"],"picked":"Adrenaline","floor":16},{"not_picked":["Dagger Spray","Tactician"],"picked":"Noxious Fumes","floor":18},{"not_picked":["Poisoned Stab","Caltrops"],"picked":"Cloak And Dagger+1","floor":19},{"not_picked":["Bane","Doppelganger"],"picked":"Flying Knee+1","floor":23},{"not_picked":["Deflect","Dodge and Roll"],"picked":"Slice+1","floor":24},{"not_picked":["Skewer","Accuracy"],"picked":"Adrenaline","floor":25},{"not_picked":["Backstab","Quick Slash"],"picked":"Blur+1","floor":27},{"not_picked":["Finisher","Deadly Poison","Backflip"],"picked":"Singing Bowl","floor":31},{"not_picked":["Venomology","Tools of the Trade"],"picked":"Die Die Die","floor":33},{"not_picked":["Underhanded Strike","Dagger Throw+1","Backflip"],"picked":"Singing Bowl","floor":35},{"not_picked":["Backflip","Masterful Stab"],"picked":"Slice+1","floor":39},{"not_picked":["Concentrate","Deflect","Infinite Blades"],"picked":"Singing Bowl","floor":40}],"player_experience":699700,"relics_obtained":[{"floor":9,"key":"Bag of Preparation"},{"floor":11,"key":"PreservedInsect"},{"floor":19,"key":"Red Mask"},{"floor":23,"key":"Blood Vial"},{"floor":25,"key":"WingedGreaves"},{"floor":26,"key":"Bronze Scales"},{"floor":27,"key":"Singing Bowl"},{"floor":40,"key":"Bottled Tornado"},{"floor":40,"key":"Mummified Hand"}],"event_choices":[{"damage_healed":0,"gold_gain":0,"player_choice":"Entered Light","damage_taken":14,"max_hp_gain":0,"max_hp_loss":0,"event_name":"Shining Light","floor":3,"gold_loss":0,"cards_upgraded":["Strike_G","Defend_G"]},{"damage_healed":0,"gold_gain":0,"player_choice":"Fought Bandits","damage_taken":0,"max_hp_gain":0,"max_hp_loss":0,"event_name":"Masked Bandits","floor":19,"gold_loss":0},{"damage_healed":0,"gold_gain":0,"player_choice":"Became a vampire","damage_taken":0,"max_hp_gain":0,"max_hp_loss":23,"event_name":"Vampires","floor":20,"gold_loss":0,"cards_obtained":["Bite","Bite","Bite","Bite","Bite"]},{"damage_healed":0,"gold_gain":0,"player_choice":"Obtained Relic","damage_taken":0,"relics_obtained":["Darkstone Periapt"],"max_hp_gain":0,"max_hp_loss":0,"event_name":"Addict","floor":22,"gold_loss":85},{"damage_healed":0,"gold_gain":0,"player_choice":"Embrace Madness","damage_taken":8,"max_hp_gain":0,"max_hp_loss":0,"event_name":"Winding Halls","floor":36,"gold_loss":0,"cards_obtained":["Madness","Madness"]},{"damage_healed":0,"gold_gain":0,"player_choice":"Bought 2 Potions","damage_taken":0,"max_hp_gain":0,"max_hp_loss":0,"event_name":"The Woman in Blue","floor":37,"gold_loss":0}],"is_beta":false,"boss_relics":[{"not_picked":["Busted Crown","Calling Bell"],"picked":"Cursed Key"},{"not_picked":["Runic Dome","White Beast Statue"],"picked":"Black Star"}],"items_purged_floors":[2,21,38],"is_endless":false,"potions_floor_spawned":[4,5,7,13,16,19,23,27],"killed_by":"Reptomancer","ascension_level":5}