{"path_per_floor":["M","?","M","M","M","R","M","$","T","R","M","R","?","M","R","B",null,"M","M","$"],"character_chosen":"THE_SILENT","items_purchased":["Backflip","Dagger Throw"],"gold_per_floor":[109,109,121,131,146,146,165,44,44,44,61,61,61,75,75,177,177,189,202,48],"floor_reached":21,"campfire_rested":1,"playtime":1486,"current_hp_per_floor":[58,58,44,41,39,39,35,35,35,53,44,44,44,42,42,11,48,12,5,5],"items_purged":["Defend_G","Strike_G"],"gold":48,"score":277,"play_id":"d90d9593-7c4d-44f1-b9f0-415125ce2e96","local_time":"20180315232045","is_prod":false,"is_daily":false,"is_ascension_mode":true,"campfire_upgraded":3,"timestamp":1521174045,"path_taken":["M","?","?","M","?","R","M","$","T","R","?","R","?","M","R","BOSS","M","M","?","?"],"build_version":"2018-03-15","purchased_purges":3,"victory":false,"master_deck":["Defend_G","Defend_G","Defend_G","Defend_G","Strike_G","Strike_G","Strike_G","Survivor","Neutralize","PiercingWail","Neutralize","Dagger Spray","Backflip+1","Backflip+1","Backflip+1","Dagger Throw","Burst","Caltrops","Dagger Throw"],"max_hp_per_floor":[60,60,60,60,60,60,60,60,60,60,60,60,60,60,60,60,60,60,60,60],"relics":["Ring of the Snake","Unceasing Top","Eternal Feather"],"card_choices":[{"not_picked":["Deflect","Crippling Poison"],"picked":"PiercingWail"},{"not_picked":["Venomology","Dagger Throw"],"picked":"Dagger Spray"},{"not_picked":["Infinite Blades","Deflect"],"picked":"Backflip"},{"not_picked":["Poisoned Stab","Acrobatics"],"picked":"Backflip"},{"not_picked":["Predator","Deadly Poison"],"picked":"Dagger Throw"},{"not_picked":["Glass Knife","Doppelganger"],"picked":"Burst"},{"not_picked":["Deflect","Blade Dance"],"picked":"Caltrops"}],"player_experience":278098,"potions_floor_usage":[7,16,16,19],"damage_taken":[{"damage":2,"enemies":"Small Slimes","floor":1,"turns":4},{"damage":14,"enemies":"Cultist","floor":3,"turns":6},{"damage":3,"enemies":"Jaw Worm","floor":4,"turns":6},{"damage":2,"enemies":"Red Slaver","floor":5,"turns":5},{"damage":4,"enemies":"Lots of Slimes","floor":7,"turns":4},{"damage":9,"enemies":"Gremlin Gang","floor":11,"turns":4},{"damage":2,"enemies":"Blue Slaver","floor":14,"turns":4},{"damage":31,"enemies":"The Guardian","floor":16,"turns":20},{"damage":36,"enemies":"Chosen","floor":18,"turns":10},{"damage":7,"enemies":"Shell Parasite","floor":19,"turns":10},{"damage":17,"enemies":"Chosen and Byrds","floor":21,"turns":4}],"event_choices":[{"event_name":"Match and Keep!","player_choice":"1 cards matched","floor":2,"damage_taken":0},{"event_name":"The Woman in Blue","player_choice":"Bought 0 Potions","floor":13,"damage_taken":0}],"boss_relics":[{"not_picked":["Black Star","White Beast Statue"],"picked":"Eternal Feather"}],"potions_floor_spawned":[4,11,14,16,19],"seed_played":"8546210004537984470","killed_by":"Chosen and Byrds","ascension_level":12,"is_trial":false}