{"gold_per_floor":[109,34,34,49,64,64,84,84,84,121,157,169,181,213,225,237],"floor_reached":16,"playtime":1292,"items_purged":["Defend_R"],"score":100,"play_id":"2a1e40e5-f374-4a47-afb4-2cdd17bffe0d","local_time":"20180721185930","is_ascension_mode":false,"campfire_choices":[{"data":"Bash","floor":6,"key":"SMITH"},{"data":"Defend_R","floor":8,"key":"SMITH"},{"floor":12,"key":"REST"},{"data":"Defend_R","floor":15,"key":"SMITH"}],"neow_cost":"TEN_PERCENT_HP_LOSS","seed_source_timestamp":84924833211534,"circlet_count":0,"master_deck":["Strike_R","Strike_R","Defend_R","Defend_R+1","Defend_R+1","Bash+1"],"relics":["Burning Blood","MawBank","Darkstone Periapt","Odd Mushroom"],"potions_floor_usage":[10,16],"damage_taken":[{"damage":1,"enemies":"Cultist","floor":1,"turns":4},{"damage":4,"enemies":"Jaw Worm","floor":4,"turns":6},{"damage":2,"enemies":"Small Slimes","floor":5,"turns":4},{"damage":0,"enemies":"Exordium Wildlife","floor":7,"turns":4},{"damage":46,"enemies":"Lagavulin","floor":10,"turns":10},{"damage":24,"floor":11,"turns":6},{"damage":3,"enemies":"Exordium Thugs","floor":14,"turns":10},{"damage":37,"enemies":"Hexaghost","floor":16,"turns":10}],"seed_played":"-6934971372616331669","potions_obtained":[{"floor":1,"key":"EssenceOfSteel"},{"floor":14,"key":"Fire Potion"}],"is_trial":false,"path_per_floor":["M","$","$","M","M","R","M","R","T","E","?","R","?","M","R"],"character_chosen":"IRONCLAD","items_purchased":[],"campfire_rested":1,"item_purchase_floors":[],"current_hp_per_floor":[72,72,72,72,72,72,72,72,72,32,14,35,28,31,31,0],"gold":237,"neow_bonus":"REMOVE_TWO","is_prod":false,"is_daily":false,"chose_seed":false,"campfire_upgraded":3,"win_rate":0,"timestamp":1532170770,"path_taken":["M","?","$","?","M","R","M","R","T","E","?","R","?","?","R","BOSS"],"build_version":"2018-07-19v2","purchased_purges":1,"victory":false,"max_hp_per_floor":[72,72,72,72,72,72,72,72,72,72,72,72,72,72,72,72],"card_choices":[{"not_picked":["Anger","Pommel Strike","Clothesline"],"picked":"SKIP","floor":1},{"not_picked":["Thunderclap","Sword Boomerang","Armaments"],"picked":"SKIP","floor":4},{"not_picked":["Anger","Corruption","Sword Boomerang"],"picked":"SKIP","floor":5},{"not_picked":["Wild Strike","Clothesline","Clash"],"picked":"SKIP","floor":7},{"not_picked":["Spot Weakness","Pommel Strike","Rage"],"picked":"SKIP","floor":10},{"not_picked":["Sword Boomerang","Twin Strike","Feel No Pain"],"picked":"SKIP","floor":14}],"player_experience":206646,"relics_obtained":[{"floor":9,"key":"MawBank"},{"floor":10,"key":"Darkstone Periapt"},{"floor":11,"key":"Odd Mushroom"}],"event_choices":[{"event_name":"Mushrooms","player_choice":"Fought Mushrooms","floor":11,"damage_taken":0},{"event_name":"Golden Wing","player_choice":"Card Removal","floor":13,"damage_taken":0}],"is_beta":false,"boss_relics":[],"items_purged_floors":[2],"is_endless":false,"potions_floor_spawned":[1,14],"killed_by":"Hexaghost","ascension_level":0}