{"path_per_floor":["M","?","?","?","$","R","M","E","T","E","$","R","E","$","R","B",null,"M","M","?","M","?","E","R","M","T","R","M","M","M","M","R","B",null,"M","?","M","M","?","R","M","M","T","M","R","M","M","M","R"],"character_chosen":"DEFECT","items_purchased":["Seek","Stack","Glacier","Ball Lightning"],"gold_per_floor":[119,119,119,194,33,33,43,75,75,106,82,82,117,15,15,120,120,130,143,143,163,163,197,197,208,208,208,223,238,252,263,263,360,360,380,380,399,411,411,411,425,442,442,454,454,465,475,487,487,487],"floor_reached":50,"campfire_rested":7,"playtime":4333,"current_hp_per_floor":[68,68,73,62,62,62,63,37,37,28,28,52,26,26,50,44,71,72,72,72,55,55,16,40,43,43,67,74,65,62,62,62,61,75,76,86,77,43,43,68,23,34,40,33,60,31,16,23,50,0],"items_purged":[],"gold":487,"score":781,"play_id":"b61a8fb4-8e0f-4602-8cd7-fa5918a25233","local_time":"20180503155440","is_prod":false,"is_daily":false,"chose_seed":false,"is_ascension_mode":true,"campfire_upgraded":2,"timestamp":1525380880,"path_taken":["M","?","?","?","$","R","?","E","T","E","$","R","E","$","R","BOSS","M","?","?","M","?","E","R","M","T","R","M","M","?","M","R","BOSS","M","?","M","M","?","R","M","M","T","M","R","M","M","M","R","BOSS"],"build_version":"2018-05-02","seed_source_timestamp":529755619821392,"purchased_purges":0,"victory":false,"master_deck":["Strike_B+1","Strike_B+1","Defend_B+1","Defend_B+1","Defend_B+1","Defend_B+1","Zap","Dualcast","AscendersBane","Sunder","Self Repair","Seek+1","Barrage","Rebound+1","Ball Lightning+1","Stack","FTL+1","Glacier","Creative AI+1","Streamline+1","Defragment+1","Stack","BootSequence","Reinforced Body+1","Machine Learning","Leap","Writhe","Cold Snap+1","Stack","Auto Shields","Injury","Glacier+1","White Noise+1"],"max_hp_per_floor":[75,75,80,80,80,80,80,80,80,80,80,80,80,80,80,80,80,80,80,80,80,80,80,80,80,80,80,80,80,80,80,80,80,80,80,86,86,86,86,86,86,86,92,92,92,92,92,92,92,92],"relics":["Cracked Core","Molten Egg 2","Peace Pipe","Bag of Preparation","Ornamental Fan","Cursed Key","Darkstone Periapt","Lizard Tail","Matryoshka"],"card_choices":[{"not_picked":["Streamline","Lockon"],"picked":"Barrage","floor":7},{"not_picked":["Amplify","Hello World"],"picked":"Rebound","floor":8},{"not_picked":["Stack","Double Energy"],"picked":"Ball Lightning","floor":10},{"not_picked":["Streamline","Nova"],"picked":"FTL","floor":13},{"not_picked":["Redo","Biased Cognition"],"picked":"Creative AI","floor":16},{"not_picked":["Aggregate","Coolheaded"],"picked":"Streamline","floor":18},{"not_picked":["Capacitor","Beam Cell"],"picked":"Defragment","floor":21},{"not_picked":["All For One","Heatsinks"],"picked":"Stack","floor":23},{"not_picked":["Reprogram","Doom and Gloom"],"picked":"BootSequence","floor":28},{"not_picked":["Skim","Barrage"],"picked":"Reinforced Body","floor":30},{"not_picked":["All For One","Meteor Strike"],"picked":"Machine Learning","floor":33},{"not_picked":["Coolheaded","Skim"],"picked":"Leap","floor":35},{"not_picked":["Capacitor","Skim"],"picked":"Cold Snap","floor":37},{"not_picked":["Storm","Ball Lightning"],"picked":"Stack","floor":41},{"not_picked":["Barrage","Rebound"],"picked":"Auto Shields","floor":42},{"not_picked":["Recycle","Sweeping Beam"],"picked":"Glacier","floor":46},{"not_picked":["Tempest","Stack"],"picked":"White Noise","floor":47}],"player_experience":150433,"potions_floor_usage":[23,25,28,31,33,41,46,50,50,50],"damage_taken":[{"damage":0,"enemies":"2 Louse","floor":1,"turns":1},{"damage":6,"enemies":"Jaw Worm","floor":7,"turns":5},{"damage":33,"enemies":"Lagavulin","floor":8,"turns":7},{"damage":16,"enemies":"3 Sentries","floor":10,"turns":6},{"damage":33,"enemies":"Gremlin Nob","floor":13,"turns":4},{"damage":13,"enemies":"The Guardian","floor":16,"turns":11},{"damage":6,"enemies":"Spheric Guardian","floor":18,"turns":4},{"damage":0,"enemies":"Chosen","floor":19,"turns":3},{"damage":24,"enemies":"Slaver and Parasite","floor":21,"turns":5},{"damage":39,"enemies":"Slavers","floor":23,"turns":5},{"damage":4,"enemies":"Cultist and Chosen","floor":25,"turns":4},{"damage":0,"enemies":"Chosen and Byrds","floor":28,"turns":4},{"damage":9,"enemies":"3 Cultists","floor":29,"turns":5},{"damage":10,"enemies":"Snake Plant","floor":30,"turns":4},{"damage":0,"enemies":"Cultist and Chosen","floor":31,"turns":5},{"damage":8,"enemies":"Champ","floor":33,"turns":12},{"damage":6,"enemies":"Flame Bruiser 1 Orb","floor":35,"turns":5},{"damage":9,"enemies":"3 Darklings","floor":37,"turns":6},{"damage":41,"enemies":"Spire Growth","floor":38,"turns":7},{"damage":52,"enemies":"Maw","floor":41,"turns":12},{"damage":0,"enemies":"Flame Bruiser 2 Orb","floor":42,"turns":11},{"damage":14,"enemies":"Sphere and 2 Shapes","floor":44,"turns":12},{"damage":36,"enemies":"3 Darklings","floor":46,"turns":8},{"damage":68,"enemies":"Maw","floor":47,"turns":12},{"damage":0,"enemies":"4 Shapes","floor":48,"turns":10},{"damage":60,"enemies":"Time Eater","floor":50,"turns":9}],"event_choices":[{"event_name":"Living Wall","player_choice":"Change","floor":2,"damage_taken":0},{"event_name":"Big Fish","player_choice":"Donut","floor":3,"damage_taken":0},{"event_name":"World of Goop","player_choice":"Gather Gold","floor":4,"damage_taken":0},{"event_name":"Vampires","player_choice":"Ignored","floor":20,"damage_taken":0},{"event_name":"Back to Basics","player_choice":"Simplicity","floor":22,"damage_taken":0},{"event_name":"Winding Halls","player_choice":"Writhe","floor":36,"damage_taken":0}],"boss_relics":[{"not_picked":["Snecko Eye","Runic Pyramid"],"picked":"Cursed Key"},{"not_picked":["Calling Bell","Orrery"],"picked":"Lizard Tail"}],"potions_floor_spawned":[10,16,19,28,29,33,37,41,46,47],"seed_played":"-7735178912426868881","killed_by":"Time Eater","ascension_level":11,"is_trial":false}