{"path_per_floor":["M","?","?","M","M","R","M","M","T","M","M","R","?","$","R","B",null,"M","$","?","M","$","M","R","M","T","M","M","?","M","M","R","B",null,"M","?","$","?","?","R","M","R","T","?","M","R","M","M","R"],"character_chosen":"THE_SILENT","items_purchased":["Noxious Fumes","Noxious Fumes"],"gold_per_floor":[214,214,214,228,245,245,264,274,274,286,300,300,300,225,225,321,351,367,196,196,206,81,94,94,107,107,121,141,141,152,169,169,272,272,290,290,61,61,61,61,73,73,97,97,116,116,127,142,142],"floor_reached":50,"campfire_rested":5,"playtime":2800,"current_hp_per_floor":[61,61,70,66,66,66,66,62,62,62,62,62,62,62,62,30,75,72,72,64,64,64,61,61,61,61,61,62,62,57,43,65,24,75,32,32,32,32,32,54,46,68,68,59,56,75,42,40,62],"items_purged":["Strike_G","Strike_G","Defend_G","Strike_G"],"gold":142,"score":390,"play_id":"9dfc454f-1664-45b9-92a6-ddbcde87631a","is_prod":false,"is_daily":false,"is_ascension_mode":false,"campfire_upgraded":4,"path_taken":["M","?","?","?","M","R","M","M","T","M","M","R","?","?","R","BOSS","M","$","?","M","$","M","R","M","T","M","M","?","M","M","R","BOSS","M","?","$","?","?","R","M","R","T","?","?","R","M","M","R","BOSS"],"build_version":"2018-02-15-PROD1","purchased_purges":4,"victory":false,"master_deck":["Defend_G+1","Defend_G","Defend_G","Strike_G","Survivor+1","Neutralize","Noxious Fumes+1","Dash+1","Poisoned Stab","Venomology","Noxious Fumes+1","Backstab","Escape Plan+1","Die Die Die","Noxious Fumes","Madness","Madness","Dash+1"],"max_hp_per_floor":[70,70,70,70,70,70,70,70,70,70,70,70,70,70,70,70,75,75,75,75,75,75,75,75,75,75,75,75,75,75,75,75,75,75,75,75,75,75,75,75,75,75,75,75,75,75,75,75,75],"relics":["Ring of the Snake","Lantern","Tiny House","Bird Faced Urn","The Specimen","Bag of Preparation"],"card_choices":[{"not_picked":["Tactician","Flechettes"],"picked":"Noxious Fumes"},{"not_picked":["Quick Slash","Footwork"],"picked":"Dash"},{"not_picked":["PiercingWail","Cloak And Dagger"],"picked":"Poisoned Stab"},{"not_picked":["Burst","Doppelganger"],"picked":"Venomology"},{"not_picked":["Deadly Poison","Flying Knee"],"picked":"Backstab"},{"not_picked":["PiercingWail","Accuracy"],"picked":"Escape Plan"},{"not_picked":["Glass Knife","Tools of the Trade"],"picked":"Die Die Die"},{"not_picked":["Deflect","Calculated Gamble"],"picked":"Dash"}],"player_experience":103944,"potions_floor_usage":[16,16,18,21,21,23,23,27,27,30,31,33,33,33,33,41,45,48,50,50,50,50],"damage_taken":[{"damage":9,"enemies":"Small Slimes","floor":1,"turns":6},{"damage":4,"enemies":"Cultist","floor":4,"turns":4},{"damage":0,"enemies":"2 Louse","floor":5,"turns":3},{"damage":0,"enemies":"Blue Slaver","floor":7,"turns":4},{"damage":4,"enemies":"Exordium Thugs","floor":8,"turns":4},{"damage":0,"enemies":"Red Slaver","floor":10,"turns":3},{"damage":0,"enemies":"2 Fungi Beasts","floor":11,"turns":4},{"damage":32,"enemies":"Hexaghost","floor":16,"turns":10},{"damage":3,"enemies":"Shell Parasite","floor":18,"turns":6},{"damage":0,"enemies":"3 Byrds","floor":21,"turns":4},{"damage":3,"enemies":"3 Cultists","floor":23,"turns":5},{"damage":0,"enemies":"Centurion and Healer","floor":25,"turns":6},{"damage":4,"enemies":"Snake Plant","floor":27,"turns":6},{"damage":3,"enemies":"3 Cultists","floor":28,"turns":5},{"damage":9,"enemies":"Centurion and Healer","floor":30,"turns":6},{"damage":18,"enemies":"Cultist and Chosen","floor":31,"turns":5},{"damage":60,"enemies":"Collector","floor":33,"turns":8},{"damage":45,"enemies":"3 Darklings","floor":35,"turns":5},{"damage":14,"enemies":"Orb Walker","floor":41,"turns":4},{"damage":9,"enemies":"3 Darklings","floor":45,"turns":4},{"damage":33,"enemies":"Maw","floor":47,"turns":8},{"damage":14,"enemies":"4 Shapes","floor":48,"turns":5},{"damage":75,"enemies":"Time Eater","floor":50,"turns":12}],"event_choices":[{"event_name":"Bonfire Elementals","player_choice":"BASIC","floor":2,"damage_taken":0},{"event_name":"Big Fish","player_choice":"Banana","floor":3,"damage_taken":0},{"event_name":"Golden Idol","player_choice":"Ignored","floor":13,"damage_taken":0},{"event_name":"Knowing Skull","player_choice":"","floor":20,"damage_taken":0},{"event_name":"Purifier","player_choice":"Skipped","floor":29,"damage_taken":0},{"event_name":"Tomb of Lord Red Mask","player_choice":"Ignored","floor":36,"damage_taken":0},{"event_name":"Mysterious Sphere","player_choice":"Ignore","floor":39,"damage_taken":0},{"event_name":"Winding Halls","player_choice":"Embrace Madness","floor":44,"damage_taken":0}],"boss_relics":[{"not_picked":["Black Star","Cursed Key"],"picked":"Tiny House"},{"not_picked":["Question Card","Calling Bell"],"picked":"The Specimen"}],"potions_floor_spawned":[1,4,5,18,21,28,33,47],"seed_played":"-7714796024805820203","killed_by":"Time Eater","ascension_level":0,"is_trial":false}