{"gold_per_floor":[119,130,140,65,84,84,116,130,207,207,227,227,227,227,227,325,325,344,344,244,244,244,244,277,277,325,325,351,79,91,104,104,104],"floor_reached":33,"playtime":1536,"items_purged":["Strike_R","Strike_R","Evolve"],"score":464,"play_id":"d6126043-9a4b-4cb9-8659-5db09b106e2f","local_time":"20180824064427","is_ascension_mode":true,"campfire_choices":[{"data":"Cleave","floor":6,"key":"SMITH"},{"data":"Bludgeon","floor":10,"key":"SMITH"},{"data":"Uppercut","floor":12,"key":"SMITH"},{"floor":15,"key":"REST"},{"data":"Double Tap","floor":23,"key":"SMITH"},{"data":"Shrug It Off","floor":25,"key":"SMITH"},{"data":"Bloodletting","floor":32,"key":"SMITH"}],"neow_cost":"NONE","seed_source_timestamp":219889586131924,"circlet_count":0,"master_deck":["Defend_R+1","Defend_R+1","Defend_R+1","Defend_R+1","Bash+1","AscendersBane","Dropkick","Shrug It Off+1","Cleave+1","Bludgeon+1","Uppercut+1","Double Tap+1","Bite","Bite","Bite","Bite","Bite","Bloodletting+1"],"relics":["Burning Blood","Bag of Marbles","Self Forming Clay","Torii","White Beast Statue","Gambling Chip","Happy Flower","Red Skull","Lantern"],"potions_floor_usage":[7,24,28,28,33,33],"damage_taken":[{"damage":0,"enemies":"Small Slimes","floor":1,"turns":3},{"damage":1,"enemies":"Cultist","floor":2,"turns":3},{"damage":2,"enemies":"2 Louse","floor":3,"turns":3},{"damage":12,"enemies":"Exordium Wildlife","floor":5,"turns":4},{"damage":32,"enemies":"3 Sentries","floor":7,"turns":9},{"damage":27,"enemies":"Large Slime","floor":8,"turns":6},{"damage":5,"enemies":"Looter","floor":11,"turns":4},{"damage":19,"enemies":"The Guardian","floor":16,"turns":14},{"damage":34,"enemies":"Shell Parasite","floor":18,"turns":6},{"damage":28,"enemies":"Slavers","floor":24,"turns":5},{"damage":4,"enemies":"Book of Stabbing","floor":28,"turns":5},{"damage":7,"enemies":"3 Byrds","floor":30,"turns":4},{"damage":7,"enemies":"3 Cultists","floor":31,"turns":5},{"damage":69,"enemies":"Automaton","floor":33,"turns":8}],"seed_played":"-7251917983117055313","potions_obtained":[{"floor":2,"key":"Ancient Potion"},{"floor":5,"key":"Energy Potion"},{"floor":11,"key":"FearPotion"},{"floor":24,"key":"LiquidBronze"},{"floor":28,"key":"Weak Potion"},{"floor":30,"key":"AttackPotion"},{"floor":31,"key":"LiquidBronze"}],"is_trial":false,"path_per_floor":["M","M","M","$","M","R","E","M","T","R","M","R","?","T","R","B",null,"M","?","$","?","?","R","E","R","T","?","E","$","M","M","R"],"character_chosen":"IRONCLAD","items_purchased":["Lantern"],"campfire_rested":1,"item_purchase_floors":[29],"current_hp_per_floor":[78,80,80,80,74,74,48,27,27,27,28,28,28,28,52,39,70,42,68,68,56,56,56,44,44,44,44,50,50,56,56,56,0],"gold":104,"neow_bonus":"UPGRADE_CARD","is_prod":false,"is_daily":false,"chose_seed":false,"campfire_upgraded":6,"win_rate":0,"timestamp":1535064267,"path_taken":["M","M","M","$","M","R","E","M","T","R","M","R","?","?","R","BOSS","M","?","$","?","?","R","E","R","T","?","E","$","M","?","R","BOSS"],"build_version":"2018-08-16","purchased_purges":3,"victory":false,"max_hp_per_floor":[80,80,80,80,80,80,80,80,80,80,80,80,80,80,80,80,80,80,80,80,56,56,56,56,56,56,56,56,56,56,56,56,56],"card_choices":[{"not_picked":["Heavy Blade","Clash","Sever Soul"],"picked":"SKIP","floor":1},{"not_picked":["Twin Strike","Wild Strike"],"picked":"Dropkick","floor":2},{"not_picked":["Reckless Charge","Sword Boomerang"],"picked":"Shrug It Off","floor":3},{"not_picked":["Carnage","Spot Weakness"],"picked":"Cleave","floor":5},{"not_picked":["Perfected Strike","Combust"],"picked":"Bludgeon","floor":7},{"not_picked":["Armaments","Clash"],"picked":"Uppercut","floor":8},{"not_picked":["Disarm","Burning Pact","Flex"],"picked":"SKIP","floor":11},{"not_picked":["Barricade","Immolate"],"picked":"Double Tap","floor":16},{"not_picked":["Thunderclap","Carnage","Armaments"],"picked":"SKIP","floor":18},{"not_picked":["Clash","Havoc","Power Through+1"],"picked":"SKIP","floor":24},{"not_picked":["Headbutt","Warcry","Thunderclap"],"picked":"SKIP","floor":28},{"not_picked":["Hemokinesis","Iron Wave","Flex"],"picked":"SKIP","floor":30},{"not_picked":["Iron Wave","Twin Strike"],"picked":"Bloodletting","floor":31}],"player_experience":499292,"relics_obtained":[{"floor":7,"key":"Bag of Marbles"},{"floor":9,"key":"Self Forming Clay"},{"floor":14,"key":"Torii"},{"floor":24,"key":"Gambling Chip"},{"floor":26,"key":"Happy Flower"},{"floor":28,"key":"Red Skull"}],"event_choices":[{"event_name":"Transmorgrifier","player_choice":"Transform","floor":13,"damage_taken":0},{"event_name":"The Library","player_choice":"Heal","floor":19,"damage_taken":0},{"event_name":"Vampires","player_choice":"Became a vampire","floor":21,"damage_taken":0},{"event_name":"Ghosts","player_choice":"Ignored","floor":22,"damage_taken":0},{"event_name":"Back to Basics","player_choice":"Simplicity","floor":27,"damage_taken":0}],"is_beta":false,"boss_relics":[{"not_picked":["Eternal Feather","Runic Dome"],"picked":"White Beast Statue"}],"items_purged_floors":[4,20,29],"is_endless":false,"potions_floor_spawned":[2,5,11,18,24,28,30,31],"killed_by":"Automaton","ascension_level":11}