{"gold_per_floor":[117,67,78,78,3,37,37,65,92,104,104,4,4,4,4,102,102,114,114,29,29],"floor_reached":21,"playtime":1195,"items_purged":["Strike_B","Defend_B"],"score":303,"play_id":"7a6a679f-2fbc-43e1-ae0d-3b90e1942670","local_time":"20181209194132","is_ascension_mode":true,"campfire_choices":[{"floor":7,"key":"REST"},{"data":"Zap","floor":11,"key":"SMITH"},{"floor":15,"key":"REST"}],"neow_cost":"NONE","seed_source_timestamp":560000101425824,"circlet_count":0,"master_deck":["Strike_B","Strike_B","Defend_B","Defend_B","Defend_B","Zap+1","Dualcast","Trip","Blizzard","FTL","Chill","Capacitor","Glacier","Multi-Cast","Double Energy","RitualDagger"],"relics":["Cracked Core","Anchor","Boot","Ancient Tea Set","Pen Nib","Nuclear Battery","Juzu Bracelet"],"potions_floor_usage":[16],"damage_taken":[{"damage":1,"enemies":"Cultist","floor":1,"turns":3},{"damage":11,"enemies":"Small Slimes","floor":3,"turns":4},{"damage":72,"enemies":"Gremlin Nob","floor":6,"turns":5},{"damage":15,"enemies":"3 Sentries","floor":8,"turns":9},{"damage":0,"enemies":"2 Louse","floor":10,"turns":2},{"damage":0,"enemies":"Slime Boss","floor":16,"turns":6},{"damage":7,"enemies":"Shell Parasite","floor":18,"turns":8},{"damage":6,"enemies":"Colosseum Slavers","floor":21,"turns":6},{"damage":74,"enemies":"Colosseum Nobs","floor":21,"turns":4}],"seed_played":"8143177916286581009","potions_obtained":[{"floor":8,"key":"Dexterity Potion"},{"floor":10,"key":"PowerPotion"}],"is_trial":false,"path_per_floor":["M","?","M","?","$","E","R","E","T","M","R","$","?","$","R","B",null,"M","?","?","?"],"character_chosen":"DEFECT","items_purchased":[],"campfire_rested":2,"item_purchase_floors":[],"current_hp_per_floor":[67,67,56,75,75,3,25,10,10,10,10,10,10,10,32,32,64,57,51,51,0],"gold":29,"neow_bonus":"RANDOM_COLORLESS","is_prod":false,"is_daily":false,"chose_seed":false,"campfire_upgraded":1,"win_rate":0,"timestamp":1544355692,"path_taken":["M","?","M","?","$","E","R","E","T","M","R","$","?","$","R","BOSS","M","?","?","?"],"build_version":"2018-12-06","purchased_purges":2,"victory":false,"max_hp_per_floor":[75,75,75,75,75,75,75,75,75,75,75,75,75,75,75,75,75,75,75,75,75],"card_choices":[{"not_picked":["Turbo","Storm"],"picked":"Blizzard","floor":1},{"not_picked":["Compile Driver","Recycle"],"picked":"FTL","floor":3},{"not_picked":["Fusion","FTL"],"picked":"Chill","floor":6},{"not_picked":["Conserve Battery","Reboot"],"picked":"Capacitor","floor":8},{"not_picked":["Sweeping Beam","Heatsinks"],"picked":"Glacier","floor":10},{"not_picked":["Machine Learning","Seek"],"picked":"Multi-Cast","floor":16},{"not_picked":["Coolheaded","Steam Power"],"picked":"Double Energy","floor":18}],"player_experience":526299,"relics_obtained":[{"floor":6,"key":"Anchor"},{"floor":8,"key":"Boot"},{"floor":9,"key":"Ancient Tea Set"}],"event_choices":[{"cards_removed":["Strike_B"],"damage_healed":0,"gold_gain":0,"player_choice":"Card Removal","damage_taken":0,"max_hp_gain":0,"max_hp_loss":0,"event_name":"The Cleric","floor":2,"gold_loss":50},{"damage_healed":25,"gold_gain":0,"player_choice":"Banana","damage_taken":0,"max_hp_gain":0,"max_hp_loss":0,"event_name":"Big Fish","floor":4,"gold_loss":0},{"damage_healed":0,"gold_gain":0,"player_choice":"Searched \u00271\u0027 times","damage_taken":0,"relics_obtained":["Pen Nib"],"max_hp_gain":0,"max_hp_loss":0,"event_name":"Dead Adventurer","floor":13,"gold_loss":0},{"damage_healed":0,"gold_gain":0,"player_choice":"Joined the Cult","damage_taken":6,"max_hp_gain":0,"max_hp_loss":0,"event_name":"Nest","floor":19,"gold_loss":0,"cards_obtained":["RitualDagger"]},{"damage_healed":0,"gold_gain":0,"player_choice":"Obtained Relic","damage_taken":0,"relics_obtained":["Juzu Bracelet"],"max_hp_gain":0,"max_hp_loss":0,"event_name":"Addict","floor":20,"gold_loss":85},{"damage_healed":0,"gold_gain":0,"player_choice":"Fight","damage_taken":0,"max_hp_gain":0,"max_hp_loss":0,"event_name":"Colosseum","floor":21,"gold_loss":0},{"damage_healed":0,"gold_gain":0,"player_choice":"Fought Nobs","damage_taken":0,"max_hp_gain":0,"max_hp_loss":0,"event_name":"Colosseum","floor":21,"gold_loss":0}],"is_beta":false,"boss_relics":[{"not_picked":["Runic Pyramid","Coffee Dripper"],"picked":"Nuclear Battery"}],"items_purged_floors":[5,12],"is_endless":false,"potions_floor_spawned":[8,10],"killed_by":"Colosseum Nobs","ascension_level":6}