{"gold_per_floor":[112,112,122,72,72,72,107,107,107,142,142,153,153,173,173,271,271,288,213,213,225,32,32,32,32,58,58,69,79,93,112,112,112],"floor_reached":33,"playtime":1434,"items_purged":["Defend_R","Strike_R"],"score":319,"play_id":"f7dc89b0-c396-4168-bb08-e1b3c80cb678","local_time":"20180814141456","is_ascension_mode":true,"campfire_choices":[{"data":"Spot Weakness","floor":6,"key":"SMITH"},{"data":"Infernal Blade","floor":8,"key":"SMITH"},{"data":"Rupture","floor":11,"key":"SMITH"},{"data":"Rampage","floor":13,"key":"SMITH"},{"floor":15,"key":"REST"},{"data":"Demon Form","floor":23,"key":"SMITH"},{"data":"Rampage","floor":25,"key":"SMITH"},{"data":"Bloodletting","floor":27,"key":"SMITH"},{"floor":32,"key":"REST"}],"neow_cost":"NONE","seed_source_timestamp":25049227249732,"circlet_count":0,"master_deck":["Strike_R+1","Strike_R","Strike_R+1","Defend_R","Defend_R","Bash","Rupture+1","Spot Weakness+1","Infernal Blade+1","Bloodletting+1","Rampage+1","Ghostly Armor","Demon Form+1","Second Wind","Rampage+1","Finesse","Headbutt","Shrug It Off+1","Twin Strike+1"],"relics":["Burning Blood","Regal Pillow","Letter Opener","Vajra","Blood Vial","Pen Nib","Sozu","Whetstone"],"potions_floor_usage":[7,28],"damage_taken":[{"damage":2,"enemies":"Jaw Worm","floor":1,"turns":3},{"damage":11,"enemies":"Cultist","floor":3,"turns":4},{"damage":47,"enemies":"3 Sentries","floor":7,"turns":11},{"damage":18,"enemies":"Gremlin Nob","floor":10,"turns":3},{"damage":0,"enemies":"2 Louse","floor":12,"turns":2},{"damage":22,"enemies":"Lots of Slimes","floor":14,"turns":3},{"damage":28,"enemies":"Slime Boss","floor":16,"turns":9},{"damage":26,"enemies":"Shell Parasite","floor":18,"turns":3},{"damage":19,"enemies":"Chosen","floor":21,"turns":4},{"damage":20,"enemies":"Centurion and Healer","floor":28,"turns":5},{"damage":49,"enemies":"Snake Plant","floor":29,"turns":3},{"damage":7,"enemies":"Snecko","floor":30,"turns":4},{"damage":14,"enemies":"Centurion and Healer","floor":31,"turns":5},{"damage":70,"enemies":"Automaton","floor":33,"turns":6}],"seed_played":"-4380497898331666667","potions_obtained":[{"floor":1,"key":"AttackPotion"},{"floor":3,"key":"SkillPotion"},{"floor":16,"key":"Dexterity Potion"}],"is_trial":false,"path_per_floor":["M","?","M","?","$","R","E","R","T","E","R","M","R","M","R","B",null,"M","$","?","M","$","R","?","R","T","R","M","M","M","M","R"],"character_chosen":"IRONCLAD","items_purchased":["Finesse"],"campfire_rested":2,"item_purchase_floors":[22],"current_hp_per_floor":[80,80,75,75,75,75,34,34,34,24,24,32,32,18,57,37,69,51,51,51,40,40,40,66,66,66,66,54,13,14,8,47,0],"gold":112,"neow_bonus":"RANDOM_COMMON_RELIC","is_prod":false,"is_daily":false,"chose_seed":false,"campfire_upgraded":7,"win_rate":0,"timestamp":1534227296,"path_taken":["M","?","?","?","?","R","E","R","T","E","R","M","R","M","R","BOSS","M","$","?","M","$","R","?","R","T","R","?","M","M","M","R","BOSS"],"build_version":"2018-08-09","purchased_purges":2,"victory":false,"max_hp_per_floor":[80,80,80,80,80,80,80,80,80,80,80,80,80,80,80,80,80,80,80,80,80,80,80,80,80,80,80,80,80,80,80,80,80],"card_choices":[{"not_picked":["Warcry","Flex"],"picked":"Rupture","floor":1},{"not_picked":["Sentinel","Clothesline"],"picked":"Spot Weakness","floor":3},{"not_picked":["Metallicize","Twin Strike"],"picked":"Infernal Blade","floor":7},{"not_picked":["Armaments","Reckless Charge"],"picked":"Bloodletting","floor":10},{"not_picked":["Body Slam","Headbutt"],"picked":"Rampage","floor":12},{"not_picked":["Brutality","Clothesline"],"picked":"Ghostly Armor","floor":14},{"not_picked":["Feed","Exhume"],"picked":"Demon Form","floor":16},{"not_picked":["Pommel Strike","Hemokinesis","Intimidate"],"picked":"SKIP","floor":18},{"not_picked":["Havoc","Twin Strike+1"],"picked":"Rampage","floor":21},{"not_picked":["Clothesline","Twin Strike+1"],"picked":"Headbutt","floor":28},{"not_picked":["Reckless Charge","Anger"],"picked":"Shrug It Off+1","floor":29},{"not_picked":["Flex","True Grit+1"],"picked":"Twin Strike+1","floor":30},{"not_picked":["Reckless Charge","Dark Embrace","Wild Strike"],"picked":"SKIP","floor":31}],"player_experience":419188,"relics_obtained":[{"floor":7,"key":"Vajra"},{"floor":9,"key":"Blood Vial"},{"floor":10,"key":"Pen Nib"},{"floor":26,"key":"Whetstone"}],"event_choices":[{"event_name":"WeMeetAgain","player_choice":"Potion","floor":2,"damage_taken":0},{"event_name":"The Cleric","player_choice":"Card Removal","floor":4,"damage_taken":0},{"event_name":"Transmorgrifier","player_choice":"Transform","floor":20,"damage_taken":0},{"event_name":"The Library","player_choice":"Heal","floor":24,"damage_taken":0}],"is_beta":false,"boss_relics":[{"not_picked":["White Beast Statue","Empty Cage"],"picked":"Sozu"}],"items_purged_floors":[19,22],"is_endless":false,"potions_floor_spawned":[1,3,16,29,31],"killed_by":"Automaton","ascension_level":5}