{"gold_per_floor":[109,109,109,66,66,66,66,105,105,145,145,145,145,158,158,158],"floor_reached":16,"playtime":734,"items_purged":[],"score":200,"play_id":"027ab53a-3b67-4231-9512-3c9994ff5f89","local_time":"20190607153130","is_ascension_mode":true,"campfire_choices":[{"data":"Zap","floor":6,"key":"SMITH"},{"data":"Go for the Eyes","floor":11,"key":"SMITH"},{"floor":15,"key":"REST"}],"neow_cost":"NONE","seed_source_timestamp":1723429867017106,"circlet_count":0,"master_deck":["AscendersBane","Strike_B","Strike_B","Strike_B","Defend_B","Defend_B","Defend_B","Defend_B","Zap+1","Dualcast","Rebound","Glacier","Go for the Eyes+1","Ball Lightning"],"relics":["Busted Crown","Golden Idol","Bottled Flame","Juzu Bracelet","Sundial"],"potions_floor_usage":[8],"damage_taken":[{"damage":6,"enemies":"Cultist","floor":1,"turns":4},{"damage":2,"enemies":"Jaw Worm","floor":2,"turns":3},{"damage":6,"enemies":"Small Slimes","floor":3,"turns":3},{"damage":16,"enemies":"Gremlin Nob","floor":8,"turns":4},{"damage":11,"enemies":"3 Sentries","floor":10,"turns":8},{"damage":7,"enemies":"3 Louse","floor":14,"turns":3},{"damage":41,"enemies":"Slime Boss","floor":16,"turns":9}],"seed_played":"-5057596473119456194","potions_obtained":[{"floor":1,"key":"PowerPotion"},{"floor":8,"key":"Weak Potion"}],"is_trial":false,"path_per_floor":["M","M","M","$","?","R","?","E","T","E","R","?","?","M","R","B"],"character_chosen":"DEFECT","items_purchased":["Glacier"],"campfire_rested":1,"item_purchase_floors":[4],"current_hp_per_floor":[58,56,50,50,55,55,55,39,39,28,28,28,28,21,41,0],"gold":158,"neow_bonus":"BOSS_RELIC","is_prod":false,"is_daily":false,"chose_seed":false,"campfire_upgraded":2,"win_rate":0,"timestamp":1559935890,"path_taken":["M","?","M","$","?","R","?","E","T","E","R","?","?","M","R","BOSS"],"build_version":"2019-01-23","purchased_purges":0,"victory":false,"max_hp_per_floor":[71,71,71,71,76,76,69,69,69,69,69,69,69,69,69,69],"card_choices":[{"not_picked":[],"picked":"Rebound","floor":1},{"not_picked":["Consume"],"picked":"SKIP","floor":2},{"not_picked":["Hologram"],"picked":"SKIP","floor":3},{"not_picked":[],"picked":"Go for the Eyes","floor":8},{"not_picked":[],"picked":"Ball Lightning","floor":10},{"not_picked":["Darkness"],"picked":"SKIP","floor":14}],"player_experience":765538,"relics_obtained":[{"floor":8,"key":"Bottled Flame"},{"floor":9,"key":"Juzu Bracelet"},{"floor":10,"key":"Sundial"}],"event_choices":[{"damage_healed":0,"gold_gain":0,"player_choice":"Donut","damage_taken":0,"max_hp_gain":5,"max_hp_loss":0,"event_name":"Big Fish","floor":5,"gold_loss":0},{"damage_healed":0,"gold_gain":0,"player_choice":"Lose Max HP","damage_taken":0,"relics_obtained":["Golden Idol"],"max_hp_gain":0,"max_hp_loss":7,"event_name":"Golden Idol","floor":7,"gold_loss":0},{"cards_removed":["Strike_B"],"damage_healed":0,"gold_gain":0,"player_choice":"Forget","damage_taken":0,"max_hp_gain":0,"max_hp_loss":0,"event_name":"Living Wall","floor":12,"gold_loss":0},{"damage_healed":0,"gold_gain":0,"player_choice":"Ignored","damage_taken":0,"max_hp_gain":0,"max_hp_loss":0,"event_name":"Liars Game","floor":13,"gold_loss":0}],"is_beta":false,"boss_relics":[],"items_purged_floors":[],"is_endless":false,"potions_floor_spawned":[1,8],"killed_by":"Slime Boss","ascension_level":17}