{"gold_per_floor":[111,111,111,111,36,61,77,101,125,165,165,198,210,252,264,400,412,437,364,376,409,421,433,511,523,535,336,349,349,349,349,349,349],"floor_reached":33,"playtime":1722,"items_purged":["Trip","Strike_B"],"score":374,"play_id":"57c67904-ee5b-48f6-8995-6a2970dde326","local_time":"20181212121339","is_ascension_mode":true,"campfire_choices":[{"data":"Defend_B","floor":11.0,"key":"SMITH"},{"floor":13.0,"key":"REST"},{"floor":15.0,"key":"REST"},{"data":"Conserve Battery","floor":23,"key":"SMITH"},{"floor":25,"key":"REST"},{"floor":30,"key":"REST"},{"floor":32,"key":"REST"}],"neow_cost":"NONE","seed_source_timestamp":789965118590076,"circlet_count":0,"master_deck":["Defend_B+1","Defend_B","Zap+1","Dualcast","Ball Lightning","Doom and Gloom","Leap","FTL","Conserve Battery+1","Melter+1","RitualDagger","Genetic Algorithm+1","Glacier","Flash of Steel","Genetic Algorithm"],"special_seed":0,"relics":["Cracked Core","Bloody Idol","Anchor","Juzu Bracelet","WingedGreaves","MawBank","Odd Mushroom","Empty Cage","PreservedInsect","Tiny Chest","The Courier"],"potions_floor_usage":[24,24],"damage_taken":[{"damage":11.0,"enemies":"Small Slimes","floor":1.0,"turns":3.0},{"damage":6.0,"enemies":"2 Louse","floor":7.0,"turns":2.0},{"damage":0.0,"enemies":"Jaw Worm","floor":8.0,"turns":3.0},{"damage":20.0,"enemies":"Lagavulin","floor":10.0,"turns":5.0},{"damage":15.0,"enemies":"3 Sentries","floor":12.0,"turns":5.0},{"damage":15.0,"enemies":"The Mushroom Lair","floor":14.0,"turns":3.0},{"damage":15.0,"enemies":"The Guardian","floor":16.0,"turns":12.0},{"damage":28,"enemies":"Shell Parasite","floor":18,"turns":9},{"damage":6,"enemies":"Chosen","floor":21,"turns":5},{"damage":31,"enemies":"Book of Stabbing","floor":24,"turns":6},{"damage":13,"enemies":"Snake Plant","floor":28,"turns":5},{"damage":53,"enemies":"Automaton","floor":33,"turns":6}],"seed_played":"-9218409253456030453","potions_obtained":[{"floor":1.0,"key":"Poison Potion"},{"floor":7.0,"key":"FearPotion"},{"floor":8.0,"key":"GamblersBrew"},{"floor":16.0,"key":"Regen Potion"},{"floor":24,"key":"SteroidPotion"}],"is_trial":false,"path_per_floor":["M","?","?","?","$","T","M","M","T","E","R","E","R","?","R","B",null,"M","?","?","M","?","R","E","R","T","$","M","?","R","?","R","B"],"character_chosen":"DEFECT","items_purchased":["Glacier","Flash of Steel"],"campfire_rested":5,"item_purchase_floors":[27,27],"current_hp_per_floor":[57,57,50,50,50,50,44,44,44,24,24,9,29,14,34,19,57,29,29,29,23,17,17,1,21,21,21,8,8,28,28,48,0],"gold":349,"neow_bonus":"RANDOM_COLORLESS","is_prod":false,"is_daily":false,"chose_seed":false,"campfire_upgraded":2,"win_rate":0,"timestamp":1544588019,"path_taken":["M","?","?","?","?","?","M","M","T","E","R","E","R","?","R","BOSS","M","?","?","M","?","R","E","R","T","$","M","?","R","?","R","BOSS"],"build_version":"2018-12-06","purchased_purges":2,"victory":false,"max_hp_per_floor":[75,69,69,69,69,69,69,69,69,69,69,69,69,69,69,69,69,69,69,69,69,69,69,69,69,69,69,69,69,69,69,69,69],"card_choices":[{"not_picked":["Force Field","Sweeping Beam"],"picked":"Ball Lightning","floor":1.0},{"not_picked":["Go for the Eyes","Cold Snap","Consume"],"picked":"SKIP","floor":7.0},{"not_picked":["Redo","Turbo"],"picked":"Doom and Gloom","floor":8.0},{"not_picked":["Steam Power","Core Surge"],"picked":"Leap","floor":10.0},{"not_picked":["Steam","Go for the Eyes"],"picked":"FTL","floor":12.0},{"not_picked":["Stack+1","Loop"],"picked":"Conserve Battery","floor":18},{"not_picked":["Blizzard+1","Steam"],"picked":"Melter+1","floor":21},{"not_picked":["Force Field+1","Barrage+1"],"picked":"Genetic Algorithm+1","floor":24},{"not_picked":["Barrage","Storm+1"],"picked":"Genetic Algorithm","floor":28}],"player_experience":545942,"relics_obtained":[{"floor":6.0,"key":"Anchor"},{"floor":9.0,"key":"Juzu Bracelet"},{"floor":10.0,"key":"WingedGreaves"},{"floor":12.0,"key":"MawBank"},{"floor":14.0,"key":"Odd Mushroom"},{"floor":24,"key":"Tiny Chest"},{"floor":26,"key":"The Courier"}],"event_choices":[{"damage_healed":0.0,"max_hp_gain":0.0,"max_hp_loss":6.0,"gold_gain":0.0,"event_name":"Golden Idol","player_choice":"Lose Max HP","floor":2.0,"gold_loss":0.0,"damage_taken":0.0,"relics_obtained":["Golden Idol"]},{"cards_removed":["Strike_B"],"damage_healed":0.0,"max_hp_gain":0.0,"max_hp_loss":0.0,"gold_gain":0.0,"event_name":"Golden Wing","player_choice":"Card Removal","floor":3.0,"gold_loss":0.0,"damage_taken":7.0},{"cards_removed":["Strike_B"],"damage_healed":0.0,"max_hp_gain":0.0,"max_hp_loss":0.0,"gold_gain":0.0,"event_name":"Living Wall","player_choice":"Forget","floor":4.0,"gold_loss":0.0,"damage_taken":0.0},{"damage_healed":0.0,"max_hp_gain":0.0,"max_hp_loss":0.0,"gold_gain":0.0,"event_name":"Mushrooms","player_choice":"Fought Mushrooms","floor":14.0,"gold_loss":0.0,"damage_taken":0.0},{"damage_healed":0,"gold_gain":0,"player_choice":"Obtained Relic","damage_taken":0,"relics_obtained":["PreservedInsect"],"max_hp_gain":0,"max_hp_loss":0,"event_name":"Addict","floor":19,"gold_loss":85},{"damage_healed":0,"gold_gain":0,"player_choice":"Forge","damage_taken":0,"max_hp_gain":0,"max_hp_loss":0,"event_name":"Accursed Blacksmith","floor":20,"gold_loss":0,"cards_upgraded":["Zap"]},{"damage_healed":0,"gold_gain":0,"player_choice":"Joined the Cult","damage_taken":6,"max_hp_gain":0,"max_hp_loss":0,"event_name":"Nest","floor":22,"gold_loss":0,"cards_obtained":["RitualDagger"]},{"cards_removed":["Defend_B"],"damage_healed":0,"gold_gain":0,"player_choice":"Elegance","damage_taken":0,"max_hp_gain":0,"max_hp_loss":0,"event_name":"Back to Basics","floor":29,"gold_loss":0},{"damage_healed":0,"gold_gain":0,"player_choice":"Gave Idol","damage_taken":0,"relics_obtained":["Bloody Idol"],"max_hp_gain":0,"max_hp_loss":0,"event_name":"Forgotten Altar","floor":31,"relics_lost":["Golden Idol"],"gold_loss":0}],"is_beta":false,"boss_relics":[{"not_picked":["Cursed Key","Runic Dome"],"picked":"Empty Cage"}],"items_purged_floors":[5,27],"is_endless":false,"potions_floor_spawned":[1,7,8,16,24],"killed_by":"Automaton","ascension_level":8}