{"gold_per_floor":[362,362,375,375,395,345,345,365,388,30,45,0,14,31,31,135,135,124,124,124,139,154,154,104,104,155,105,120,120],"floor_reached":29,"playtime":1762,"items_purged":["Strike_B","Defend_B","Dualcast"],"score":217,"play_id":"284303b6-1e27-4e6a-85d6-9b069f1c7cb2","local_time":"20190517194408","is_ascension_mode":false,"campfire_choices":[{"data":"Sweeping Beam","floor":7,"key":"SMITH"},{"floor":15,"key":"DIG"},{"floor":23,"key":"DIG"},{"floor":25,"key":"DIG"}],"neow_cost":"PERCENT_DAMAGE","seed_source_timestamp":184259872214415,"circlet_count":0,"master_deck":["Defend_B","Defend_B","Defend_B","Zap","Sweeping Beam+1","Recycle","Conserve Battery","Self Repair","Leap","Coolheaded","Streamline","Sweeping Beam","Leap","Electrodynamics","Chaos+1","Undo","Beam Cell","Compile Driver","Conserve Battery","Defragment"],"relics":["Cracked Core","Smiling Mask","Shovel","Happy Flower","Orrery","Pantograph","Dream Catcher","Orichalcum"],"potions_floor_usage":[16,29,29],"damage_taken":[{"damage":1,"enemies":"Cultist","floor":1,"turns":3},{"damage":2,"enemies":"Small Slimes","floor":3,"turns":3},{"damage":2,"enemies":"2 Louse","floor":5,"turns":2},{"damage":5,"enemies":"Looter","floor":8,"turns":3},{"damage":0,"enemies":"Blue Slaver","floor":11,"turns":4},{"damage":0,"enemies":"Exordium Wildlife","floor":13,"turns":3},{"damage":13,"enemies":"Gremlin Gang","floor":14,"turns":3},{"damage":30,"enemies":"Hexaghost","floor":16,"turns":13},{"damage":10,"enemies":"2 Thieves","floor":18,"turns":4},{"damage":10,"enemies":"Spheric Guardian","floor":21,"turns":6},{"damage":0,"enemies":"Snecko","floor":22,"turns":5},{"damage":6,"enemies":"Centurion and Healer","floor":28,"turns":3},{"damage":50,"enemies":"Book of Stabbing","floor":29,"turns":8}],"seed_played":"5931059328793375057","potions_obtained":[{"floor":5,"key":"Strength Potion"},{"floor":8,"key":"SpeedPotion"},{"floor":16,"key":"Strength Potion"},{"floor":18,"key":"FocusPotion"}],"is_trial":false,"path_per_floor":["M","?","M","?","M","?","R","M","T","$","M","$","M","M","R","B",null,"M","?","?","M","M","R","$","R","T","$","M","E"],"character_chosen":"DEFECT","items_purchased":["Shovel","Streamline"],"campfire_rested":0,"item_purchase_floors":[10,12],"current_hp_per_floor":[53,53,51,44,42,42,42,44,44,44,51,51,51,45,45,22,75,65,51,51,48,55,55,55,55,55,55,49,0],"gold":120,"neow_bonus":"TWO_FIFTY_GOLD","is_prod":false,"is_daily":false,"chose_seed":false,"campfire_upgraded":1,"win_rate":0,"timestamp":1558136648,"path_taken":["M","?","M","?","M","?","R","M","T","?","M","$","M","M","R","BOSS","M","?","?","M","?","R","?","R","T","$","M","E"],"build_version":"2019-01-23","purchased_purges":3,"victory":false,"max_hp_per_floor":[75,75,75,75,75,75,75,75,75,75,75,75,75,75,75,75,75,75,80,80,80,80,80,80,80,80,80,80,80],"card_choices":[{"not_picked":["Melter","Rebound"],"picked":"Sweeping Beam","floor":1},{"not_picked":["Barrage","Rebound"],"picked":"Conserve Battery","floor":3},{"not_picked":["Sweeping Beam","Cold Snap"],"picked":"Self Repair","floor":5},{"not_picked":["Gash","Barrage"],"picked":"Leap","floor":8},{"not_picked":["Stack","Barrage"],"picked":"Coolheaded","floor":11},{"not_picked":["Hyperbeam","Steam Power"],"picked":"Sweeping Beam","floor":13},{"not_picked":["Beam Cell","Chill"],"picked":"Leap","floor":14},{"not_picked":["Buffer","Machine Learning"],"picked":"Electrodynamics","floor":16},{"not_picked":["Self Repair","Force Field"],"picked":"Chaos","floor":17},{"not_picked":["Gash","Leap"],"picked":"Undo","floor":17},{"not_picked":["Conserve Battery","Steam"],"picked":"Beam Cell","floor":17},{"not_picked":["Coolheaded","Gash"],"picked":"Compile Driver","floor":18},{"not_picked":["Buffer","Cold Snap"],"picked":"Conserve Battery","floor":21},{"not_picked":["Steam+1","Genetic Algorithm+1"],"picked":"Defragment","floor":22},{"not_picked":["Redo","Ball Lightning","Gash+1"],"picked":"SKIP","floor":28}],"player_experience":598203,"relics_obtained":[{"floor":9,"key":"Smiling Mask"},{"floor":15,"key":"Happy Flower"},{"floor":23,"key":"Pantograph"},{"floor":25,"key":"Dream Catcher"},{"floor":26,"key":"Orichalcum"}],"event_choices":[{"damage_healed":0,"gold_gain":0,"cards_transformed":["Strike_B"],"player_choice":"Change","damage_taken":0,"max_hp_gain":0,"max_hp_loss":0,"event_name":"Living Wall","floor":2,"gold_loss":0,"cards_obtained":["Recycle"]},{"cards_removed":["Strike_B"],"damage_healed":0,"gold_gain":0,"player_choice":"Card Removal","damage_taken":7,"max_hp_gain":0,"max_hp_loss":0,"event_name":"Golden Wing","floor":4,"gold_loss":0},{"cards_removed":["Strike_B"],"damage_healed":0,"gold_gain":0,"player_choice":"Card Removal","damage_taken":0,"max_hp_gain":0,"max_hp_loss":0,"event_name":"The Cleric","floor":6,"gold_loss":50},{"damage_healed":0,"gold_gain":0,"player_choice":"Shed Blood","damage_taken":19,"max_hp_gain":5,"max_hp_loss":0,"event_name":"Forgotten Altar","floor":19,"gold_loss":0},{"damage_healed":0,"gold_gain":0,"player_choice":"Forge","damage_taken":0,"max_hp_gain":0,"max_hp_loss":0,"event_name":"Accursed Blacksmith","floor":20,"gold_loss":0,"cards_upgraded":["Chaos"]}],"is_beta":false,"boss_relics":[{"not_picked":["Eternal Feather","Snecko Eye"],"picked":"Orrery"}],"items_purged_floors":[10,24,27],"is_endless":false,"potions_floor_spawned":[5,8,16,18,28],"killed_by":"Book of Stabbing","ascension_level":0}