{"gold_per_floor":[112,37,37,47,62,97,97,127,153,188,188,188,206,219,219,318,318,334,347,363,18,30,30,58,58,58,74,74,106,118,48,48,149,149,163,177,52,52,71,71,117,117,117,130,185,195,229,249,249,249],"floor_reached":51,"playtime":4935,"items_purged":["Defend_R","Strike_R","Strike_R"],"score":1063,"play_id":"0d026bb8-e2e6-44ea-ac3b-385226708c17","local_time":"20180815105817","is_ascension_mode":true,"campfire_choices":[{"data":"Whirlwind","floor":7,"key":"SMITH"},{"floor":11,"key":"REST"},{"floor":15,"key":"REST"},{"data":"Seeing Red","floor":23,"key":"SMITH"},{"data":"Evolve","floor":28,"key":"SMITH"},{"data":"Corruption","floor":32,"key":"SMITH"},{"data":"Barricade","floor":40,"key":"SMITH"},{"data":"Double Tap","floor":42,"key":"SMITH"},{"floor":49,"key":"REST"}],"neow_cost":"NONE","seed_source_timestamp":96131057356492,"circlet_count":0,"master_deck":["Strike_R","Strike_R","Defend_R+1","Defend_R","Defend_R","Bash+1","Whirlwind+1","Shrug It Off","Shrug It Off","Double Tap+1","Shrug It Off+1","Seeing Red+1","Evolve+1","Corruption+1","Barricade+1","Demon Form","Intimidate+1"],"relics":["Busted Crown","Potion Belt","Centennial Puzzle","Strawberry","Oddly Smooth Stone","Sozu","Meat on the Bone","Kunai","Gremlin Horn","Bottled Tornado","Mark of Pain","Bird Faced Urn","Turnip","Pear","Tiny Chest","Omamori"],"potions_floor_usage":[8],"damage_taken":[{"damage":14,"enemies":"Jaw Worm","floor":1,"turns":4},{"damage":0,"enemies":"Small Slimes","floor":4,"turns":3},{"damage":0,"enemies":"2 Louse","floor":5,"turns":3},{"damage":20,"enemies":"Gremlin Nob","floor":6,"turns":4},{"damage":10,"enemies":"3 Sentries","floor":8,"turns":4},{"damage":27,"enemies":"Lagavulin","floor":10,"turns":5},{"damage":2,"enemies":"Looter","floor":13,"turns":3},{"damage":0,"enemies":"3 Louse","floor":14,"turns":2},{"damage":6,"enemies":"The Guardian","floor":16,"turns":10},{"damage":14,"enemies":"Shell Parasite","floor":18,"turns":2},{"damage":3,"enemies":"Chosen","floor":19,"turns":3},{"damage":0,"enemies":"Centurion and Healer","floor":20,"turns":5},{"damage":4,"enemies":"Snecko","floor":22,"turns":3},{"damage":0,"enemies":"Slavers","floor":24,"turns":1},{"damage":6,"enemies":"Sentry and Sphere","floor":27,"turns":5},{"damage":0,"enemies":"Gremlin Leader","floor":29,"turns":4},{"damage":0,"enemies":"3 Cultists","floor":30,"turns":3},{"damage":35,"enemies":"Automaton","floor":33,"turns":9},{"damage":2,"enemies":"Orb Walker","floor":35,"turns":3},{"damage":2,"enemies":"3 Darklings","floor":36,"turns":2},{"damage":12,"floor":38,"turns":9},{"damage":10,"enemies":"Flame Bruiser 2 Orb","floor":39,"turns":4},{"damage":0,"floor":41,"turns":3},{"damage":0,"enemies":"Maw","floor":44,"turns":8},{"damage":35,"enemies":"Giant Head","floor":45,"turns":7},{"damage":14,"enemies":"3 Darklings","floor":46,"turns":3},{"damage":12,"enemies":"Nemesis","floor":47,"turns":5},{"damage":21,"enemies":"Transient","floor":48,"turns":5},{"damage":11,"enemies":"Awakened One","floor":50,"turns":15}],"seed_played":"2949883581100422719","potions_obtained":[{"floor":1,"key":"FearPotion"},{"floor":4,"key":"AttackPotion"},{"floor":6,"key":"BloodPotion"},{"floor":13,"key":"SteroidPotion"}],"is_trial":false,"path_per_floor":["M","$","?","M","M","E","R","E","T","E","R","?","M","M","R","B",null,"M","M","M","$","M","R","E","?","T","M","R","E","M","$","R","B",null,"M","M","$","?","M","R","?","R","T","M","E","M","E","M","R","B"],"character_chosen":"IRONCLAD","items_purchased":["Meat on the Bone","Corruption"],"campfire_rested":3,"item_purchase_floors":[21,31],"current_hp_per_floor":[58,58,58,58,58,38,38,36,43,16,42,25,23,23,49,43,76,62,59,59,59,55,55,55,55,55,49,49,49,49,49,49,26,72,70,68,68,56,50,50,56,56,66,72,55,57,53,50,79,74],"gold":249,"neow_bonus":"BOSS_RELIC","is_prod":false,"is_daily":false,"chose_seed":false,"campfire_upgraded":6,"win_rate":0,"timestamp":1534301897,"path_taken":["M","$","?","M","M","E","R","E","T","E","R","?","M","?","R","BOSS","M","M","M","$","M","R","E","?","T","M","R","E","M","$","R","BOSS","M","M","$","?","M","R","?","R","T","M","E","M","E","M","R","BOSS"],"build_version":"2018-08-09","purchased_purges":3,"victory":true,"max_hp_per_floor":[80,80,80,80,80,80,80,80,87,87,87,87,87,87,87,87,87,87,87,87,87,87,87,87,87,87,87,87,87,87,87,87,87,87,87,87,87,87,87,87,87,87,97,97,97,97,97,97,97,97],"card_choices":[{"not_picked":["Corruption"],"picked":"SKIP","floor":1},{"not_picked":["Hemokinesis"],"picked":"SKIP","floor":4},{"not_picked":[],"picked":"Whirlwind","floor":5},{"not_picked":["Anger"],"picked":"SKIP","floor":6},{"not_picked":[],"picked":"Shrug It Off","floor":8},{"not_picked":["Warcry"],"picked":"SKIP","floor":10},{"not_picked":[],"picked":"Shrug It Off","floor":13},{"not_picked":["Clash"],"picked":"SKIP","floor":14},{"not_picked":[],"picked":"Double Tap","floor":16},{"not_picked":[],"picked":"Shrug It Off+1","floor":18},{"not_picked":["Disarm+1"],"picked":"SKIP","floor":19},{"not_picked":[],"picked":"Seeing Red","floor":20},{"not_picked":["Sever Soul"],"picked":"SKIP","floor":22},{"not_picked":[],"picked":"Evolve","floor":24},{"not_picked":["Cleave"],"picked":"SKIP","floor":27},{"not_picked":["Wild Strike"],"picked":"SKIP","floor":29},{"not_picked":["Cleave+1"],"picked":"SKIP","floor":30},{"not_picked":[],"picked":"Barricade","floor":33},{"not_picked":["Rage"],"picked":"SKIP","floor":35},{"not_picked":["Armaments"],"picked":"SKIP","floor":36},{"not_picked":["Armaments"],"picked":"SKIP","floor":36},{"not_picked":["Carnage+1"],"picked":"SKIP","floor":39},{"not_picked":["Headbutt"],"picked":"SKIP","floor":44},{"not_picked":[],"picked":"Demon Form","floor":45},{"not_picked":["Blood for Blood"],"picked":"SKIP","floor":46},{"not_picked":[],"picked":"Intimidate+1","floor":47},{"not_picked":["Headbutt"],"picked":"SKIP","floor":48}],"player_experience":443189,"relics_obtained":[{"floor":6,"key":"Potion Belt"},{"floor":8,"key":"Centennial Puzzle"},{"floor":9,"key":"Strawberry"},{"floor":10,"key":"Oddly Smooth Stone"},{"floor":24,"key":"Kunai"},{"floor":26,"key":"Gremlin Horn"},{"floor":29,"key":"Bottled Tornado"},{"floor":38,"key":"Bird Faced Urn"},{"floor":41,"key":"Turnip"},{"floor":43,"key":"Pear"},{"floor":45,"key":"Tiny Chest"},{"floor":47,"key":"Omamori"}],"event_choices":[{"event_name":"Living Wall","player_choice":"Forget","floor":3,"damage_taken":0},{"event_name":"Shining Light","player_choice":"Entered Light","floor":12,"damage_taken":0},{"event_name":"The Mausoleum","player_choice":"No","floor":25,"damage_taken":0},{"event_name":"MindBloom","player_choice":"Fight","floor":38,"damage_taken":0},{"event_name":"Mysterious Sphere","player_choice":"Fight","floor":41,"damage_taken":0}],"is_beta":false,"boss_relics":[{"not_picked":["Astrolabe","Runic Pyramid"],"picked":"Sozu"},{"not_picked":["Empty Cage","Calling Bell"],"picked":"Mark of Pain"}],"items_purged_floors":[2,21,37],"is_endless":false,"potions_floor_spawned":[1,4,6,13,22,30,33,39,41,44,46,48],"ascension_level":7}