{"gold_per_floor":[109,109,34,50,74,74,109,125,125,150,163,181,200,218,218,348,348,362,375,393,293,293,293,293,293,293,293,318,343,343,218,218,218],"floor_reached":33,"playtime":1836,"items_purged":["Strike_G","Strike_G","Defend_G"],"score":314,"play_id":"54c2b099-cd68-4a62-968e-bccf69cc14f3","local_time":"20180810214709","is_ascension_mode":true,"campfire_choices":[{"data":"Neutralize","floor":6,"key":"SMITH"},{"data":"Cloak And Dagger","floor":15,"key":"SMITH"},{"data":"Prepared","floor":23,"key":"SMITH"},{"data":"Prepared","floor":25,"key":"SMITH"},{"data":"Storm of Steel","floor":27,"key":"SMITH"},{"data":"Infinite Blades","floor":30,"key":"SMITH"},{"data":"Sucker Punch","floor":32,"key":"SMITH"}],"neow_cost":"NONE","seed_source_timestamp":395604671769658,"circlet_count":0,"master_deck":["Defend_G","Defend_G","Defend_G","Defend_G","Survivor","Neutralize+1","Deadly Poison","Slice","Backstab","Backflip","Slice","Cloak And Dagger+1","Infinite Blades+1","Prepared+1","Storm of Steel+1","Sucker Punch+1","Underhanded Strike+1","Prepared+1","Bite","Bite","Bite","Bite","Bite"],"relics":["WristBlade","Golden Idol","Dream Catcher","Paper Crane","Odd Mushroom","Empty Cage","Shuriken"],"potions_floor_usage":[7,7,7,16,16,20,33,33],"damage_taken":[{"damage":6,"enemies":"2 Louse","floor":1,"turns":4},{"damage":4,"enemies":"Small Slimes","floor":4,"turns":5},{"damage":1,"enemies":"Cultist","floor":5,"turns":4},{"damage":28,"enemies":"Lagavulin","floor":7,"turns":7},{"damage":0,"enemies":"Looter","floor":8,"turns":3},{"damage":10,"floor":10,"turns":5},{"damage":0,"enemies":"Blue Slaver","floor":11,"turns":3},{"damage":3,"enemies":"3 Louse","floor":12,"turns":2},{"damage":0,"enemies":"Looter","floor":13,"turns":3},{"damage":2,"enemies":"Lots of Slimes","floor":14,"turns":4},{"damage":9,"enemies":"The Guardian","floor":16,"turns":10},{"damage":15,"enemies":"Spheric Guardian","floor":18,"turns":4},{"damage":7,"enemies":"Chosen","floor":19,"turns":5},{"damage":14,"enemies":"Snake Plant","floor":20,"turns":5},{"damage":6,"enemies":"Snecko","floor":28,"turns":5},{"damage":20,"enemies":"Chosen and Byrds","floor":29,"turns":5},{"damage":68,"enemies":"Automaton","floor":33,"turns":6}],"seed_played":"8163990694826577771","potions_obtained":[{"floor":4,"key":"EntropicBrew"},{"floor":5,"key":"Regen Potion"},{"floor":10,"key":"Dexterity Potion"},{"floor":12,"key":"Block Potion"},{"floor":14,"key":"SkillPotion"},{"floor":20,"key":"Regen Potion"},{"floor":28,"key":"GamblersBrew"}],"is_trial":false,"path_per_floor":["M","?","$","M","M","R","E","M","T","?","M","M","M","M","R","B",null,"M","M","M","$","?","R","?","R","T","R","M","M","R","$","R"],"character_chosen":"THE_SILENT","items_purchased":[],"campfire_rested":0,"item_purchase_floors":[],"current_hp_per_floor":[64,47,47,43,42,42,29,29,29,19,19,16,16,14,14,5,70,55,48,34,34,57,57,49,49,49,49,45,33,33,33,33,0],"gold":218,"neow_bonus":"BOSS_RELIC","is_prod":false,"is_daily":false,"chose_seed":false,"campfire_upgraded":7,"win_rate":0,"timestamp":1533908829,"path_taken":["M","?","$","?","M","R","E","M","T","?","M","M","M","M","R","BOSS","M","?","M","$","?","R","?","R","T","R","M","M","R","$","R","BOSS"],"build_version":"2018-08-09","purchased_purges":3,"victory":false,"max_hp_per_floor":[70,70,70,70,70,70,70,70,70,70,70,70,70,70,70,70,70,70,70,70,70,70,70,49,49,49,49,49,49,49,49,49,49],"card_choices":[{"not_picked":["Bane","Predator"],"picked":"Deadly Poison","floor":1},{"not_picked":["Escape Plan","Dagger Throw","Heel Hook"],"picked":"SKIP","floor":4},{"not_picked":["Riddle With Holes","Dagger Throw"],"picked":"Slice","floor":5},{"not_picked":["Bane","Blade Dance"],"picked":"Backstab","floor":7},{"not_picked":["Poisoned Stab","Prepared"],"picked":"Backflip","floor":8},{"not_picked":["Sucker Punch","Unload"],"picked":"Slice","floor":10},{"not_picked":["Escape Plan","Blade Dance"],"picked":"Cloak And Dagger","floor":11},{"not_picked":["Outmaneuver","Prepared"],"picked":"Infinite Blades","floor":12},{"not_picked":["Well Laid Plans","Dodge and Roll","Backflip"],"picked":"SKIP","floor":13},{"not_picked":["Terror","Bane"],"picked":"Prepared","floor":14},{"not_picked":["Malaise","Phantasmal Killer"],"picked":"Storm of Steel","floor":16},{"not_picked":["Poisoned Stab","Masterful Stab+1"],"picked":"Sucker Punch","floor":18},{"not_picked":["Quick Slash","Outmaneuver"],"picked":"Underhanded Strike+1","floor":19},{"not_picked":["Backflip","Bane"],"picked":"Prepared","floor":20},{"not_picked":["Backflip","Setup","Cloak And Dagger"],"picked":"SKIP","floor":28},{"not_picked":["Underhanded Strike","Venomology","Cloak And Dagger"],"picked":"SKIP","floor":29}],"player_experience":348358,"relics_obtained":[{"floor":7,"key":"Dream Catcher"},{"floor":9,"key":"Paper Crane"},{"floor":10,"key":"Odd Mushroom"},{"floor":26,"key":"Shuriken"}],"event_choices":[{"event_name":"Golden Idol","player_choice":"Take Damage","floor":2,"damage_taken":0},{"event_name":"Mushrooms","player_choice":"Fought Mushrooms","floor":10,"damage_taken":0},{"event_name":"The Library","player_choice":"Heal","floor":22,"damage_taken":0},{"event_name":"Vampires","player_choice":"Became a vampire","floor":24,"damage_taken":0}],"is_beta":false,"boss_relics":[{"not_picked":["Astrolabe","Cursed Key"],"picked":"Empty Cage"}],"items_purged_floors":[3,21,31],"is_endless":false,"potions_floor_spawned":[4,5,10,12,14,20,28],"killed_by":"Automaton","ascension_level":3}