{"gold_per_floor":[111,126,126,145,320,320,355,355,355,355,372,392,392],"floor_reached":13,"playtime":1131,"items_purged":[],"score":111,"play_id":"0561a79e-f681-4d92-b51c-64681a92304d","local_time":"20190508124627","is_ascension_mode":true,"campfire_choices":[{"data":"Zap","floor":6,"key":"SMITH"},{"data":"Consume","floor":8,"key":"SMITH"},{"data":"Conserve Battery","floor":10,"key":"SMITH"}],"neow_cost":"NONE","seed_source_timestamp":278017388668800,"circlet_count":0,"master_deck":["Strike_B","Strike_B","Strike_B","Defend_B","Defend_B","Defend_B","Defend_B","Zap+1","Dualcast","Glacier","Conserve Battery+1","Reprogram","Doubt","Consume+1","Machine Learning","Turbo"],"relics":["Cracked Core","Incense Burner","Ginger"],"potions_floor_usage":[11,13],"damage_taken":[{"damage":8,"enemies":"Jaw Worm","floor":1,"turns":4},{"damage":0,"enemies":"2 Louse","floor":2,"turns":4},{"damage":0,"enemies":"Cultist","floor":4,"turns":4},{"damage":25,"enemies":"Lagavulin","floor":7,"turns":9},{"damage":11,"enemies":"Gremlin Gang","floor":11,"turns":5},{"damage":8,"enemies":"Large Slime","floor":12,"turns":6},{"damage":31,"enemies":"3 Sentries","floor":13,"turns":4}],"seed_played":"2206709365599506081","potions_obtained":[{"floor":2,"key":"Fire Potion"},{"floor":11,"key":"Poison Potion"}],"is_trial":false,"path_per_floor":["M","M","?","M","?","R","E","R","T","R","M","M","E"],"character_chosen":"DEFECT","items_purchased":[],"campfire_rested":0,"item_purchase_floors":[],"current_hp_per_floor":[67,67,67,67,67,67,42,42,42,42,31,23,0],"gold":392,"neow_bonus":"TEN_PERCENT_HP_BONUS","is_prod":false,"is_daily":false,"chose_seed":false,"campfire_upgraded":3,"win_rate":0,"timestamp":1557312387,"path_taken":["M","M","?","M","?","R","E","R","T","R","M","M","E"],"build_version":"2019-01-23","purchased_purges":0,"victory":false,"max_hp_per_floor":[82,82,82,82,82,82,82,82,82,82,82,82,82],"card_choices":[{"not_picked":["Coolheaded","Streamline"],"picked":"Glacier","floor":1},{"not_picked":["Leap","Hologram"],"picked":"Conserve Battery","floor":2},{"not_picked":["Redo","Hologram"],"picked":"Reprogram","floor":4},{"not_picked":["Chaos","Ball Lightning"],"picked":"Consume","floor":7},{"not_picked":["Heatsinks","Barrage"],"picked":"Machine Learning","floor":11},{"not_picked":["Static Discharge","Conserve Battery"],"picked":"Turbo","floor":12}],"player_experience":125435,"relics_obtained":[{"floor":7,"key":"Incense Burner"},{"floor":9,"key":"Ginger"}],"event_choices":[{"cards_removed":["Strike_B"],"damage_healed":0,"gold_gain":0,"player_choice":"Forget","damage_taken":0,"max_hp_gain":0,"max_hp_loss":0,"event_name":"Living Wall","floor":3,"gold_loss":0},{"damage_healed":0,"gold_gain":175,"player_choice":"AGREE","damage_taken":0,"max_hp_gain":0,"max_hp_loss":0,"event_name":"Liars Game","floor":5,"gold_loss":0,"cards_obtained":["Doubt"]}],"is_beta":false,"boss_relics":[],"items_purged_floors":[],"is_endless":false,"potions_floor_spawned":[2,11],"killed_by":"3 Sentries","ascension_level":6}