{"gold_per_floor":[116,41,41,41,51,51,71,71,94,128,145,145,145,163,163,259,259,275,275,302,315,215,225,242,254,281,281,156,169,169,179,179,276,276,289,302,524,374,388,388,388,413,413,431,451,470,488,500,500,500],"floor_reached":50,"playtime":3109,"items_purged":["Strike_B","Defend_B","Defend_B","Bite"],"score":580,"play_id":"e45220a2-a25b-47e1-bb0a-511bebeb2330","local_time":"20180812214608","is_ascension_mode":false,"campfire_choices":[{"data":"Dualcast","floor":6,"key":"SMITH"},{"data":"Zap","floor":8,"key":"SMITH"},{"data":"Coolheaded","floor":13,"key":"SMITH"},{"floor":15,"key":"REST"},{"data":"RitualDagger","floor":30,"key":"SMITH"},{"floor":32,"key":"REST"},{"data":"Gash","floor":40,"key":"SMITH"},{"data":"Gash","floor":49,"key":"SMITH"}],"neow_cost":"NONE","seed_source_timestamp":40298757622919,"circlet_count":0,"master_deck":["Zap+1","Dualcast+1","Gash+1","Compile Driver","Coolheaded+1","Rebound","Bite","Bite","Bite","Bite","Beam Cell+1","Conserve Battery+1","Gash+1","RitualDagger+1","Gash+1","Gash","Coolheaded+1"],"relics":["Cracked Core","Dream Catcher","Vajra","Gremlin Horn","Empty Cage","Red Mask","Lantern","Nuclear Battery","The Courier","Dodecahedron"],"potions_floor_usage":[16,16,21,33,42,44,50,50,50],"damage_taken":[{"damage":1,"enemies":"2 Louse","floor":1,"turns":3},{"damage":0,"enemies":"Cultist","floor":5,"turns":2},{"damage":6,"enemies":"Jaw Worm","floor":7,"turns":2},{"damage":25,"enemies":"3 Sentries","floor":10,"turns":7},{"damage":1,"enemies":"Exordium Wildlife","floor":11,"turns":4},{"damage":2,"enemies":"Gremlin Gang","floor":14,"turns":3},{"damage":0,"enemies":"Slime Boss","floor":16,"turns":6},{"damage":8,"enemies":"Spheric Guardian","floor":18,"turns":3},{"damage":36,"floor":20,"turns":5},{"damage":18,"enemies":"Shell Parasite","floor":21,"turns":5},{"damage":18,"enemies":"Centurion and Healer","floor":23,"turns":6},{"damage":25,"enemies":"3 Cultists","floor":24,"turns":6},{"damage":12,"enemies":"Cultist and Chosen","floor":25,"turns":5},{"damage":8,"enemies":"Snecko","floor":29,"turns":3},{"damage":6,"enemies":"Chosen and Byrds","floor":31,"turns":3},{"damage":57,"enemies":"Champ","floor":33,"turns":10},{"damage":0,"enemies":"Flame Bruiser 1 Orb","floor":35,"turns":3},{"damage":15,"enemies":"3 Shapes","floor":36,"turns":3},{"damage":0,"enemies":"Transient","floor":39,"turns":5},{"damage":38,"enemies":"Giant Head","floor":42,"turns":6},{"damage":12,"enemies":"Maw","floor":44,"turns":5},{"damage":0,"enemies":"Flame Bruiser 2 Orb","floor":45,"turns":3},{"damage":0,"enemies":"Transient","floor":46,"turns":5},{"damage":0,"enemies":"3 Darklings","floor":47,"turns":2},{"damage":0,"enemies":"Flame Bruiser 2 Orb","floor":48,"turns":2},{"damage":71,"enemies":"Donu and Deca","floor":50,"turns":4}],"seed_played":"-156027982228268362","potions_obtained":[{"floor":5,"key":"GamblersBrew"},{"floor":10,"key":"Swift Potion"},{"floor":20,"key":"PowerPotion"},{"floor":21,"key":"FearPotion"},{"floor":31,"key":"GamblersBrew"},{"floor":35,"key":"Regen Potion"},{"floor":42,"key":"Regen Potion"},{"floor":47,"key":"Explosive Potion"},{"floor":48,"key":"Weak Potion"}],"is_trial":false,"path_per_floor":["M","$","?","?","M","R","M","R","T","E","M","T","R","M","R","B",null,"M","?","?","M","$","M","M","M","T","?","$","M","R","M","R","B",null,"M","M","?","$","M","R","?","E","T","M","M","M","M","M","R"],"character_chosen":"DEFECT","items_purchased":[],"campfire_rested":2,"item_purchase_floors":[],"current_hp_per_floor":[74,74,74,67,67,67,61,61,61,36,35,35,35,33,55,55,75,67,52,28,24,24,32,27,29,29,23,23,25,25,27,42,13,52,52,41,41,41,52,52,52,34,34,44,52,52,52,52,52,0],"gold":500,"neow_bonus":"THREE_CARDS","is_prod":false,"is_daily":false,"chose_seed":false,"campfire_upgraded":6,"win_rate":0,"timestamp":1534081568,"path_taken":["M","$","?","?","M","R","M","R","T","E","?","?","R","M","R","BOSS","M","?","?","M","$","M","M","M","T","?","$","M","R","M","R","BOSS","M","M","?","$","?","R","?","E","T","?","M","?","M","M","R","BOSS"],"build_version":"2018-08-09","purchased_purges":4,"victory":false,"max_hp_per_floor":[75,75,75,75,75,75,75,75,75,75,75,75,75,75,75,75,75,75,52,52,52,52,52,52,52,52,52,52,52,52,52,52,52,52,52,52,52,52,52,52,52,52,52,52,52,52,52,52,52,52],"card_choices":[{"not_picked":["Ball Lightning","Undo"],"picked":"Gash","floor":1},{"not_picked":["Rip and Tear","Doom and Gloom","Cold Snap"],"picked":"SKIP","floor":5},{"not_picked":["Steam Power","Cold Snap"],"picked":"Compile Driver","floor":7},{"not_picked":["Static Discharge","Steam"],"picked":"Coolheaded","floor":10},{"not_picked":["Ball Lightning","Stack","Turbo"],"picked":"SKIP","floor":11},{"not_picked":["Barrage","Ball Lightning","Coolheaded"],"picked":"SKIP","floor":14},{"not_picked":["Redo","Barrage"],"picked":"Rebound","floor":15},{"not_picked":["Turbo","Force Field","Ball Lightning"],"picked":"SKIP","floor":18},{"not_picked":["Cold Snap","Steam+1"],"picked":"Beam Cell+1","floor":21},{"not_picked":["Hologram","Capacitor"],"picked":"Conserve Battery+1","floor":23},{"not_picked":["Core Surge","Rip and Tear","Steam+1"],"picked":"SKIP","floor":24},{"not_picked":["Compile Driver+1","Blizzard+1"],"picked":"Gash","floor":25},{"not_picked":["Lockon+1","Sweeping Beam","Coolheaded"],"picked":"SKIP","floor":29},{"not_picked":["Cold Snap+1","Stack","Redo"],"picked":"SKIP","floor":31},{"not_picked":["Cold Snap","Conserve Battery","Hologram"],"picked":"SKIP","floor":35},{"not_picked":["Hologram+1","Ball Lightning+1"],"picked":"Gash+1","floor":36},{"not_picked":["Steam+1","Self Repair+1","Force Field"],"picked":"SKIP","floor":39},{"not_picked":["Melter","Compile Driver"],"picked":"Gash","floor":42},{"not_picked":["Hologram+1","Ball Lightning"],"picked":"Coolheaded+1","floor":44},{"not_picked":["Streamline","Storm","Conserve Battery"],"picked":"SKIP","floor":45},{"not_picked":["Streamline","Conserve Battery","FTL"],"picked":"SKIP","floor":46},{"not_picked":["Machine Learning","Ball Lightning","Go for the Eyes+1"],"picked":"SKIP","floor":47},{"not_picked":["Self Repair","Reinforced Body+1","Static Discharge+1"],"picked":"SKIP","floor":48}],"player_experience":382353,"relics_obtained":[{"floor":9,"key":"Dream Catcher"},{"floor":10,"key":"Vajra"},{"floor":12,"key":"Gremlin Horn"},{"floor":20,"key":"Red Mask"},{"floor":26,"key":"Lantern"},{"floor":42,"key":"The Courier"},{"floor":43,"key":"Dodecahedron"}],"event_choices":[{"event_name":"Living Wall","player_choice":"Forget","floor":3,"damage_taken":0},{"event_name":"Golden Wing","player_choice":"Card Removal","floor":4,"damage_taken":0},{"event_name":"Vampires","player_choice":"Became a vampire","floor":19,"damage_taken":0},{"event_name":"Masked Bandits","player_choice":"Fought Bandits","floor":20,"damage_taken":0},{"event_name":"Nest","player_choice":"Joined the Cult","floor":27,"damage_taken":0},{"event_name":"Tomb of Lord Red Mask","player_choice":"Wore Mask","floor":37,"damage_taken":0},{"event_name":"Match and Keep!","player_choice":"0 cards matched","floor":41,"damage_taken":0}],"is_beta":false,"boss_relics":[{"not_picked":["Runic Dome","Pandora\u0027s Box"],"picked":"Empty Cage"},{"not_picked":["White Beast Statue","Fusion Hammer"],"picked":"Nuclear Battery"}],"items_purged_floors":[2,22,28,38],"is_endless":false,"potions_floor_spawned":[5,10,20,21,31,35,42,47,48],"killed_by":"Donu and Deca","ascension_level":0}