{"gold_per_floor":[119,119,119,142,165,206,206,219,219,219,258,279,279,322,322,442,442,462,487,487,487,487,487,412,412,483,483,344,362,362,362],"floor_reached":31,"playtime":1151,"items_purged":["Strike_R+1","Strike_R+1"],"score":402,"play_id":"16966c26-93f1-487e-8432-f1017421bc89","local_time":"20181214112409","is_ascension_mode":true,"campfire_choices":[{"data":"Bash","floor":10,"key":"SMITH"},{"data":"Rampage","floor":15,"key":"SMITH"},{"data":"Rampage","floor":23,"key":"SMITH"},{"data":"Offering","floor":25,"key":"SMITH"},{"data":"Berserk","floor":27,"key":"SMITH"},{"floor":30,"key":"REST"}],"neow_cost":"NONE","seed_source_timestamp":147128112224758,"circlet_count":0,"master_deck":["AscendersBane","Strike_R+1","Strike_R+1","Strike_R+1","Defend_R+1","Defend_R+1","Defend_R+1","Defend_R+1","Bash+1","Clash","Combust","Rampage+1","Combust","Rampage+1","Headbutt","Offering+1","Berserk+1","Headbutt+1","Clash","RitualDagger","Ghostly Armor+1"],"relics":["Burning Blood","NeowsBlessing","Golden Idol","Happy Flower","Paper Frog","Dead Branch","Unceasing Top","Runic Dome","Toxic Egg 2"],"potions_floor_usage":[16,16,19,31],"damage_taken":[{"damage":0,"enemies":"2 Louse","floor":1,"turns":1},{"damage":0,"enemies":"Jaw Worm","floor":4,"turns":1},{"damage":0,"enemies":"Small Slimes","floor":5,"turns":1},{"damage":23,"enemies":"Lagavulin","floor":6,"turns":6},{"damage":8,"enemies":"2 Fungi Beasts","floor":8,"turns":3},{"damage":25,"enemies":"3 Sentries","floor":11,"turns":5},{"damage":2,"enemies":"3 Louse","floor":12,"turns":4},{"damage":10,"enemies":"Gremlin Nob","floor":14,"turns":3},{"damage":45,"enemies":"Hexaghost","floor":16,"turns":8},{"damage":40,"enemies":"Spheric Guardian","floor":18,"turns":4},{"damage":11,"enemies":"Chosen","floor":19,"turns":3},{"damage":17,"enemies":"Centurion and Healer","floor":29,"turns":5},{"damage":42,"enemies":"Snake Plant","floor":31,"turns":3}],"seed_played":"9072565160147585599","potions_obtained":[{"floor":1,"key":"LiquidBronze"},{"floor":11,"key":"PowerPotion"},{"floor":16,"key":"Dexterity Potion"},{"floor":18,"key":"Regen Potion"},{"floor":29,"key":"Regen Potion"}],"is_trial":false,"path_per_floor":["M","?","?","M","M","E","?","M","T","R","E","M","?","E","R","B",null,"M","M","?","?","?","R","$","R","T","R","$","M","R","M"],"character_chosen":"IRONCLAD","items_purchased":["Ghostly Armor+1"],"campfire_rested":1,"item_purchase_floors":[28],"current_hp_per_floor":[78,74,59,65,71,54,54,52,52,52,33,37,61,57,57,18,60,26,30,24,24,24,24,24,24,24,24,24,13,35,0],"gold":362,"neow_bonus":"THREE_ENEMY_KILL","is_prod":false,"is_daily":false,"chose_seed":false,"campfire_upgraded":5,"win_rate":0,"timestamp":1544757849,"path_taken":["M","?","?","M","?","E","?","M","T","R","E","M","?","E","R","BOSS","M","M","?","?","?","R","$","R","T","R","$","M","R","M"],"build_version":"2018-12-13","purchased_purges":2,"victory":false,"max_hp_per_floor":[80,74,74,74,74,74,74,74,74,74,74,74,74,74,74,74,74,74,74,74,74,74,74,74,74,74,74,74,74,74,74],"card_choices":[{"not_picked":["Pummel","Headbutt"],"picked":"Clash","floor":1},{"not_picked":["Corruption","Dual Wield"],"picked":"Combust","floor":4},{"not_picked":["Wild Strike","Second Wind"],"picked":"Rampage","floor":5},{"not_picked":["Sword Boomerang","Reckless Charge"],"picked":"Combust","floor":6},{"not_picked":["Body Slam","Armaments","Pommel Strike"],"picked":"SKIP","floor":8},{"not_picked":["Intimidate","Shrug It Off"],"picked":"Rampage","floor":11},{"not_picked":["Infernal Blade","Clothesline"],"picked":"Headbutt","floor":12},{"not_picked":["Seeing Red","Iron Wave"],"picked":"Offering","floor":14},{"not_picked":["Impervious","Bludgeon"],"picked":"Berserk","floor":16},{"not_picked":["Clothesline","Seeing Red"],"picked":"Headbutt+1","floor":18},{"not_picked":["Disarm","Thunderclap"],"picked":"Clash","floor":19},{"not_picked":["Reckless Charge","Clash","Flex+1"],"picked":"SKIP","floor":29}],"player_experience":563028,"relics_obtained":[{"floor":6,"key":"Happy Flower"},{"floor":9,"key":"Paper Frog"},{"floor":11,"key":"Dead Branch"},{"floor":14,"key":"Unceasing Top"},{"floor":26,"key":"Toxic Egg 2"}],"event_choices":[{"damage_healed":0,"gold_gain":0,"player_choice":"Lose Max HP","damage_taken":0,"relics_obtained":["Golden Idol"],"max_hp_gain":0,"max_hp_loss":6,"event_name":"Golden Idol","floor":2,"gold_loss":0},{"damage_healed":0,"gold_gain":0,"player_choice":"Entered Light","damage_taken":15,"max_hp_gain":0,"max_hp_loss":0,"event_name":"Shining Light","floor":3,"gold_loss":0,"cards_upgraded":["Defend_R","Defend_R"]},{"damage_healed":0,"gold_gain":0,"player_choice":"Ignored","damage_taken":0,"max_hp_gain":0,"max_hp_loss":0,"event_name":"Liars Game","floor":7,"gold_loss":0},{"damage_healed":24,"gold_gain":0,"player_choice":"Banana","damage_taken":0,"max_hp_gain":0,"max_hp_loss":0,"event_name":"Big Fish","floor":13,"gold_loss":0},{"damage_healed":0,"gold_gain":0,"player_choice":"Joined the Cult","damage_taken":6,"max_hp_gain":0,"max_hp_loss":0,"event_name":"Nest","floor":20,"gold_loss":0,"cards_obtained":["RitualDagger"]},{"damage_healed":0,"gold_gain":0,"player_choice":"Simplicity","damage_taken":0,"max_hp_gain":0,"max_hp_loss":0,"event_name":"Back to Basics","floor":21,"gold_loss":0,"cards_upgraded":["Strike_R","Strike_R","Strike_R","Strike_R","Strike_R","Defend_R","Defend_R"]},{"damage_healed":0,"gold_gain":0,"player_choice":"Ignored","damage_taken":0,"max_hp_gain":0,"max_hp_loss":0,"event_name":"The Mausoleum","floor":22,"gold_loss":0}],"is_beta":false,"boss_relics":[{"not_picked":["Fusion Hammer","Orrery"],"picked":"Runic Dome"}],"items_purged_floors":[24,28],"is_endless":false,"potions_floor_spawned":[1,11,12,16,18,29],"killed_by":"Snake Plant","ascension_level":12}