{"gold_per_floor":[111,111,386,22,36,71,81,81,105,170,170,2669,2669,2689,2689,2784,2784,2802,2802,1639,1655,1655,1686,1696,1728,1753,1753,1753,1765,1785,1818,1818,1923,1923,1933,1072,1090,1000,1000,1000,1017,1017,1040,1057,1080,1114,1114,1144,1144,1144],"floor_reached":51,"playtime":2887,"items_purged":["Regret","Strike_B","Strike_B","Defend_B"],"score":1655,"play_id":"c79b880c-9a4f-48b7-9117-092f0467edd9","local_time":"20190518025259","is_ascension_mode":true,"campfire_choices":[{"data":"Panache","floor":8,"key":"SMITH"},{"data":"Genetic Algorithm","floor":11,"key":"SMITH"},{"data":"Storm","floor":15,"key":"SMITH"},{"data":"Chaos","floor":32,"key":"SMITH"},{"data":"Reboot","floor":40,"key":"SMITH"},{"data":"Reinforced Body","floor":42,"key":"SMITH"},{"data":"Electrodynamics","floor":47,"key":"SMITH"},{"data":"Storm","floor":49,"key":"SMITH"}],"neow_cost":"NONE","seed_source_timestamp":56200000649100,"circlet_count":0,"master_deck":["Defend_B+1","Zap","Dualcast","Genetic Algorithm+1","Self Repair+1","Panache+1","Turbo","Genetic Algorithm","Force Field","Reinforced Body+1","Capacitor","Storm+1","White Noise+1","Rebound","Electrodynamics+1","Ball Lightning+1","Stack","Reboot+1","Mayhem","Storm","Sweeping Beam","Predator+1","Dual Wield+1","Ghostly","Ghostly","Ghostly","Ghostly","Ghostly","Bite","Bite+1","Bite","Bite","Bite","Corruption","Chaos+1","Skim","Doppelganger+1","Tempest+1","Storm+1","Mayhem","Rebound+1"],"relics":["Cracked Core","NeowsBlessing","Anchor","Tiny Chest","Toy Ornithopter","Bronze Scales","Mummified Hand","Matryoshka","Coffee Dripper","PrismaticShard","Darkstone Periapt","Unceasing Top","DataDisk","Happy Flower","Strawberry","Bottled Tornado","Juzu Bracelet","Lantern","Kunai","Inserter","ClockworkSouvenir","Blood Vial","War Paint","Dream Catcher","Omamori","Pocketwatch","Whetstone"],"potions_floor_usage":[],"damage_taken":[{"damage":0,"enemies":"Small Slimes","floor":1,"turns":1},{"damage":0,"enemies":"Jaw Worm","floor":5,"turns":1},{"damage":0,"enemies":"3 Sentries","floor":6,"turns":1},{"damage":1,"enemies":"Cultist","floor":7,"turns":3},{"damage":4,"enemies":"Gremlin Nob","floor":10,"turns":4},{"damage":0,"enemies":"Red Slaver","floor":14,"turns":2},{"damage":0,"enemies":"Slime Boss","floor":16,"turns":5},{"damage":0,"enemies":"3 Byrds","floor":18,"turns":2},{"damage":0,"enemies":"2 Thieves","floor":21,"turns":2},{"damage":0,"enemies":"Book of Stabbing","floor":23,"turns":1},{"damage":0,"enemies":"Shelled Parasite and Fungi","floor":24,"turns":1},{"damage":0,"enemies":"Gremlin Leader","floor":25,"turns":2},{"damage":0,"enemies":"Centurion and Healer","floor":29,"turns":1},{"damage":0,"enemies":"Cultist and Chosen","floor":30,"turns":1},{"damage":0,"enemies":"Slavers","floor":31,"turns":1},{"damage":0,"enemies":"Collector","floor":33,"turns":1},{"damage":0,"enemies":"3 Darklings","floor":35,"turns":1},{"damage":0,"enemies":"3 Shapes","floor":37,"turns":1},{"damage":0,"enemies":"Maw","floor":41,"turns":1},{"damage":0,"enemies":"Writhing Mass","floor":44,"turns":1},{"damage":0,"enemies":"Reptomancer","floor":46,"turns":1},{"damage":0,"enemies":"Giant Head","floor":48,"turns":1},{"damage":0,"enemies":"Donu and Deca","floor":50,"turns":1}],"seed_played":"579126132","potions_obtained":[{"floor":1,"key":"SpeedPotion"},{"floor":7,"key":"Block Potion"},{"floor":10,"key":"SmokeBomb"},{"floor":21,"key":"LiquidBronze"},{"floor":23,"key":"Poison Potion"},{"floor":37,"key":"GamblersBrew"}],"is_trial":false,"path_per_floor":["M","?","?","$","M","E","M","R","T","E","R","$","?","M","R","B",null,"M","?","$","M","T","E","M","E","T","?","?","M","M","E","R","B",null,"M","$","M","?","?","R","M","R","T","M","T","E","R","E","R","B",null],"character_chosen":"DEFECT","items_purchased":["Self Repair","Panache","Turbo","Storm","White Noise","Toy Ornithopter","Bronze Scales","Mummified Hand","PrismaticShard","Darkstone Periapt","Unceasing Top","Mayhem","Storm","Sweeping Beam","ClockworkSouvenir","Blood Vial","War Paint","Storm","Mayhem"],"campfire_rested":0,"item_purchase_floors":[4,4,4,12,12,12,12,12,20,20,20,20,20,20,36,36,36,36,36],"current_hp_per_floor":[68,53,53,53,53,53,59,59,59,62,62,62,50,50,50,57,71,75,75,75,75,75,82,82,82,82,41,28,28,28,28,28,28,28,28,28,28,28,28,28,28,28,28,28,28,28,28,28,28,28],"gold":1144,"neow_bonus":"THREE_ENEMY_KILL","is_prod":false,"is_daily":false,"chose_seed":true,"campfire_upgraded":8,"win_rate":0,"timestamp":1558140779,"path_taken":["M","?","?","$","M","E","?","R","T","E","R","?","?","M","R","BOSS","M","?","?","M","?","E","M","E","T","?","?","M","M","E","R","BOSS","M","$","M","?","?","R","M","R","T","M","?","E","R","E","R","BOSS"],"build_version":"2019-01-23","purchased_purges":4,"victory":true,"max_hp_per_floor":[75,75,75,75,75,75,75,75,75,75,75,75,75,75,75,75,75,75,75,75,75,75,82,82,82,82,41,28,28,28,28,28,28,28,28,28,28,28,28,28,28,28,28,28,28,28,28,28,28,28],"card_choices":[{"not_picked":["Loop","Defragment"],"picked":"Genetic Algorithm","floor":1},{"not_picked":["Redo","Stack"],"picked":"Genetic Algorithm","floor":5},{"not_picked":["Barrage","Beam Cell"],"picked":"Force Field","floor":6},{"not_picked":["Coolheaded","Steam"],"picked":"Reinforced Body","floor":7},{"not_picked":["Leap","Consume"],"picked":"Capacitor","floor":10},{"not_picked":["Scrape","Go for the Eyes"],"picked":"Rebound","floor":14},{"not_picked":["Core Surge","All For One"],"picked":"Electrodynamics","floor":16},{"not_picked":["Compile Driver+1","Steam"],"picked":"Ball Lightning+1","floor":18},{"not_picked":["Double Tap","Flash of Steel"],"picked":"Predator","floor":21},{"not_picked":["Cleave+1","Iron Wave"],"picked":"Dual Wield+1","floor":23},{"not_picked":["Warcry","Panacea","Redo+1"],"picked":"SKIP","floor":24},{"not_picked":["Quick Slash","All Out Attack","Doom and Gloom+1"],"picked":"SKIP","floor":25},{"not_picked":["Prepared","Clothesline"],"picked":"Corruption","floor":29},{"not_picked":["Warcry","Clothesline"],"picked":"Chaos","floor":30},{"not_picked":["Double Tap","Streamline+1"],"picked":"Skim","floor":31},{"not_picked":["Storm of Steel","Bludgeon"],"picked":"Doppelganger","floor":33},{"not_picked":["Spot Weakness+1","Gash+1"],"picked":"Tempest+1","floor":35},{"not_picked":["PiercingWail+1","Sword Boomerang","Cold Snap"],"picked":"SKIP","floor":37},{"not_picked":["Dagger Throw","Body Slam+1","Flying Knee"],"picked":"SKIP","floor":41},{"not_picked":["Twin Strike+1","Dagger Throw+1","Cleave"],"picked":"SKIP","floor":44},{"not_picked":["Flying Knee+1","Capacitor","Good Instincts+1"],"picked":"SKIP","floor":46},{"not_picked":["Ball Lightning+1","Flying Knee+1"],"picked":"Rebound+1","floor":48}],"player_experience":139885,"relics_obtained":[{"floor":6,"key":"Anchor"},{"floor":10,"key":"Tiny Chest"},{"floor":22,"key":"DataDisk"},{"floor":22,"key":"Happy Flower"},{"floor":23,"key":"Strawberry"},{"floor":25,"key":"Bottled Tornado"},{"floor":26,"key":"Juzu Bracelet"},{"floor":26,"key":"Lantern"},{"floor":31,"key":"Kunai"},{"floor":43,"key":"Dream Catcher"},{"floor":45,"key":"Omamori"},{"floor":46,"key":"Pocketwatch"},{"floor":48,"key":"Whetstone"}],"event_choices":[{"damage_healed":0,"gold_gain":0,"player_choice":"Entered Light","damage_taken":15,"max_hp_gain":0,"max_hp_loss":0,"event_name":"Shining Light","floor":2,"gold_loss":0,"cards_upgraded":["Defend_B","Strike_B"]},{"damage_healed":0,"gold_gain":275,"player_choice":"Desecrate","damage_taken":0,"max_hp_gain":0,"max_hp_loss":0,"event_name":"Golden Shrine","floor":3,"gold_loss":0,"cards_obtained":["Regret"]},{"damage_healed":0,"gold_gain":0,"player_choice":"Success","damage_taken":12,"relics_obtained":["Matryoshka"],"max_hp_gain":0,"max_hp_loss":0,"event_name":"Scrap Ooze","floor":13,"gold_loss":0},{"damage_healed":0,"gold_gain":0,"player_choice":"2 cards matched","damage_taken":0,"max_hp_gain":0,"max_hp_loss":0,"event_name":"Match and Keep!","floor":19,"gold_loss":0,"cards_obtained":["Stack","Reboot"]},{"damage_healed":0,"gold_gain":0,"player_choice":"Became a Ghost","damage_taken":0,"max_hp_gain":0,"max_hp_loss":41,"event_name":"Ghosts","floor":27,"gold_loss":0,"cards_obtained":["Ghostly","Ghostly","Ghostly","Ghostly","Ghostly"]},{"damage_healed":0,"gold_gain":0,"player_choice":"Became a vampire","damage_taken":0,"max_hp_gain":0,"max_hp_loss":13,"event_name":"Vampires","floor":28,"gold_loss":0,"cards_obtained":["Bite","Bite","Bite","Bite","Bite"]},{"cards_removed":["Defend_B"],"damage_healed":0,"gold_gain":0,"player_choice":"Upgrade and Remove","damage_taken":0,"max_hp_gain":0,"max_hp_loss":0,"event_name":"Designer","floor":38,"gold_loss":90,"cards_upgraded":["Self Repair"]},{"cards_removed":["Defend_B"],"damage_healed":0,"gold_gain":0,"player_choice":"Purged","damage_taken":0,"max_hp_gain":0,"max_hp_loss":0,"event_name":"Purifier","floor":39,"gold_loss":0}],"is_beta":false,"boss_relics":[{"not_picked":["Eternal Feather","Ectoplasm"],"picked":"Coffee Dripper"},{"not_picked":["Velvet Choker","Snecko Eye"],"picked":"Inserter"}],"items_purged_floors":[4,12,20,36],"is_endless":false,"potions_floor_spawned":[1,7,10,21,23,29,33,37,44],"ascension_level":7}