{"gold_per_floor":[112,132,207,207,223,255,255,255,308,308],"floor_reached":10,"playtime":247,"items_purged":[],"score":122,"play_id":"05d76f7a-c80f-4ed7-8153-fca0a3371320","local_time":"20190113170000","is_ascension_mode":true,"campfire_choices":[{"data":"Havoc","floor":7,"key":"SMITH"}],"neow_cost":"TEN_PERCENT_HP_LOSS","seed_source_timestamp":66894507951750,"circlet_count":0,"master_deck":["AscendersBane","Strike_R","Strike_R","Strike_R","Strike_R","Strike_R","Defend_R","Defend_R","Defend_R","Defend_R","Bash","Reaper","Clothesline","Uppercut","Havoc+1"],"relics":["Burning Blood","Anchor","Unceasing Top","Smiling Mask"],"potions_floor_usage":[10],"damage_taken":[{"damage":14,"enemies":"Jaw Worm","floor":1,"turns":4},{"damage":10,"enemies":"2 Louse","floor":2,"turns":3},{"damage":10,"enemies":"Small Slimes","floor":5,"turns":4},{"damage":36,"enemies":"Gremlin Nob","floor":6,"turns":5},{"damage":20,"enemies":"Lagavulin","floor":10,"turns":4}],"seed_played":"-1954405128185611348","potions_obtained":[{"floor":1,"key":"FearPotion"}],"is_trial":false,"path_per_floor":["M","M","?","?","M","E","R","?","T","E"],"character_chosen":"IRONCLAD","items_purchased":[],"campfire_rested":0,"item_purchase_floors":[],"current_hp_per_floor":[66,68,57,46,46,20,20,20,20,0],"gold":308,"neow_bonus":"THREE_RARE_CARDS","is_prod":false,"is_daily":false,"chose_seed":false,"campfire_upgraded":1,"win_rate":0,"timestamp":1547370000,"path_taken":["M","M","?","?","M","E","R","?","T","E"],"build_version":"2019-01-10","purchased_purges":0,"victory":false,"max_hp_per_floor":[68,68,68,68,68,68,68,68,68,68],"card_choices":[{"not_picked":["Limit Break","Exhume"],"picked":"Reaper","floor":0},{"not_picked":["Dual Wield","Havoc","Anger"],"picked":"SKIP","floor":1},{"not_picked":["Pummel","Iron Wave"],"picked":"Clothesline","floor":2},{"not_picked":["Hemokinesis","Infernal Blade"],"picked":"Uppercut","floor":5},{"not_picked":["Havoc","Pummel","Brutality"],"picked":"SKIP","floor":6},{"not_picked":["Pummel","Brutality"],"picked":"Havoc","floor":6}],"player_experience":669066,"relics_obtained":[{"floor":6,"key":"Unceasing Top"},{"floor":9,"key":"Smiling Mask"}],"event_choices":[{"damage_healed":0,"gold_gain":75,"player_choice":"Gather Gold","damage_taken":11,"max_hp_gain":0,"max_hp_loss":0,"event_name":"World of Goop","floor":3,"gold_loss":0},{"damage_healed":0,"gold_gain":0,"player_choice":"Success","damage_taken":11,"relics_obtained":["Anchor"],"max_hp_gain":0,"max_hp_loss":0,"event_name":"Scrap Ooze","floor":4,"gold_loss":0},{"damage_healed":0,"gold_gain":0,"player_choice":"Ignored","damage_taken":0,"max_hp_gain":0,"max_hp_loss":0,"event_name":"Liars Game","floor":8,"gold_loss":0}],"is_beta":false,"boss_relics":[],"items_purged_floors":[],"is_endless":false,"potions_floor_spawned":[1],"killed_by":"Lagavulin","ascension_level":17}