{"path_per_floor":["M","$","?","M","$","E","R","E","T","R","M","$","R","?","R","B",null,"M","$","M","M","M","R","?","?","T","M","?","M","M","M","R"],"character_chosen":"DEFECT","items_purchased":["Sweeping Beam","Skim"],"gold_per_floor":[118,65,65,76,1,32,32,67,93,93,109,9,9,9,9,113,113,131,109,128,144,158,158,158,83,83,99,99,109,125,141,141,141],"floor_reached":33,"campfire_rested":2,"playtime":2189,"current_hp_per_floor":[82,82,79,75,75,54,54,17,17,41,41,41,41,41,41,38,82,82,82,82,81,65,65,49,49,49,39,66,45,13,17,41,0],"items_purged":["Strike_B","Strike_B"],"gold":141,"score":296,"play_id":"50ce2de3-929d-41d9-b430-bda4b56229bb","local_time":"20180427233601","is_prod":false,"is_daily":false,"chose_seed":false,"is_ascension_mode":true,"campfire_upgraded":4,"timestamp":1524890161,"path_taken":["M","$","?","M","$","E","R","E","T","R","M","$","R","?","R","BOSS","M","$","M","M","M","R","?","?","T","M","?","M","M","M","R","BOSS"],"build_version":"2018-04-27","seed_source_timestamp":41142734226302,"purchased_purges":4,"victory":false,"master_deck":["Zap+1","Dualcast","White Noise+1","Sweeping Beam","Static Discharge","Self Repair","Cold Snap","Cold Snap","Axe Kick","Tempest","Coolheaded","Sweeping Beam+1","Skim","Barrage+1","White Noise","Capacitor","Chill"],"max_hp_per_floor":[82,82,82,82,82,82,82,82,82,82,82,82,82,82,82,82,82,82,82,82,82,82,82,82,82,82,82,82,82,82,82,82,82],"relics":["Cracked Core","Vajra","Pantograph","Ice Cream","Ancient Tea Set","Pandora\u0027s Box","Nilry\u0027s Codex","Shuriken"],"card_choices":[{"not_picked":["Hologram","Stack"],"picked":"White Noise","floor":1},{"not_picked":["Hologram","Go for the Eyes"],"picked":"Static Discharge","floor":6},{"not_picked":["Skim","Flux Capacitor"],"picked":"Self Repair","floor":8},{"not_picked":["Stack","Steam Power"],"picked":"Sweeping Beam","floor":18},{"not_picked":["Stack","Go for the Eyes"],"picked":"Barrage","floor":21},{"not_picked":["Cold Snap","Blizzard"],"picked":"White Noise","floor":22},{"not_picked":["Sweeping Beam","Cold Snap"],"picked":"Capacitor","floor":27},{"not_picked":["Fusion","Beam Cell"],"picked":"Chill","floor":29}],"player_experience":63107,"potions_floor_usage":[6,21,21,30,30,33],"damage_taken":[{"damage":0,"enemies":"Small Slimes","floor":1,"turns":3},{"damage":4,"enemies":"2 Louse","floor":4,"turns":3},{"damage":21,"enemies":"3 Sentries","floor":6,"turns":6},{"damage":37,"enemies":"Gremlin Nob","floor":8,"turns":4},{"damage":7,"enemies":"Jaw Worm","floor":11,"turns":3},{"damage":35,"enemies":"Hexaghost","floor":16,"turns":9},{"damage":8,"enemies":"3 Byrds","floor":18,"turns":4},{"damage":2,"enemies":"Spheric Guardian","floor":20,"turns":3},{"damage":15,"enemies":"Cultist and Chosen","floor":21,"turns":5},{"damage":23,"enemies":"Snake Plant","floor":22,"turns":3},{"damage":17,"enemies":"Sentry and Sphere","floor":27,"turns":4},{"damage":28,"enemies":"Cultist and Chosen","floor":29,"turns":5},{"damage":32,"enemies":"Snake Plant","floor":30,"turns":3},{"damage":3,"enemies":"Sentry and Sphere","floor":31,"turns":4},{"damage":66,"enemies":"Champ","floor":33,"turns":11}],"event_choices":[{"event_name":"Scrap Ooze","player_choice":"success","floor":3,"damage_taken":3},{"event_name":"Living Wall","player_choice":"Change","floor":14,"damage_taken":0},{"event_name":"Cursed Tome","player_choice":"Obtained Book","floor":24,"damage_taken":0},{"event_name":"Beggar","player_choice":"Gave Gold","floor":25,"damage_taken":0},{"event_name":"The Library","player_choice":"Heal","floor":28,"damage_taken":0}],"boss_relics":[{"not_picked":["Lizard Tail","Runic Dome"],"picked":"Pandora\u0027s Box"}],"potions_floor_spawned":[4,11,16,20,22,27],"seed_played":"-6487773520853741639","killed_by":"Champ","ascension_level":3,"is_trial":false}