{"gold_per_floor":[109,184,184,199,27,27,62,76,76,89,89,117,69,86,86,185,185,198,17,17,36,36,36,50,83,83,83,29,29,29,49,49,49],"floor_reached":33,"playtime":5082,"items_purged":["Strike_R","Defend_R"],"score":298,"play_id":"a192cca8-c222-4587-b512-7cf86f5064a5","local_time":"20190122235402","is_ascension_mode":false,"campfire_choices":[{"data":"True Grit","floor":6.0,"key":"SMITH"},{"data":"Armaments","floor":11.0,"key":"SMITH"},{"data":"Heavy Blade","floor":15.0,"key":"SMITH"},{"data":"Juggernaut","floor":23.0,"key":"SMITH"},{"data":"Metallicize","floor":27.0,"key":"SMITH"},{"data":"Metallicize","floor":29.0,"key":"SMITH"},{"data":"Barricade","floor":32.0,"key":"SMITH"}],"neow_cost":"NONE","seed_source_timestamp":96157829661200,"circlet_count":0,"master_deck":["Strike_R","Strike_R","Defend_R","Defend_R","Defend_R","Bash","Armaments+1","Iron Wave","True Grit+1","Metallicize+1","Heavy Blade+1","Body Slam+1","Uppercut+1","Pommel Strike+1","Shrug It Off","Fiend Fire+1","Uppercut+1","Metallicize+1","Juggernaut+1","Metallicize+1","Cleave+1","Clash+1","Fiend Fire+1","Barricade+1"],"special_seed":0,"relics":["Burning Blood","NeowsBlessing","Pear","Molten Egg 2","Vajra","Sozu","Dodecahedron","Juzu Bracelet"],"potions_floor_usage":[],"damage_taken":[{"damage":0.0,"enemies":"Cultist","floor":1.0,"turns":1.0},{"damage":0.0,"enemies":"2 Louse","floor":4.0,"turns":2.0},{"damage":0.0,"enemies":"Lagavulin","floor":7.0,"turns":2.0},{"damage":3.0,"enemies":"Jaw Worm","floor":8.0,"turns":5.0},{"damage":3.0,"enemies":"Large Slime","floor":10.0,"turns":9.0},{"damage":6.0,"enemies":"Gremlin Nob","floor":12.0,"turns":6.0},{"damage":5.0,"enemies":"Gremlin Gang","floor":14.0,"turns":5.0},{"damage":23.0,"enemies":"Slime Boss","floor":16.0,"turns":8.0},{"damage":22.0,"enemies":"3 Byrds","floor":18.0,"turns":6.0},{"damage":18.0,"enemies":"2 Thieves","floor":21.0,"turns":4.0},{"damage":7.0,"enemies":"Cultist and Chosen","floor":24.0,"turns":5.0},{"damage":31.0,"enemies":"Gremlin Leader","floor":25.0,"turns":8.0},{"damage":1.0,"enemies":"Chosen and Byrds","floor":31.0,"turns":4.0},{"damage":47,"enemies":"Collector","floor":33,"turns":5}],"seed_played":"-4491040038538540598","potions_obtained":[{"floor":1.0,"key":"Energy Potion"},{"floor":4.0,"key":"EssenceOfSteel"},{"floor":16.0,"key":"AttackPotion"}],"is_trial":false,"path_per_floor":["M","?","?","M","$","R","E","M","T","M","R","E","$","M","R","B",null,"M","$","?","M","?","R","M","E","T","R","$","R","?","M","R","B"],"character_chosen":"IRONCLAD","items_purchased":["True Grit","Metallicize","Pommel Strike+1","Metallicize","Clash+1"],"campfire_rested":0,"item_purchase_floors":[5,5,13,19,28],"current_hp_per_floor":[80,69,69,75,75,75,90,90,90,90,90,90,90,90,90,73,90,74,74,74,62,62,62,61,36,36,36,36,36,36,41,41,0],"gold":49,"neow_bonus":"THREE_ENEMY_KILL","is_prod":false,"is_daily":false,"chose_seed":false,"campfire_upgraded":7,"win_rate":0.0,"timestamp":1548197642,"path_taken":["M","?","?","?","?","R","E","M","T","M","R","E","$","M","R","BOSS","M","$","?","M","?","R","M","E","T","R","$","R","?","M","R","BOSS"],"build_version":"2019-01-17v2","purchased_purges":2,"victory":false,"max_hp_per_floor":[80,80,80,80,80,80,90,90,90,90,90,90,90,90,90,90,90,90,90,90,90,90,90,90,90,90,90,90,90,90,90,90,90],"card_choices":[{"not_picked":["Bloodletting","Dual Wield"],"picked":"Armaments","floor":1.0},{"not_picked":["Whirlwind","Reckless Charge"],"picked":"Iron Wave","floor":4.0},{"not_picked":["Armaments","Seeing Red"],"picked":"Heavy Blade","floor":7.0},{"not_picked":["Perfected Strike","Sword Boomerang","Thunderclap"],"picked":"SKIP","floor":8.0},{"not_picked":["Anger+1","Feed+1"],"picked":"Body Slam+1","floor":10.0},{"not_picked":["Rage","Wild Strike+1"],"picked":"Uppercut+1","floor":12.0},{"not_picked":["Pummel+1","Dropkick+1"],"picked":"Shrug It Off","floor":14.0},{"not_picked":["Offering","Immolate+1"],"picked":"Fiend Fire+1","floor":16.0},{"not_picked":["True Grit","Headbutt+1"],"picked":"Uppercut+1","floor":18.0},{"not_picked":["Body Slam+1","Infernal Blade"],"picked":"Juggernaut","floor":21.0},{"not_picked":["Carnage+1","Perfected Strike+1"],"picked":"Metallicize+1","floor":24.0},{"not_picked":["Carnage+1","Headbutt+1"],"picked":"Cleave+1","floor":25.0},{"not_picked":["Infernal Blade","Corruption+1"],"picked":"Barricade","floor":31.0}],"player_experience":73353,"relics_obtained":[{"floor":7.0,"key":"Pear"},{"floor":9.0,"key":"Molten Egg 2"},{"floor":12.0,"key":"Vajra"},{"floor":25.0,"key":"Dodecahedron"},{"floor":26.0,"key":"Juzu Bracelet"}],"event_choices":[{"damage_healed":0.0,"max_hp_gain":0.0,"max_hp_loss":0.0,"gold_gain":75.0,"event_name":"World of Goop","player_choice":"Gather Gold","floor":2.0,"gold_loss":0.0,"damage_taken":11.0},{"cards_removed":["Strike_R"],"damage_healed":0.0,"max_hp_gain":0.0,"max_hp_loss":0.0,"gold_gain":0.0,"event_name":"Purifier","player_choice":"Purged","floor":3.0,"gold_loss":0.0,"damage_taken":0.0},{"damage_healed":0.0,"max_hp_gain":0.0,"max_hp_loss":0.0,"gold_gain":0.0,"event_name":"Beggar","player_choice":"Ignored","floor":20.0,"gold_loss":0.0,"damage_taken":0.0},{"cards_removed":["Strike_R"],"damage_healed":0.0,"max_hp_gain":0.0,"max_hp_loss":0.0,"gold_gain":0.0,"event_name":"Bonfire Elementals","player_choice":"Offered Basic","floor":22.0,"gold_loss":0.0,"damage_taken":0.0},{"damage_healed":0.0,"max_hp_gain":0.0,"max_hp_loss":0.0,"gold_gain":0.0,"event_name":"Duplicator","player_choice":"Copied","floor":30.0,"gold_loss":0.0,"damage_taken":0.0,"cards_obtained":["Fiend Fire"]}],"is_beta":false,"boss_relics":[{"not_picked":["Empty Cage","Runic Dome"],"picked":"Sozu"}],"items_purged_floors":[5,19],"is_endless":false,"potions_floor_spawned":[1,4,16,21,25],"killed_by":"Collector","ascension_level":0}