{"gold_per_floor":[113,123,123,198,123,154,54,54,54,54,85,104,104,104],"floor_reached":14,"playtime":780,"items_purged":["Strike_B","Strike_B"],"score":207,"play_id":"692280e6-8f35-4a8e-a3ab-59c754c7b5ef","local_time":"20190613163915","is_ascension_mode":true,"campfire_choices":[{"data":"Redo","floor":8,"key":"SMITH"}],"neow_cost":"NONE","seed_source_timestamp":254266201806300,"circlet_count":0,"master_deck":["AscendersBane","Strike_B","Strike_B","Defend_B","Defend_B","Defend_B","Defend_B+1","Zap","Dualcast+1","Streamline","Go for the Eyes","Redo+1","Regret","Glacier","Amplify"],"special_seed":0,"relics":["Cracked Core","NeowsBlessing","Strawberry","Pear","Calipers","Shovel"],"potions_floor_usage":[],"damage_taken":[{"damage":0.0,"enemies":"2 Louse","floor":1.0,"turns":1.0},{"damage":0.0,"enemies":"Jaw Worm","floor":2.0,"turns":1.0},{"damage":0.0,"enemies":"Gremlin Nob","floor":6.0,"turns":1.0},{"damage":40,"enemies":"Lagavulin","floor":11,"turns":6},{"damage":2,"enemies":"Small Slimes","floor":12,"turns":3},{"damage":19,"enemies":"Gremlin Nob","floor":14,"turns":3}],"seed_played":"5567130736387577308","potions_obtained":[{"floor":1.0,"key":"FocusPotion"},{"floor":6.0,"key":"SteroidPotion"},{"floor":11,"key":"Ancient Potion"}],"is_trial":false,"path_per_floor":["M","M","?","?","$","E","$","R","T","?","E","M","$","E"],"character_chosen":"DEFECT","items_purchased":[],"campfire_rested":0,"item_purchase_floors":[],"current_hp_per_floor":[68,68,53,42,42,49,49,49,59,59,19,17,17,0],"gold":104,"neow_bonus":"THREE_ENEMY_KILL","is_prod":false,"is_daily":false,"chose_seed":false,"campfire_upgraded":1,"win_rate":0,"timestamp":1560436755,"path_taken":["M","M","?","?","?","E","$","R","T","?","E","M","?","E"],"build_version":"2019-01-23","purchased_purges":2,"victory":false,"max_hp_per_floor":[75,75,75,75,75,82,82,82,92,92,92,92,92,92],"card_choices":[{"not_picked":["Fusion","Go for the Eyes"],"picked":"Streamline","floor":1.0},{"not_picked":["Undo","Compile Driver"],"picked":"Go for the Eyes","floor":2.0},{"not_picked":["Defragment","Loop"],"picked":"Redo","floor":6.0},{"not_picked":["Leap","Reprogram"],"picked":"Glacier","floor":11},{"not_picked":["Force Field","Ball Lightning"],"picked":"Amplify","floor":12}],"player_experience":214101,"relics_obtained":[{"floor":6.0,"key":"Strawberry"},{"floor":9,"key":"Pear"},{"floor":11,"key":"Shovel"}],"event_choices":[{"damage_healed":0.0,"max_hp_gain":0.0,"max_hp_loss":0.0,"gold_gain":0.0,"event_name":"Shining Light","player_choice":"Entered Light","floor":3.0,"gold_loss":0.0,"damage_taken":15.0,"cards_upgraded":["Defend_B","Dualcast"]},{"damage_healed":0.0,"max_hp_gain":0.0,"max_hp_loss":0.0,"gold_gain":75.0,"event_name":"World of Goop","player_choice":"Gather Gold","floor":4.0,"gold_loss":0.0,"damage_taken":11.0},{"damage_healed":0,"gold_gain":0,"player_choice":"Box","damage_taken":0,"relics_obtained":["Calipers"],"max_hp_gain":0,"max_hp_loss":0,"event_name":"Big Fish","floor":10,"gold_loss":0,"cards_obtained":["Regret"]}],"is_beta":false,"boss_relics":[],"items_purged_floors":[5,7],"is_endless":false,"potions_floor_spawned":[1,6,11,12],"killed_by":"Gremlin Nob","ascension_level":10}