{"gold_per_floor":[114,133,19,35,49,68,68,68,94,94,194,214,174,209,209,209],"floor_reached":16,"playtime":1626,"items_purged":["Strike_G"],"score":102,"play_id":"fbcc0536-7297-4033-b035-905c15a05f1f","local_time":"20180719080446","is_ascension_mode":false,"campfire_choices":[{"floor":7,"key":"REST"},{"floor":15,"key":"REST"}],"neow_cost":"NONE","seed_source_timestamp":16721588588477,"circlet_count":0,"master_deck":["Defend_G","Defend_G","Defend_G","Defend_G","Defend_G","Strike_G+1","Strike_G","Strike_G","Strike_G","Survivor","Neutralize+1","Crippling Poison","Escape Plan","Calculated Gamble","Crippling Poison+1","Blur","Deflect","Outmaneuver","Bane"],"relics":["Fusion Hammer","Juzu Bracelet","Whetstone"],"potions_floor_usage":[],"damage_taken":[{"damage":0,"enemies":"Cultist","floor":1,"turns":5},{"damage":0,"enemies":"Small Slimes","floor":2,"turns":3},{"damage":0,"enemies":"2 Louse","floor":4,"turns":3},{"damage":0,"enemies":"Looter","floor":5,"turns":4},{"damage":3,"enemies":"3 Louse","floor":6,"turns":3},{"damage":0,"enemies":"Exordium Thugs","floor":12,"turns":5},{"damage":37,"enemies":"Gremlin Nob","floor":14,"turns":6},{"damage":59,"enemies":"Hexaghost","floor":16,"turns":16}],"seed_played":"6202471611292201485","potions_obtained":[{"floor":6,"key":"Strength Potion"},{"floor":14,"key":"GhostInAJar"}],"is_trial":false,"path_per_floor":["M","M","$","M","M","M","R","?","T","?","?","M","?","E","R"],"character_chosen":"THE_SILENT","items_purchased":["Calculated Gamble"],"campfire_rested":2,"item_purchase_floors":[3],"current_hp_per_floor":[70,70,70,70,70,67,70,70,70,70,70,70,70,33,54,0],"gold":209,"neow_bonus":"BOSS_RELIC","is_prod":false,"is_daily":false,"chose_seed":false,"campfire_upgraded":0,"win_rate":0.0,"timestamp":1531958686,"path_taken":["M","M","?","M","M","M","R","?","T","?","?","M","?","E","R","BOSS"],"build_version":"2018-07-12","purchased_purges":1,"victory":false,"max_hp_per_floor":[70,70,70,70,70,70,70,70,70,70,70,70,70,70,70,70],"card_choices":[{"not_picked":["Sucker Punch","Escape Plan"],"picked":"Crippling Poison","floor":1},{"not_picked":["Dodge and Roll","Deflect"],"picked":"Escape Plan","floor":2},{"not_picked":["Quick Slash","Outmaneuver"],"picked":"Crippling Poison","floor":4},{"not_picked":["Skewer","Riddle With Holes"],"picked":"Blur","floor":5},{"not_picked":["Prepared","Heel Hook"],"picked":"Deflect","floor":6},{"not_picked":["Poisoned Stab","Bullet Time"],"picked":"Outmaneuver","floor":12},{"not_picked":["Prepared","Malaise"],"picked":"Bane","floor":14}],"player_experience":108440,"relics_obtained":[{"floor":9,"key":"Juzu Bracelet"},{"floor":14,"key":"Whetstone"}],"event_choices":[{"event_name":"Upgrade Shrine","player_choice":"Upgraded","floor":8,"damage_taken":0},{"event_name":"Liars Game","player_choice":"disagreed","floor":10,"damage_taken":0},{"event_name":"Golden Shrine","player_choice":"Pray","floor":11,"damage_taken":0},{"event_name":"World of Goop","player_choice":"Left","floor":13,"damage_taken":0}],"boss_relics":[],"items_purged_floors":[3],"is_endless":false,"potions_floor_spawned":[6,14],"killed_by":"Hexaghost","ascension_level":0}