{"gold_per_floor":[116,41,60,73,148,148,73,73,73,73,73,85,119,129,129,205,205,205,145,45,45,45,45,45,45,45,45,45,45,45,45,45,45],"floor_reached":33,"playtime":1210,"items_purged":["Strike_R","Strike_R"],"score":484,"play_id":"18617784-c657-4d0c-9aa7-ab0fdc71a7a0","local_time":"20181230085703","is_ascension_mode":true,"campfire_choices":[{"data":"Whirlwind","floor":6,"key":"SMITH"},{"data":"Bandage Up","floor":8,"key":"SMITH"},{"data":"Bash","floor":11,"key":"SMITH"},{"floor":15,"key":"REST"},{"data":"True Grit","floor":24,"key":"SMITH"},{"data":"Cleave","floor":27,"key":"SMITH"},{"floor":30,"key":"REST"},{"data":"Bludgeon","floor":32,"key":"SMITH"}],"neow_cost":"PERCENT_DAMAGE","seed_source_timestamp":745432044499300,"circlet_count":0,"master_deck":["AscendersBane","Strike_R","Strike_R","Defend_R","Defend_R","Defend_R","Defend_R","Bash+1","Bandage Up+1","Impatience","Whirlwind+1","Feed","Sword Boomerang","Dropkick","Fire Breathing+1","True Grit+1","Cleave+1","Bludgeon+1"],"relics":["Burning Blood","Nunchaku","Meat on the Bone","Ectoplasm","Oddly Smooth Stone","MawBank"],"potions_floor_usage":[4,13,13,14,25,31,33],"damage_taken":[{"damage":18,"enemies":"Jaw Worm","floor":1,"turns":4},{"damage":14,"enemies":"Small Slimes","floor":3,"turns":5},{"damage":6,"enemies":"Cultist","floor":4,"turns":4},{"damage":21,"enemies":"2 Fungi Beasts","floor":12,"turns":4},{"damage":8,"enemies":"Gremlin Nob","floor":13,"turns":3},{"damage":21,"enemies":"Blue Slaver","floor":14,"turns":4},{"damage":40,"enemies":"Slime Boss","floor":16,"turns":9},{"damage":25,"enemies":"Chosen","floor":18,"turns":6},{"damage":39,"enemies":"2 Thieves","floor":19,"turns":4},{"damage":30,"enemies":"Sentry and Sphere","floor":21,"turns":5},{"damage":33,"enemies":"3 Cultists","floor":22,"turns":4},{"damage":12,"enemies":"Chosen and Byrds","floor":23,"turns":4},{"damage":39,"enemies":"Snake Plant","floor":25,"turns":4},{"damage":33,"enemies":"Snecko","floor":29,"turns":5},{"damage":41,"enemies":"Gremlin Leader","floor":31,"turns":5},{"damage":64,"enemies":"Champ","floor":33,"turns":5}],"seed_played":"-2546039371166978005","potions_obtained":[{"floor":3,"key":"SkillPotion"},{"floor":4,"key":"PowerPotion"},{"floor":12,"key":"AttackPotion"},{"floor":13,"key":"BloodPotion"},{"floor":21,"key":"Energy Potion"},{"floor":25,"key":"LiquidBronze"},{"floor":29,"key":"GamblersBrew"}],"is_trial":false,"path_per_floor":["M","$","M","M","?","R","?","R","T","?","R","M","E","M","R","B",null,"M","M","$","M","M","M","R","M","T","R","?","M","R","E","R","B"],"character_chosen":"IRONCLAD","items_purchased":[],"campfire_rested":2,"item_purchase_floors":[],"current_hp_per_floor":[42,42,38,42,31,31,31,31,31,31,31,22,26,36,58,42,67,54,42,42,39,30,45,45,30,30,30,30,24,50,33,33,0],"gold":45,"neow_bonus":"RANDOM_COLORLESS_2","is_prod":false,"is_daily":false,"chose_seed":false,"campfire_upgraded":6,"win_rate":0,"timestamp":1546131423,"path_taken":["M","$","M","M","?","R","?","R","T","?","R","M","E","M","R","BOSS","M","M","$","?","M","M","R","M","T","R","?","M","R","E","R","BOSS"],"build_version":"2018-12-20","purchased_purges":2,"victory":false,"max_hp_per_floor":[75,75,75,75,75,75,75,75,75,75,75,75,75,75,75,75,75,75,78,78,81,81,84,84,84,84,84,84,87,87,87,87,87],"card_choices":[{"not_picked":["Shrug It Off","Burning Pact","Metallicize"],"picked":"SKIP","floor":1},{"not_picked":["Pommel Strike","Power Through"],"picked":"Whirlwind","floor":3},{"not_picked":["Warcry","Armaments","Iron Wave"],"picked":"SKIP","floor":4},{"not_picked":["Shrug It Off","Wild Strike","Barricade"],"picked":"SKIP","floor":12},{"not_picked":["Barricade","Entrench","Corruption"],"picked":"SKIP","floor":13},{"not_picked":["Twin Strike","Metallicize","Dual Wield"],"picked":"SKIP","floor":14},{"not_picked":["Exhume","Juggernaut"],"picked":"Feed","floor":16},{"not_picked":["Rage","Shockwave"],"picked":"Sword Boomerang","floor":18},{"not_picked":["Body Slam","Thunderclap","Shrug It Off"],"picked":"SKIP","floor":19},{"not_picked":["Searing Blow","Headbutt"],"picked":"Dropkick","floor":21},{"not_picked":["Shockwave","True Grit"],"picked":"Fire Breathing+1","floor":22},{"not_picked":["Dual Wield","Second Wind"],"picked":"True Grit","floor":23},{"not_picked":["Infernal Blade","Thunderclap"],"picked":"Cleave","floor":25},{"not_picked":["Sword Boomerang","Searing Blow+1","Barricade"],"picked":"SKIP","floor":29},{"not_picked":["Iron Wave","Armaments+1"],"picked":"Bludgeon","floor":31}],"player_experience":632677,"relics_obtained":[{"floor":9,"key":"Nunchaku"},{"floor":13,"key":"Meat on the Bone"},{"floor":26,"key":"Oddly Smooth Stone"},{"floor":31,"key":"MawBank"}],"event_choices":[{"damage_healed":0,"gold_gain":75,"player_choice":"Gather Gold","damage_taken":11,"max_hp_gain":0,"max_hp_loss":0,"event_name":"World of Goop","floor":5,"gold_loss":0},{"cards_removed":["Strike_R"],"damage_healed":0,"gold_gain":0,"player_choice":"Card Removal","damage_taken":0,"max_hp_gain":0,"max_hp_loss":0,"event_name":"The Cleric","floor":7,"gold_loss":75},{"damage_healed":0,"gold_gain":0,"player_choice":"Leave","damage_taken":0,"max_hp_gain":0,"max_hp_loss":0,"event_name":"FaceTrader","floor":10,"gold_loss":0},{"damage_healed":0,"gold_gain":0,"player_choice":"Ignored","damage_taken":0,"max_hp_gain":0,"max_hp_loss":0,"event_name":"The Mausoleum","floor":28,"gold_loss":0}],"is_beta":false,"boss_relics":[{"not_picked":["Black Star","Orrery"],"picked":"Ectoplasm"}],"items_purged_floors":[2,20],"is_endless":false,"potions_floor_spawned":[3,4,12,13,21,25,29],"killed_by":"Champ","ascension_level":16}