{"gold_per_floor":[114,114,133,133,148,73,97,97,97,97,97,130,130,154,154,253,253,267,260,260,260],"floor_reached":21,"playtime":803,"items_purged":[],"score":347,"play_id":"798d2dda-003d-4d2b-9335-2577abe26c9c","local_time":"20190102121047","is_ascension_mode":true,"campfire_choices":[{"data":"Whirlwind","floor":8,"key":"SMITH"},{"data":"Bash","floor":11,"key":"SMITH"},{"data":"Defend_R","floor":13,"key":"SMITH"},{"floor":15,"key":"REST"}],"neow_cost":"PERCENT_DAMAGE","seed_source_timestamp":255903412111650,"circlet_count":0,"master_deck":["AscendersBane","Defend_R","Defend_R","Defend_R","Defend_R+1","Bash+1","Whirlwind+1","Impervious","Bite","Bite","Bite","Bite","Bite"],"relics":["Burning Blood","Pocketwatch","Paper Frog","Golden Idol","Pear","Red Skull","Matryoshka","Black Star"],"potions_floor_usage":[16,16,19],"damage_taken":[{"damage":3,"enemies":"2 Louse","floor":1,"turns":4},{"damage":4,"enemies":"Small Slimes","floor":3,"turns":4},{"damage":1,"enemies":"Cultist","floor":5,"turns":3},{"damage":10,"enemies":"2 Fungi Beasts","floor":7,"turns":3},{"damage":32,"enemies":"Gremlin Nob","floor":12,"turns":4},{"damage":3,"enemies":"Looter","floor":14,"turns":2},{"damage":36,"enemies":"Hexaghost","floor":16,"turns":7},{"damage":1,"enemies":"3 Byrds","floor":18,"turns":3},{"damage":29,"enemies":"2 Thieves","floor":19,"turns":4},{"damage":55,"enemies":"Masked Bandits","floor":21,"turns":3}],"seed_played":"8568523554353353219","potions_obtained":[{"floor":3,"key":"AttackPotion"},{"floor":7,"key":"SteroidPotion"},{"floor":14,"key":"Ancient Potion"},{"floor":18,"key":"Weak Potion"},{"floor":19,"key":"SpeedPotion"}],"is_trial":false,"path_per_floor":["M","?","M","?","M","?","M","R","T","?","R","E","R","M","R","B",null,"M","M","?","?"],"character_chosen":"IRONCLAD","items_purchased":[],"campfire_rested":1,"item_purchase_floors":[],"current_hp_per_floor":[53,42,44,44,49,49,45,45,55,55,55,29,29,32,55,25,65,70,47,47,0],"gold":260,"neow_bonus":"ONE_RARE_RELIC","is_prod":false,"is_daily":false,"chose_seed":false,"campfire_upgraded":3,"win_rate":0,"timestamp":1546402247,"path_taken":["M","?","M","?","M","?","M","R","T","?","R","E","R","M","R","BOSS","M","?","?","?"],"build_version":"2018-12-20","purchased_purges":0,"victory":false,"max_hp_per_floor":[75,75,75,68,68,68,68,68,78,78,78,78,78,78,78,78,78,78,78,54,54],"card_choices":[{"not_picked":["Clash","Pummel"],"picked":"Whirlwind","floor":1},{"not_picked":["Clothesline","Whirlwind","Pommel Strike"],"picked":"SKIP","floor":3},{"not_picked":["Shockwave","Shrug It Off","Havoc"],"picked":"SKIP","floor":5},{"not_picked":["Metallicize","Searing Blow","Hemokinesis"],"picked":"SKIP","floor":7},{"not_picked":["Pummel","Disarm","Twin Strike"],"picked":"SKIP","floor":12},{"not_picked":["Blood for Blood","Metallicize","Body Slam"],"picked":"SKIP","floor":14},{"not_picked":["Exhume","Reaper"],"picked":"Impervious","floor":16},{"not_picked":["Pommel Strike","Iron Wave","Spot Weakness"],"picked":"SKIP","floor":18},{"not_picked":["Twin Strike","Armaments","Body Slam"],"picked":"SKIP","floor":19}],"player_experience":644077,"relics_obtained":[{"floor":9,"key":"Pear"},{"floor":12,"key":"Matryoshka"}],"event_choices":[{"damage_healed":0,"gold_gain":0,"player_choice":"Success","damage_taken":11,"relics_obtained":["Paper Frog"],"max_hp_gain":0,"max_hp_loss":0,"event_name":"Scrap Ooze","floor":2,"gold_loss":0},{"damage_healed":0,"gold_gain":0,"player_choice":"Lose Max HP","damage_taken":0,"relics_obtained":["Golden Idol"],"max_hp_gain":0,"max_hp_loss":7,"event_name":"Golden Idol","floor":4,"gold_loss":0},{"cards_removed":["Strike_R"],"damage_healed":0,"gold_gain":0,"player_choice":"Card Removal","damage_taken":0,"max_hp_gain":0,"max_hp_loss":0,"event_name":"The Cleric","floor":6,"gold_loss":75},{"damage_healed":0,"gold_gain":0,"player_choice":"Gave Potion","damage_taken":0,"relics_obtained":["Red Skull"],"max_hp_gain":0,"max_hp_loss":0,"event_name":"WeMeetAgain","floor":10,"gold_loss":0},{"damage_healed":0,"gold_gain":0,"player_choice":"Became a vampire","damage_taken":0,"max_hp_gain":0,"max_hp_loss":24,"event_name":"Vampires","floor":20,"gold_loss":0,"cards_obtained":["Bite","Bite","Bite","Bite","Bite"]},{"damage_healed":0,"gold_gain":0,"player_choice":"Fought Bandits","damage_taken":0,"max_hp_gain":0,"max_hp_loss":0,"event_name":"Masked Bandits","floor":21,"gold_loss":0}],"is_beta":false,"boss_relics":[{"not_picked":["Runic Dome","Runic Cube"],"picked":"Black Star"}],"items_purged_floors":[],"is_endless":false,"potions_floor_spawned":[3,7,14,18,19],"killed_by":"Masked Bandits","ascension_level":16}