{"gold_per_floor":[112,124,136,154,5,5,17,17,17,39,51,51,131,98,98,195,195,212,225,241,141,159,159,176,192,192,207,207,12,12,24,24,24],"floor_reached":33,"playtime":1664,"items_purged":["Strike_G","Strike_G","Strike_G"],"score":292,"play_id":"aef07c73-23fe-4baf-9e46-6b83d9adcf8c","local_time":"20180811143349","is_ascension_mode":true,"campfire_choices":[{"data":"Noxious Fumes","floor":6,"key":"SMITH"},{"data":"Noxious Fumes","floor":8,"key":"SMITH"},{"data":"Bouncing Flask","floor":12,"key":"SMITH"},{"data":"Neutralize","floor":15,"key":"SMITH"},{"data":"Catalyst","floor":23,"key":"SMITH"},{"data":"Corpse Explosion","floor":30,"key":"SMITH"},{"data":"Dodge and Roll","floor":32,"key":"SMITH"}],"neow_cost":"NONE","seed_source_timestamp":53167779253389,"circlet_count":0,"master_deck":["Defend_G","Defend_G","Defend_G","Defend_G","Defend_G","Strike_G","Survivor","Neutralize+1","Dodge and Roll+1","Noxious Fumes+1","Prepared","Bouncing Flask+1","Noxious Fumes+1","Deadly Poison","Corpse Explosion+1","Catalyst+1","Backstab+1","Prepared+1","Bane+1","Bane+1","Backstab+1","Poisoned Stab+1"],"relics":["Ring of the Snake","Molten Egg 2","Odd Mushroom","Question Card","Sozu","Dodecahedron","Paper Crane"],"potions_floor_usage":[10,10,18],"damage_taken":[{"damage":10,"enemies":"Cultist","floor":1,"turns":4},{"damage":0,"enemies":"2 Louse","floor":2,"turns":3},{"damage":0,"enemies":"Jaw Worm","floor":3,"turns":5},{"damage":4,"enemies":"Exordium Wildlife","floor":4,"turns":6},{"damage":0,"enemies":"Blue Slaver","floor":7,"turns":4},{"damage":3,"floor":10,"turns":5},{"damage":1,"enemies":"Exordium Thugs","floor":11,"turns":5},{"damage":8,"enemies":"Hexaghost","floor":16,"turns":7},{"damage":7,"enemies":"3 Byrds","floor":18,"turns":3},{"damage":0,"enemies":"Chosen","floor":19,"turns":4},{"damage":8,"enemies":"Snake Plant","floor":20,"turns":3},{"damage":6,"enemies":"Chosen and Byrds","floor":22,"turns":5},{"damage":3,"enemies":"Centurion and Healer","floor":24,"turns":4},{"damage":19,"enemies":"Snake Plant","floor":25,"turns":4},{"damage":8,"enemies":"Chosen and Byrds","floor":27,"turns":5},{"damage":6,"enemies":"Snecko","floor":31,"turns":3},{"damage":14,"enemies":"Collector","floor":33,"turns":2}],"seed_played":"5664898606420674467","potions_obtained":[{"floor":4,"key":"Weak Potion"},{"floor":7,"key":"GhostInAJar"},{"floor":10,"key":"Explosive Potion"},{"floor":11,"key":"Ancient Potion"}],"is_trial":false,"path_per_floor":["M","M","M","M","$","R","M","R","T","?","M","R","T","?","R","B",null,"M","M","M","$","M","R","M","M","T","M","?","$","R","M","R"],"character_chosen":"THE_SILENT","items_purchased":["Noxious Fumes","Backstab+1"],"campfire_rested":0,"item_purchase_floors":[5,29],"current_hp_per_floor":[60,60,60,56,56,56,56,56,56,53,52,52,52,52,52,44,70,63,63,55,55,49,49,46,27,27,19,19,19,19,13,13,0],"gold":24,"neow_bonus":"TRANSFORM_CARD","is_prod":false,"is_daily":false,"chose_seed":false,"campfire_upgraded":7,"win_rate":0,"timestamp":1533969229,"path_taken":["M","M","?","M","$","R","M","R","T","?","?","R","?","?","R","BOSS","M","M","M","$","M","R","M","M","T","M","?","$","R","M","R","BOSS"],"build_version":"2018-08-09","purchased_purges":3,"victory":false,"max_hp_per_floor":[70,70,70,70,70,70,70,70,70,70,70,70,70,70,70,70,70,70,70,70,70,70,70,70,70,70,70,70,70,70,70,70,70],"card_choices":[{"not_picked":["Flying Knee","Slice"],"picked":"Noxious Fumes","floor":1},{"not_picked":["Dash","Flying Knee"],"picked":"Prepared","floor":2},{"not_picked":["PiercingWail","Blade Dance","Acrobatics"],"picked":"SKIP","floor":3},{"not_picked":["Poisoned Stab","Footwork"],"picked":"Bouncing Flask","floor":4},{"not_picked":["Infinite Blades","PiercingWail"],"picked":"Deadly Poison","floor":7},{"not_picked":["Infinite Blades","Eviscerate+1","Quick Slash+1"],"picked":"SKIP","floor":11},{"not_picked":["Glass Knife+1","Adrenaline","Phantasmal Killer"],"picked":"Corpse Explosion","floor":16},{"not_picked":["Distraction","Sucker Punch+1","Quick Slash+1"],"picked":"Catalyst","floor":18},{"not_picked":["Well Laid Plans","Backflip","Dagger Spray+1"],"picked":"Backstab+1","floor":19},{"not_picked":["Deflect+1","Blade Dance","Backflip"],"picked":"Prepared+1","floor":20},{"not_picked":["Dodge and Roll","Leg Sweep","Flying Knee+1"],"picked":"Bane+1","floor":22},{"not_picked":["Choke+1","Quick Slash+1","Corpse Explosion","Backflip"],"picked":"SKIP","floor":24},{"not_picked":["Prepared","Deadly Poison","Well Laid Plans","Dagger Throw+1"],"picked":"SKIP","floor":25},{"not_picked":["Slice+1","Terror+1","Quick Slash+1"],"picked":"Bane+1","floor":27},{"not_picked":["Outmaneuver","PiercingWail","Reflex"],"picked":"Poisoned Stab+1","floor":31}],"player_experience":362774,"relics_obtained":[{"floor":9,"key":"Molten Egg 2"},{"floor":10,"key":"Odd Mushroom"},{"floor":13,"key":"Question Card"},{"floor":26,"key":"Dodecahedron"}],"event_choices":[{"event_name":"Mushrooms","player_choice":"Fought Mushrooms","floor":10,"damage_taken":0},{"event_name":"World of Goop","player_choice":"Left","floor":14,"damage_taken":0},{"event_name":"WeMeetAgain","player_choice":"Potion","floor":28,"damage_taken":0}],"is_beta":false,"boss_relics":[{"not_picked":["Astrolabe","Cursed Key"],"picked":"Sozu"}],"items_purged_floors":[5,21,29],"is_endless":false,"potions_floor_spawned":[4,7,10,11,24,27,31],"killed_by":"Collector","ascension_level":4}