{"gold_per_floor":[112,112,2,20,39,39,39,39,39,39,57,76,106,106,106,210,210,227,227,103,103,117,117,135,135,135,135,168,168,168,180,180,180],"floor_reached":33,"playtime":2665,"items_purged":["Strike_B","Strike_B"],"score":301,"play_id":"cd74ac53-0e9c-45f3-8cb3-a76201db3045","local_time":"20180720212848","is_ascension_mode":true,"campfire_choices":[{"data":"Loop","floor":6.0,"key":"SMITH"},{"data":"Cold Snap","floor":8.0,"key":"SMITH"},{"data":"Chill","floor":10.0,"key":"SMITH"},{"data":"Blizzard","floor":15.0,"key":"SMITH"},{"data":"Sunder","floor":23.0,"key":"SMITH"},{"data":"Barrage","floor":25,"key":"SMITH"},{"data":"Chill","floor":27,"key":"SMITH"},{"data":"Machine Learning","floor":32,"key":"SMITH"}],"neow_cost":"NONE","seed_source_timestamp":0,"circlet_count":0,"master_deck":["Strike_B+1","Defend_B+1","Defend_B+1","Zap+1","Dualcast","Cold Snap+1","Chill+1","Chill+1","Loop+1","Sunder+1","Blizzard+1","BootSequence","Machine Learning+1","Barrage+1","Auto Shields+1","Cold Snap+1","Skim","Necronomicurse","White Noise","Redo+1"],"special_seed":0,"relics":["Velvet Choker","Pear","Juzu Bracelet","Empty Cage","Ancient Tea Set","Bag of Marbles","Necronomicon"],"potions_floor_usage":[33,33],"damage_taken":[{"damage":5.0,"enemies":"Jaw Worm","floor":1.0,"turns":4.0},{"damage":0.0,"enemies":"Small Slimes","floor":4.0,"turns":3.0},{"damage":0.0,"enemies":"Cultist","floor":5.0,"turns":4.0},{"damage":3.0,"enemies":"Looter","floor":11.0,"turns":3.0},{"damage":0.0,"enemies":"Exordium Thugs","floor":12.0,"turns":4.0},{"damage":8.0,"enemies":"Lagavulin","floor":13.0,"turns":5.0},{"damage":37.0,"enemies":"Hexaghost","floor":16.0,"turns":11.0},{"damage":3.0,"enemies":"Shell Parasite","floor":18.0,"turns":5.0},{"damage":6.0,"enemies":"2 Thieves","floor":22.0,"turns":4.0},{"damage":0.0,"enemies":"Chosen and Byrds","floor":24.0,"turns":7.0},{"damage":3,"enemies":"Gremlin Leader","floor":28,"turns":5},{"damage":8,"enemies":"Snake Plant","floor":31,"turns":4},{"damage":38,"enemies":"Collector","floor":33,"turns":5}],"seed_played":"5598270021131207009","potions_obtained":[{"floor":5.0,"key":"LiquidBronze"},{"floor":11.0,"key":"Swift Potion"},{"floor":16.0,"key":"Ancient Potion"},{"floor":22.0,"key":"AttackPotion"}],"is_trial":false,"path_per_floor":["M","?","$","M","M","R","?","R","T","R","M","M","E","?","R","B",null,"M","?","$","?","M","R","M","R","T","R","E","?","?","M","R"],"character_chosen":"DEFECT","items_purchased":["Chill","Barrage"],"campfire_rested":0,"item_purchase_floors":[3,20],"current_hp_per_floor":[70,55,55,55,55,55,55,55,65,65,62,62,54,59,59,22,90,87,69,69,69,63,63,63,63,63,63,60,44,44,36,36,0],"gold":180,"neow_bonus":"BOSS_RELIC","is_prod":false,"is_daily":false,"chose_seed":false,"campfire_upgraded":8,"win_rate":0,"timestamp":1532093328,"path_taken":["M","?","$","M","M","R","?","R","T","R","?","M","E","?","R","BOSS","M","?","$","?","M","R","M","R","T","R","E","?","?","M","R","BOSS"],"build_version":"2018-07-19v2","purchased_purges":2,"victory":false,"max_hp_per_floor":[75,75,75,75,75,75,75,75,85,85,85,85,85,90,90,90,90,90,95,95,95,95,95,95,95,95,95,95,95,95,95,95,95],"card_choices":[{"not_picked":["Turbo","Barrage"],"picked":"Cold Snap","floor":1.0},{"not_picked":["Go for the Eyes","Sweeping Beam"],"picked":"Chill","floor":4.0},{"not_picked":["Hologram","Leap"],"picked":"Loop","floor":5.0},{"not_picked":["BootSequence","Rebound"],"picked":"Sunder","floor":11.0},{"not_picked":["Reprogram","Redo"],"picked":"Blizzard","floor":12.0},{"not_picked":["Leap","Lockon"],"picked":"BootSequence","floor":13.0},{"not_picked":["Biased Cognition","Hyperbeam"],"picked":"Machine Learning","floor":16.0},{"not_picked":["Steam","Recycle"],"picked":"Chaos","floor":18.0},{"not_picked":["Storm","Lockon"],"picked":"Auto Shields+1","floor":22.0},{"not_picked":["Storm+1","Hologram"],"picked":"Cold Snap+1","floor":24.0},{"not_picked":["Stack","Storm"],"picked":"Skim","floor":28},{"not_picked":["Turbo","Gash"],"picked":"Redo+1","floor":31}],"player_experience":167517,"relics_obtained":[{"floor":9.0,"key":"Pear"},{"floor":13.0,"key":"Juzu Bracelet"},{"floor":26,"key":"Ancient Tea Set"},{"floor":28,"key":"Bag of Marbles"},{"floor":29,"key":"Necronomicon"}],"event_choices":[{"event_name":"Shining Light","player_choice":"Entered Light","floor":2.0,"damage_taken":0.0},{"event_name":"Bonfire Elementals","player_choice":"BASIC","floor":7.0,"damage_taken":0.0},{"event_name":"Big Fish","player_choice":"Donut","floor":14.0,"damage_taken":0.0},{"event_name":"Forgotten Altar","player_choice":"Shed Blood","floor":19.0,"damage_taken":0.0},{"event_name":"Back to Basics","player_choice":"Simplicity","floor":21.0,"damage_taken":0.0},{"event_name":"Cursed Tome","player_choice":"Obtained Book","floor":29,"damage_taken":0},{"event_name":"Transmorgrifier","player_choice":"Transform","floor":30,"damage_taken":0}],"is_beta":false,"boss_relics":[{"not_picked":["Busted Crown","Lizard Tail"],"picked":"Empty Cage"}],"items_purged_floors":[3,20],"is_endless":false,"potions_floor_spawned":[5,11,16,18,22],"killed_by":"Collector","ascension_level":1}