{"path_per_floor":["M","$","M","?","M","R","M","E","T","$","R","M","$","?","R","B",null,"M","?","M","?","M","?","R","M","T","?","M","M","R","M","R"],"character_chosen":"THE_SILENT","items_purchased":[],"gold_per_floor":[110,35,49,49,62,62,80,109,109,9,9,29,29,29,29,128,128,144,144,161,161,178,178,178,190,243,168,180,200,200,212,212],"floor_reached":33,"campfire_rested":2,"playtime":1248,"current_hp_per_floor":[70,70,70,70,70,70,57,38,38,38,38,30,30,70,70,26,70,70,70,58,58,58,58,58,24,24,24,24,9,30,30,51],"items_purged":["Defend_G","Defend_G"],"gold":212,"score":249,"play_id":"9db67c97-ad60-47ba-8a8f-5bbc17f3219c","is_prod":false,"is_daily":false,"is_ascension_mode":false,"campfire_upgraded":1,"path_taken":["M","$","M","?","M","R","M","E","T","$","R","M","$","?","R","BOSS","M","?","M","?","M","?","R","M","T","?","?","M","R","M","R","BOSS"],"build_version":"2018-02-08-PROD1","purchased_purges":2,"victory":false,"master_deck":["Defend_G+1","Defend_G+1","Strike_G+1","Strike_G+1","Strike_G+1","Strike_G+1","Strike_G+1","Survivor","Neutralize","Slice","Quick Slash+1","Dagger Spray","Backstab","Finisher","Bullet Time","Dagger Spray+1"],"max_hp_per_floor":[70,70,70,70,70,70,70,70,70,70,70,70,70,70,70,70,70,70,70,70,70,70,70,70,70,70,70,70,70,70,70,70],"relics":["Ring of the Snake","NeowsBlessing","Pen Nib","Girya","Black Star","Bronze Scales"],"card_choices":[{"not_picked":["Dodge and Roll","Dagger Throw"],"picked":"Slice"},{"not_picked":["All Out Attack","Poisoned Stab"],"picked":"Quick Slash"},{"not_picked":["Outmaneuver","Slice"],"picked":"Dagger Spray"},{"not_picked":["A Thousand Cuts","Flechettes"],"picked":"Backstab"},{"not_picked":["Skewer","Backflip"],"picked":"Finisher"},{"not_picked":["Night Terror","Tools of the Trade"],"picked":"Bullet Time"},{"not_picked":["Expertise","Eviscerate"],"picked":"Dagger Spray"}],"player_experience":43082,"potions_floor_usage":[28,33,33,33],"damage_taken":[{"damage":0,"enemies":"2 Louse","floor":1,"turns":1},{"damage":0,"enemies":"Jaw Worm","floor":3,"turns":1},{"damage":0,"enemies":"Small Slimes","floor":5,"turns":1},{"damage":13,"enemies":"3 Louse","floor":7,"turns":3},{"damage":19,"enemies":"3 Sentries","floor":8,"turns":5},{"damage":8,"enemies":"Red Slaver","floor":12,"turns":2},{"damage":44,"enemies":"The Guardian","floor":16,"turns":5},{"damage":0,"enemies":"Spheric Guardian","floor":18,"turns":1},{"damage":12,"enemies":"Shell Parasite","floor":20,"turns":2},{"damage":0,"enemies":"Centurion and Healer","floor":22,"turns":1},{"damage":34,"enemies":"Snake Plant","floor":25,"turns":3},{"damage":0,"enemies":"3 Cultists","floor":28,"turns":2},{"damage":15,"enemies":"Snecko","floor":29,"turns":2},{"damage":0,"enemies":"Chosen and Byrds","floor":31,"turns":2},{"damage":93,"enemies":"Automaton","floor":33,"turns":6}],"event_choices":[{"event_name":"Liars Game","player_choice":"disagreed","floor":4,"damage_taken":0},{"event_name":"Wheel of Change","player_choice":"Full Heal","floor":14,"damage_taken":0},{"event_name":"The Mausoleum","player_choice":"No","floor":19,"damage_taken":0},{"event_name":"Back to Basics","player_choice":"Simplicity","floor":21,"damage_taken":0},{"event_name":"Drug Dealer","player_choice":"Ignored","floor":23,"damage_taken":0},{"event_name":"Beggar","player_choice":"Gave Gold","floor":27,"damage_taken":0}],"boss_relics":[{"not_picked":["Velvet Choker","Cursed Key"],"picked":"Black Star"}],"potions_floor_spawned":[5,7,12,16,18,25,28,29],"seed_played":"-5139683368409156950","killed_by":"Automaton","ascension_level":0,"is_trial":false}