{"gold_per_floor":[116,130,130,55,5,5,39,39,66,84,84,97,97,115,115,211,211,222,122,137,12,23,23,52,64,64,64,64,82,82,82,82,82],"floor_reached":33,"playtime":1901,"items_purged":["Strike_G","Defend_G","Defend_G"],"score":348,"play_id":"54884f47-1198-4f04-8a19-f312ffa88f8d","local_time":"20180811110102","is_ascension_mode":true,"campfire_choices":[{"data":"Choke","floor":6,"key":"SMITH"},{"data":"Flying Knee","floor":8,"key":"SMITH"},{"data":"Slice","floor":13,"key":"SMITH"},{"data":"Infinite Blades","floor":15,"key":"SMITH"},{"data":"Leg Sweep","floor":23,"key":"SMITH"},{"data":"Distraction","floor":32,"key":"SMITH"}],"neow_cost":"NONE","seed_source_timestamp":40164832020403,"circlet_count":0,"master_deck":["Defend_G","Defend_G","Strike_G+1","Strike_G+1","Survivor","Neutralize+1","Infinite Blades+1","Choke+1","Flying Knee+1","Slice+1","Unload","Flying Knee+1","Leg Sweep+1","Endless Agony+1","Endless Agony","Distraction+1"],"relics":["Ring of the Snake","Gambling Chip","Anchor","WristBlade","Blood Vial","Oddly Smooth Stone"],"potions_floor_usage":[2,7,22,33],"damage_taken":[{"damage":4,"enemies":"Small Slimes","floor":1,"turns":4},{"damage":2,"enemies":"Jaw Worm","floor":2,"turns":5},{"damage":29,"enemies":"3 Sentries","floor":7,"turns":8},{"damage":0,"enemies":"2 Louse","floor":10,"turns":2},{"damage":0,"enemies":"2 Fungi Beasts","floor":12,"turns":2},{"damage":0,"enemies":"Exordium Wildlife","floor":14,"turns":3},{"damage":20,"enemies":"The Guardian","floor":16,"turns":11},{"damage":22,"enemies":"Spheric Guardian","floor":18,"turns":4},{"damage":2,"enemies":"Chosen","floor":20,"turns":3},{"damage":18,"enemies":"Centurion and Healer","floor":22,"turns":6},{"damage":0,"enemies":"Gremlin Leader","floor":24,"turns":5},{"damage":8,"enemies":"3 Cultists","floor":25,"turns":4},{"damage":15,"enemies":"Chosen and Byrds","floor":29,"turns":5},{"damage":44,"enemies":"Champ","floor":33,"turns":7}],"seed_played":"-8689935537939885686","potions_obtained":[{"floor":1,"key":"Fruit Juice"},{"floor":2,"key":"Regen Potion"},{"floor":12,"key":"SmokeBomb"},{"floor":14,"key":"Strength Potion"},{"floor":25,"key":"Poison Potion"}],"is_trial":false,"path_per_floor":["M","M","?","$","?","R","E","R","T","M","?","M","R","M","R","B",null,"M","$","M","$","M","R","E","M","T","?","?","M","?","?","R"],"character_chosen":"THE_SILENT","items_purchased":[],"campfire_rested":0,"item_purchase_floors":[],"current_hp_per_floor":[66,69,54,54,54,54,40,40,40,40,40,40,40,40,40,20,75,53,53,51,51,33,33,33,27,27,27,52,39,39,39,39,0],"gold":82,"neow_bonus":"UPGRADE_CARD","is_prod":false,"is_daily":false,"chose_seed":false,"campfire_upgraded":6,"win_rate":0,"timestamp":1533956462,"path_taken":["M","M","?","$","?","R","E","R","T","?","?","M","R","M","R","BOSS","M","$","M","$","?","R","E","M","T","?","?","?","?","?","R","BOSS"],"build_version":"2018-08-09","purchased_purges":3,"victory":false,"max_hp_per_floor":[70,75,75,75,75,75,75,75,75,75,75,75,75,75,75,75,75,75,75,75,75,75,75,75,75,75,75,75,75,75,75,75,75],"card_choices":[{"not_picked":["Flechettes","Slice"],"picked":"Infinite Blades","floor":1},{"not_picked":["Acrobatics","Riddle With Holes"],"picked":"Choke","floor":2},{"not_picked":["Unload","Deadly Poison"],"picked":"Flying Knee","floor":7},{"not_picked":["Poisoned Stab","Dagger Spray","Underhanded Strike"],"picked":"SKIP","floor":10},{"not_picked":["Reflex","Skewer"],"picked":"Slice","floor":12},{"not_picked":["Dagger Throw","Underhanded Strike","Dodge and Roll"],"picked":"SKIP","floor":14},{"not_picked":["Grand Finale","Wraith Form v2"],"picked":"Unload","floor":16},{"not_picked":["Flechettes+1","Setup"],"picked":"Flying Knee+1","floor":18},{"not_picked":["Acrobatics","Dodge and Roll+1"],"picked":"Flying Knee","floor":20},{"not_picked":["Bane","Well Laid Plans"],"picked":"Leg Sweep","floor":22},{"not_picked":["Bane","Dodge and Roll+1"],"picked":"Endless Agony+1","floor":24},{"not_picked":["Concentrate","Dagger Throw","Flying Knee"],"picked":"SKIP","floor":25},{"not_picked":["Acrobatics","Deflect"],"picked":"Endless Agony","floor":29}],"player_experience":357883,"relics_obtained":[{"floor":7,"key":"Gambling Chip"},{"floor":9,"key":"Anchor"},{"floor":24,"key":"Blood Vial"},{"floor":26,"key":"Oddly Smooth Stone"}],"event_choices":[{"event_name":"Shining Light","player_choice":"Entered Light","floor":3,"damage_taken":0},{"event_name":"The Cleric","player_choice":"Card Removal","floor":5,"damage_taken":0},{"event_name":"Living Wall","player_choice":"Forget","floor":11,"damage_taken":0},{"event_name":"Drug Dealer","player_choice":"Ignored","floor":27,"damage_taken":0},{"event_name":"The Library","player_choice":"Heal","floor":28,"damage_taken":0},{"event_name":"Transmorgrifier","player_choice":"Transform","floor":30,"damage_taken":0},{"event_name":"Purifier","player_choice":"One Purge","floor":31,"damage_taken":0}],"is_beta":false,"boss_relics":[{"not_picked":["Philosopher\u0027s Stone","Calling Bell"],"picked":"WristBlade"}],"items_purged_floors":[4,19,21],"is_endless":false,"potions_floor_spawned":[1,2,12,14,25],"killed_by":"Champ","ascension_level":4}