{"gold_per_floor":[10,10,22,35,54,85,85,113,113,139,150,165,180,180,180,257,257,234,234,252,268,231,231,257,257,325,325],"floor_reached":27,"playtime":1035,"items_purged":[],"score":571,"play_id":"44c9fa44-41e1-4051-8bcc-2c08906d3a2e","local_time":"20190614180031","is_ascension_mode":true,"campfire_choices":[{"floor":7,"key":"REST"},{"floor":15,"key":"REST"},{"floor":23,"key":"REST"},{"floor":25,"key":"REST"}],"neow_cost":"NO_GOLD","seed_source_timestamp":137330512253896,"circlet_count":0,"master_deck":["AscendersBane","Strike_B","Strike_B","Defend_B","Defend_B","Zap+1","Dualcast+1","Gash","Coolheaded","Gash","Glacier","Cold Snap","Gash","Cold Snap","Blizzard","White Noise","Hologram","Coolheaded","Gash","Hologram","Self Repair","Core Surge"],"relics":["Cracked Core","War Paint","Prayer Wheel","Mango","Kunai","Mummified Hand","Empty Cage","Dodecahedron","Calipers","Blue Candle"],"potions_floor_usage":[8,8,8,8,16,16,20,21,24],"damage_taken":[{"damage":2,"enemies":"Jaw Worm","floor":1,"turns":3},{"damage":1,"enemies":"Cultist","floor":3,"turns":3},{"damage":1,"enemies":"2 Louse","floor":4,"turns":2},{"damage":5,"enemies":"Exordium Wildlife","floor":5,"turns":4},{"damage":17,"enemies":"Lagavulin","floor":6,"turns":7},{"damage":30,"enemies":"Gremlin Nob","floor":8,"turns":4},{"damage":0,"enemies":"Lagavulin","floor":10,"turns":8},{"damage":4,"enemies":"Looter","floor":11,"turns":4},{"damage":8,"enemies":"3 Louse","floor":12,"turns":4},{"damage":4,"enemies":"2 Fungi Beasts","floor":13,"turns":3},{"damage":15,"enemies":"The Guardian","floor":16,"turns":10},{"damage":24,"enemies":"2 Thieves","floor":18,"turns":4},{"damage":9,"enemies":"3 Byrds","floor":20,"turns":6},{"damage":10,"enemies":"Sentry and Sphere","floor":21,"turns":7},{"damage":53,"enemies":"Book of Stabbing","floor":24,"turns":6},{"damage":45,"enemies":"3 Cultists","floor":27,"turns":4}],"seed_played":"-4605198749288939698","potions_obtained":[{"floor":1,"key":"EntropicBrew"},{"floor":6,"key":"GamblersBrew"},{"floor":10,"key":"SkillPotion"},{"floor":12,"key":"Explosive Potion"},{"floor":18,"key":"EntropicBrew"},{"floor":21,"key":"SneckoOil"}],"is_trial":false,"path_per_floor":["M","?","M","M","M","E","R","E","T","E","M","M","M","T","R","B",null,"M","T","M","M","$","R","E","R","T","M"],"character_chosen":"DEFECT","items_purchased":["Self Repair"],"campfire_rested":4,"item_purchase_floors":[22],"current_hp_per_floor":[62,62,61,60,55,38,59,29,43,43,39,31,27,27,52,37,73,49,49,40,30,30,55,9,34,34,0],"gold":325,"neow_bonus":"REMOVE_TWO","is_prod":false,"is_daily":false,"chose_seed":false,"campfire_upgraded":0,"win_rate":0,"timestamp":1560506431,"path_taken":["M","?","M","M","M","E","R","E","T","E","M","M","M","?","R","BOSS","M","?","?","M","?","R","E","R","T","M"],"build_version":"2019-01-23","purchased_purges":0,"victory":false,"max_hp_per_floor":[71,71,71,71,71,71,71,71,85,85,85,85,85,85,85,85,85,85,85,85,85,85,85,85,85,85,85],"card_choices":[{"not_picked":["Aggregate","Storm"],"picked":"Gash","floor":1},{"not_picked":["Leap","Barrage"],"picked":"Coolheaded","floor":3},{"not_picked":["Darkness","Compile Driver"],"picked":"Gash","floor":4},{"not_picked":["Static Discharge","Chill"],"picked":"Glacier","floor":5},{"not_picked":["Leap","Aggregate","Hyperbeam"],"picked":"SKIP","floor":6},{"not_picked":["Auto Shields","Beam Cell","Steam"],"picked":"SKIP","floor":8},{"not_picked":["Conserve Battery","Beam Cell"],"picked":"Cold Snap","floor":10},{"not_picked":["Steam","Cold Snap"],"picked":"Gash","floor":11},{"not_picked":["Lockon","Go for the Eyes","Melter"],"picked":"SKIP","floor":11},{"not_picked":["Redo","Go for the Eyes"],"picked":"Cold Snap","floor":12},{"not_picked":["Beam Cell","BootSequence"],"picked":"Blizzard","floor":12},{"not_picked":["Force Field","Compile Driver"],"picked":"White Noise","floor":13},{"not_picked":["Creative AI","Barrage","Go for the Eyes"],"picked":"SKIP","floor":13},{"not_picked":["Undo","Blizzard"],"picked":"Hologram","floor":18},{"not_picked":["Scrape","Lockon","Rebound"],"picked":"SKIP","floor":18},{"not_picked":["Leap+1","Steam"],"picked":"Coolheaded","floor":20},{"not_picked":["Consume","Stack","Barrage"],"picked":"SKIP","floor":20},{"not_picked":["Reprogram","Blizzard"],"picked":"Gash","floor":21},{"not_picked":["Cold Snap","Storm"],"picked":"Hologram","floor":21},{"not_picked":["Stack","Chaos"],"picked":"Core Surge","floor":24}],"player_experience":679509,"relics_obtained":[{"floor":6,"key":"War Paint"},{"floor":8,"key":"Prayer Wheel"},{"floor":9,"key":"Mango"},{"floor":10,"key":"Kunai"},{"floor":14,"key":"Mummified Hand"},{"floor":19,"key":"Dodecahedron"},{"floor":24,"key":"Calipers"},{"floor":26,"key":"Blue Candle"}],"event_choices":[{"damage_healed":0,"gold_gain":0,"player_choice":"Leave","damage_taken":0,"max_hp_gain":0,"max_hp_loss":0,"event_name":"The Cleric","floor":2,"gold_loss":0}],"is_beta":false,"boss_relics":[{"not_picked":["Calling Bell","Astrolabe"],"picked":"Empty Cage"}],"items_purged_floors":[],"is_endless":false,"potions_floor_spawned":[1,6,10,12,18,21],"killed_by":"3 Cultists","ascension_level":19}