{"gold_per_floor":[112,131,148,148,159,186,186,202,202,233,158,174,184,197,197,294,294,308,327,338,353,370,370,400,400,424,424,424,424,434,103,103,207,207,220,240,240,251,269,269,289,289,289,318,330,343,373,387,387,387],"floor_reached":51,"playtime":3086,"items_purged":["Strike_R"],"score":749,"play_id":"1176757f-9ffe-4b28-8885-58c07aa4dde4","local_time":"20190603004409","is_ascension_mode":false,"campfire_choices":[{"data":"Perfected Strike","floor":7,"key":"SMITH"},{"floor":15,"key":"REST"},{"floor":23,"key":"REST"},{"floor":27,"key":"REST"},{"data":"RitualDagger","floor":29,"key":"SMITH"},{"floor":32,"key":"REST"},{"floor":40,"key":"REST"},{"floor":42,"key":"REST"},{"floor":49,"key":"REST"}],"neow_cost":"NONE","seed_source_timestamp":104646256396200,"circlet_count":0,"master_deck":["Strike_R","Strike_R","Strike_R","Strike_R","Defend_R+1","Defend_R","Defend_R","Defend_R+1","Bash","Clash","Perfected Strike+1","Inflame","Dropkick","Clash","Reaper","Thunderclap","Thunderclap","Blood for Blood","RitualDagger+1","Shrug It Off","Fire Breathing","Offering","Bloodletting+1","Dual Wield+1","Blood for Blood+1","Shockwave","Clash+1","Battle Trance+1","Combust","Infernal Blade+1","Clash+1"],"special_seed":0,"relics":["Burning Blood","War Paint","Bronze Scales","Red Skull","Sozu","Pantograph","Anchor","Enchiridion","Molten Egg 2","Black Star","Paper Frog","Boot","Prayer Wheel","Dodecahedron","Pen Nib"],"potions_floor_usage":[10,10,24,30],"damage_taken":[{"damage":6,"enemies":"Cultist","floor":1,"turns":3},{"damage":0,"enemies":"Small Slimes","floor":2,"turns":3},{"damage":8,"enemies":"Jaw Worm","floor":3,"turns":3},{"damage":8,"enemies":"2 Fungi Beasts","floor":5,"turns":3},{"damage":27,"enemies":"Gremlin Nob","floor":6,"turns":4},{"damage":10,"enemies":"3 Louse","floor":8,"turns":3},{"damage":13,"enemies":"3 Sentries","floor":10,"turns":6},{"damage":0,"enemies":"Lots of Slimes","floor":12,"turns":4},{"damage":11,"enemies":"Blue Slaver","floor":13,"turns":2},{"damage":14,"enemies":"Gremlin Gang","floor":14,"turns":3},{"damage":20,"enemies":"Slime Boss","floor":16,"turns":9},{"damage":15,"enemies":"Shell Parasite","floor":18,"turns":3},{"damage":29,"enemies":"3 Byrds","floor":19,"turns":3},{"damage":23,"enemies":"Cultist and Chosen","floor":20,"turns":6},{"damage":14,"enemies":"Shelled Parasite and Fungi","floor":21,"turns":3},{"damage":12,"enemies":"Snake Plant","floor":22,"turns":4},{"damage":41,"enemies":"Gremlin Leader","floor":24,"turns":5},{"damage":22,"enemies":"3 Cultists","floor":30,"turns":4},{"damage":74,"enemies":"Automaton","floor":33,"turns":9},{"damage":43,"enemies":"3 Darklings","floor":35,"turns":4},{"damage":14,"enemies":"3 Shapes","floor":36,"turns":5},{"damage":17,"enemies":"3 Darklings","floor":38,"turns":4},{"damage":50,"enemies":"Maw","floor":39,"turns":5},{"damage":16,"enemies":"Sphere and 2 Shapes","floor":41,"turns":3},{"damage":57,"enemies":"Giant Head","floor":44,"turns":7},{"damage":30,"enemies":"Jaw Worm Horde","floor":45,"turns":3},{"damage":34,"enemies":"4 Shapes","floor":46,"turns":3},{"damage":42,"enemies":"Nemesis","floor":47,"turns":3},{"damage":9,"enemies":"Transient","floor":48,"turns":5},{"damage":77,"enemies":"Time Eater","floor":50,"turns":7}],"seed_played":"1817515070856125134","potions_obtained":[{"floor":3,"key":"Weak Potion"},{"floor":5,"key":"SteroidPotion"},{"floor":6,"key":"EssenceOfSteel"},{"floor":13,"key":"GamblersBrew"}],"is_trial":false,"path_per_floor":["M","M","M","?","M","E","R","M","T","E","$","M","M","M","R","B",null,"M","M","M","M","M","R","E","?","T","R","?","R","M","$","R","B",null,"M","M","?","M","M","R","M","R","T","E","M","M","E","M","R","B",null],"character_chosen":"IRONCLAD","items_purchased":["Fire Breathing","Molten Egg 2"],"campfire_rested":7,"item_purchase_floors":[31,31],"current_hp_per_floor":[88,88,86,86,84,63,63,59,59,52,52,58,53,45,71,57,88,79,60,49,41,41,67,46,40,40,66,50,50,52,52,78,33,88,51,51,43,62,27,53,50,76,76,37,51,47,25,22,48,12],"gold":387,"neow_bonus":"TEN_PERCENT_HP_BONUS","is_prod":false,"is_daily":false,"chose_seed":false,"campfire_upgraded":2,"win_rate":0,"timestamp":1559533449,"path_taken":["M","?","M","?","M","E","R","M","T","E","$","M","M","M","R","BOSS","M","M","M","M","M","R","E","?","T","R","?","R","M","$","R","BOSS","M","M","?","M","M","R","M","R","T","E","M","M","E","M","R","BOSS"],"build_version":"2019-01-23","purchased_purges":1,"victory":true,"max_hp_per_floor":[88,88,88,88,88,88,88,88,88,88,88,88,88,88,88,88,88,88,88,88,88,88,88,88,88,88,88,88,88,88,88,88,88,88,88,88,88,88,88,88,88,88,88,88,88,88,88,88,88,88],"card_choices":[{"not_picked":["Perfected Strike","Bloodletting"],"picked":"Clash","floor":1},{"not_picked":["Clothesline","Disarm"],"picked":"Perfected Strike","floor":2},{"not_picked":["Infernal Blade","Warcry","Cleave"],"picked":"SKIP","floor":3},{"not_picked":["Body Slam","Sword Boomerang","Headbutt"],"picked":"SKIP","floor":5},{"not_picked":["Brutality","Wild Strike","Perfected Strike"],"picked":"SKIP","floor":6},{"not_picked":["Warcry","Armaments","Havoc"],"picked":"SKIP","floor":8},{"not_picked":["Headbutt","Barricade"],"picked":"Inflame","floor":10},{"not_picked":["Second Wind","Warcry","Thunderclap"],"picked":"SKIP","floor":12},{"not_picked":["Perfected Strike","Flame Barrier"],"picked":"Dropkick","floor":13},{"not_picked":["Combust","Rage"],"picked":"Clash","floor":14},{"not_picked":["Limit Break","Impervious"],"picked":"Reaper","floor":16},{"not_picked":["Havoc","Pommel Strike+1"],"picked":"Thunderclap","floor":18},{"not_picked":["Sword Boomerang+1","Havoc","Flex"],"picked":"SKIP","floor":19},{"not_picked":["Feel No Pain","Perfected Strike","Carnage"],"picked":"SKIP","floor":20},{"not_picked":["Ghostly Armor","Perfected Strike","Uppercut"],"picked":"SKIP","floor":21},{"not_picked":["Entrench","Limit Break"],"picked":"Thunderclap","floor":22},{"not_picked":["Twin Strike","Clothesline"],"picked":"Blood for Blood","floor":24},{"not_picked":["Power Through","Thunderclap"],"picked":"Shrug It Off","floor":30},{"not_picked":["Feed+1","Bludgeon+1"],"picked":"Offering","floor":33},{"not_picked":["Heavy Blade+1","Iron Wave+1"],"picked":"Bloodletting+1","floor":35},{"not_picked":["Warcry+1","Hemokinesis+1"],"picked":"Dual Wield+1","floor":36},{"not_picked":["Flame Barrier","Burning Pact+1"],"picked":"Blood for Blood+1","floor":38},{"not_picked":["Headbutt+1","Body Slam+1","Anger+1"],"picked":"SKIP","floor":39},{"not_picked":["Ghostly Armor+1","Iron Wave+1","Warcry"],"picked":"SKIP","floor":41},{"not_picked":["Bludgeon+1","Thunderclap+1"],"picked":"Shockwave","floor":44},{"not_picked":["Flex","Cleave+1"],"picked":"Clash+1","floor":45},{"not_picked":["Headbutt+1","Havoc","Uppercut+1"],"picked":"SKIP","floor":45},{"not_picked":["Sentinel","Warcry"],"picked":"Battle Trance+1","floor":46},{"not_picked":["Flex","Anger+1","Blood for Blood+1"],"picked":"SKIP","floor":46},{"not_picked":["Sentinel+1","Spot Weakness+1"],"picked":"Combust","floor":47},{"not_picked":["Carnage+1","Clash+1"],"picked":"Infernal Blade+1","floor":48},{"not_picked":["Bloodletting","Uppercut+1"],"picked":"Clash+1","floor":48}],"player_experience":217651,"relics_obtained":[{"floor":6,"key":"War Paint"},{"floor":9,"key":"Bronze Scales"},{"floor":10,"key":"Red Skull"},{"floor":24,"key":"Pantograph"},{"floor":26,"key":"Anchor"},{"floor":28,"key":"Enchiridion"},{"floor":43,"key":"Paper Frog"},{"floor":44,"key":"Boot"},{"floor":44,"key":"Prayer Wheel"},{"floor":47,"key":"Dodecahedron"},{"floor":47,"key":"Pen Nib"}],"event_choices":[{"damage_healed":0,"gold_gain":0,"player_choice":"Ignored","damage_taken":0,"max_hp_gain":0,"max_hp_loss":0,"event_name":"Golden Idol","floor":4,"gold_loss":0},{"damage_healed":0,"gold_gain":0,"player_choice":"Joined the Cult","damage_taken":6,"max_hp_gain":0,"max_hp_loss":0,"event_name":"Nest","floor":25,"gold_loss":0,"cards_obtained":["RitualDagger"]},{"damage_healed":0,"gold_gain":0,"player_choice":"Obtained Book","damage_taken":16,"max_hp_gain":0,"max_hp_loss":0,"event_name":"Cursed Tome","floor":28,"gold_loss":0},{"damage_healed":0,"gold_gain":0,"player_choice":"Damaged","damage_taken":8,"max_hp_gain":0,"max_hp_loss":0,"event_name":"Wheel of Change","floor":37,"gold_loss":0}],"is_beta":false,"boss_relics":[{"not_picked":["Pandora\u0027s Box","Coffee Dripper"],"picked":"Sozu"},{"not_picked":["Velvet Choker","Cursed Key"],"picked":"Black Star"}],"items_purged_floors":[11],"is_endless":false,"potions_floor_spawned":[3,5,6,8,13,20,22,30,35,39,44,47],"ascension_level":0}