{"gold_per_floor":[15,15,30,30,50,50,70,70,70,70,0,32,32,95,95,195,195,212,212,232,155,170,170,170,170,470,486,505,207,207,224,224,224],"floor_reached":33,"playtime":1934,"items_purged":[],"score":319,"play_id":"ef054fca-42f5-4bd7-8e4e-6896ffa4ac84","local_time":"20180810184027","is_ascension_mode":true,"campfire_choices":[{"data":"Seeing Red","floor":6,"key":"SMITH"},{"data":"Double Tap","floor":10,"key":"SMITH"},{"data":"Bloodletting","floor":13,"key":"SMITH"},{"data":"Iron Wave","floor":15,"key":"SMITH"},{"data":"Whirlwind","floor":23,"key":"SMITH"},{"data":"Cleave","floor":25,"key":"SMITH"},{"data":"Enlightenment","floor":30,"key":"SMITH"},{"floor":32,"key":"REST"}],"neow_cost":"NO_GOLD","seed_source_timestamp":384305944994651,"circlet_count":0,"master_deck":["Defend_R+1","Defend_R+1","Defend_R+1","Defend_R+1","Bash","Double Tap+1","Iron Wave+1","Seeing Red+1","Sword Boomerang","Whirlwind+1","Bloodletting+1","Bloodletting","Feed","Sword Boomerang+1","Cleave+1","J.A.X.","Bite","Bite","Bite","Bite","Bite","Armaments","Cleave","Enlightenment+1","Combust+1"],"relics":["Black Blood","Bird Faced Urn","StoneCalendar","Bottled Lightning","Old Coin","HandDrill"],"potions_floor_usage":[14,22,22,28,31,33],"damage_taken":[{"damage":6,"enemies":"Cultist","floor":1,"turns":3},{"damage":0,"enemies":"Small Slimes","floor":3,"turns":2},{"damage":0,"enemies":"2 Louse","floor":5,"turns":3},{"damage":11,"enemies":"Exordium Wildlife","floor":7,"turns":3},{"damage":13,"enemies":"Gremlin Nob","floor":12,"turns":3},{"damage":33,"enemies":"Lagavulin Event","floor":14,"turns":4},{"damage":31,"enemies":"Hexaghost","floor":16,"turns":9},{"damage":3,"enemies":"Chosen","floor":18,"turns":4},{"damage":34,"enemies":"2 Thieves","floor":20,"turns":5},{"damage":16,"enemies":"Snecko","floor":22,"turns":3},{"damage":35,"enemies":"Centurion and Healer","floor":27,"turns":4},{"damage":25,"enemies":"Sentry and Sphere","floor":28,"turns":5},{"damage":36,"enemies":"Cultist and Chosen","floor":31,"turns":7},{"damage":66,"enemies":"Champ","floor":33,"turns":6}],"seed_played":"-1552307299394940790","potions_obtained":[{"floor":3,"key":"Fire Potion"},{"floor":12,"key":"Ancient Potion"},{"floor":20,"key":"Weak Potion"},{"floor":22,"key":"Energy Potion"},{"floor":28,"key":"Energy Potion"},{"floor":31,"key":"SteroidPotion"}],"is_trial":false,"path_per_floor":["M","?","M","?","M","R","M","?","T","R","$","E","R","?","R","B",null,"M","?","M","?","M","R","?","R","T","M","M","$","R","M","R"],"character_chosen":"IRONCLAD","items_purchased":["Whirlwind","Enlightenment","HandDrill"],"campfire_rested":1,"item_purchase_floors":[11,29,29],"current_hp_per_floor":[80,64,70,75,81,81,76,69,69,69,69,62,62,35,35,10,85,85,85,61,61,55,55,55,55,55,35,32,32,32,20,38,0],"gold":224,"neow_bonus":"THREE_RARE_CARDS","is_prod":false,"is_daily":false,"chose_seed":false,"campfire_upgraded":7,"win_rate":0,"timestamp":1533897627,"path_taken":["M","?","M","?","M","R","?","?","T","R","$","E","R","?","R","BOSS","M","?","M","?","M","R","?","R","T","M","?","$","R","M","R","BOSS"],"build_version":"2018-08-09","purchased_purges":0,"victory":false,"max_hp_per_floor":[80,80,80,85,85,85,85,85,85,85,85,85,85,85,85,85,85,85,85,85,85,85,85,59,59,59,62,62,62,62,62,62,62],"card_choices":[{"not_picked":["Demon Form","Barricade"],"picked":"Double Tap","floor":0},{"not_picked":["Shrug It Off","Wild Strike"],"picked":"Iron Wave","floor":1},{"not_picked":["Anger","Feel No Pain"],"picked":"Seeing Red","floor":3},{"not_picked":["Second Wind","Shockwave","Anger"],"picked":"SKIP","floor":5},{"not_picked":["Searing Blow","True Grit"],"picked":"Sword Boomerang","floor":7},{"not_picked":["Dual Wield","Inflame"],"picked":"Bloodletting","floor":12},{"not_picked":["Shockwave","Thunderclap"],"picked":"Bloodletting","floor":14},{"not_picked":["Juggernaut","Barricade"],"picked":"Feed","floor":16},{"not_picked":["Warcry","Havoc+1"],"picked":"Sword Boomerang+1","floor":18},{"not_picked":["Havoc+1","Sword Boomerang"],"picked":"Cleave","floor":20},{"not_picked":["Clothesline","True Grit","Shrug It Off"],"picked":"SKIP","floor":22},{"not_picked":["Impervious","Sword Boomerang"],"picked":"Armaments","floor":27},{"not_picked":["Perfected Strike","Corruption"],"picked":"Cleave","floor":28},{"not_picked":["Shockwave","Clash"],"picked":"Combust+1","floor":31}],"player_experience":337283,"relics_obtained":[{"floor":9,"key":"Bird Faced Urn"},{"floor":12,"key":"StoneCalendar"},{"floor":14,"key":"Bottled Lightning"},{"floor":26,"key":"Old Coin"}],"event_choices":[{"event_name":"Shining Light","player_choice":"Entered Light","floor":2,"damage_taken":0},{"event_name":"Big Fish","player_choice":"Donut","floor":4,"damage_taken":0},{"event_name":"Golden Wing","player_choice":"Card Removal","floor":8,"damage_taken":0},{"event_name":"Dead Adventurer","player_choice":"Searched \u00273\u0027 times","floor":14,"damage_taken":0},{"event_name":"Back to Basics","player_choice":"Simplicity","floor":19,"damage_taken":0},{"event_name":"Drug Dealer","player_choice":"Got JAXXED","floor":21,"damage_taken":0},{"event_name":"Vampires","player_choice":"Became a vampire","floor":24,"damage_taken":0}],"is_beta":false,"boss_relics":[{"not_picked":["Orrery","Calling Bell"],"picked":"Black Blood"}],"items_purged_floors":[],"is_endless":false,"potions_floor_spawned":[3,12,20,22,28,31],"killed_by":"Champ","ascension_level":4}