{"gold_per_floor":[115,133,133,112,112,145,160,160,160,170,120,120,140,173,173,272,272,285,273,196,215,140,140,140,140],"floor_reached":25,"playtime":1361,"items_purged":["Strike_R"],"score":266,"play_id":"3d93bcd6-f876-4df4-ac47-16abed4635fb","local_time":"20180805125207","is_ascension_mode":true,"campfire_choices":[{"data":"Flame Barrier","floor":8,"key":"SMITH"},{"data":"Thunderclap","floor":12,"key":"SMITH"},{"floor":15,"key":"REST"},{"data":"Body Slam","floor":24,"key":"SMITH"}],"neow_cost":"NONE","seed_source_timestamp":250115267334888,"circlet_count":0,"master_deck":["Strike_R","Strike_R","Strike_R","Defend_R","Defend_R","Defend_R","Defend_R","Bash+1","Shrug It Off","Flex","Thunderclap+1","Flame Barrier+1","Ghostly Armor","Flame Barrier","Body Slam+1","Bludgeon","Pommel Strike+1","J.A.X.","Iron Wave"],"relics":["Burning Blood","GremlinMask","Bronze Scales","Singing Bowl","Letter Opener","Lizard Tail"],"potions_floor_usage":[6,6,16,21,21,23],"damage_taken":[{"damage":1,"enemies":"Small Slimes","floor":1,"turns":3},{"damage":0,"enemies":"Cultist","floor":2,"turns":3},{"damage":46,"enemies":"3 Sentries","floor":6,"turns":13},{"damage":7,"enemies":"Jaw Worm","floor":7,"turns":3},{"damage":3,"enemies":"Blue Slaver","floor":10,"turns":3},{"damage":5,"enemies":"3 Louse","floor":13,"turns":4},{"damage":42,"enemies":"Lagavulin","floor":14,"turns":9},{"damage":20,"enemies":"The Guardian","floor":16,"turns":12},{"damage":19,"enemies":"Shell Parasite","floor":18,"turns":7},{"damage":17,"enemies":"2 Thieves","floor":19,"turns":4},{"damage":28,"enemies":"Centurion and Healer","floor":21,"turns":7},{"damage":0,"enemies":"Slavers","floor":23,"turns":1},{"damage":103,"enemies":"Gremlin Leader","floor":25,"turns":9}],"seed_played":"8519665440728919547","potions_obtained":[{"floor":1,"key":"SneckoOil"},{"floor":2,"key":"Swift Potion"},{"floor":10,"key":"PowerPotion"},{"floor":13,"key":"SmokeBomb"},{"floor":16,"key":"BloodPotion"},{"floor":18,"key":"Swift Potion"},{"floor":19,"key":"PowerPotion"}],"is_trial":false,"path_per_floor":["M","M","?","?","?","E","M","R","T","M","?","R","M","E","R","B",null,"M","M","?","M","$","E","R"],"character_chosen":"IRONCLAD","items_purchased":[],"campfire_rested":1,"item_purchase_floors":[],"current_hp_per_floor":[80,80,85,85,85,45,44,44,44,47,47,47,48,12,37,23,85,72,63,63,49,49,55,55,0],"gold":140,"neow_bonus":"UPGRADE_CARD","is_prod":false,"is_daily":false,"chose_seed":false,"campfire_upgraded":3,"win_rate":0,"timestamp":1533444727,"path_taken":["M","M","?","?","?","E","M","R","T","?","?","R","M","E","R","BOSS","M","M","?","M","$","E","R","E"],"build_version":"2018-08-02","purchased_purges":1,"victory":false,"max_hp_per_floor":[80,80,85,85,85,85,85,85,85,85,85,85,85,85,85,85,85,85,87,87,87,87,87,87,87],"card_choices":[{"not_picked":["Evolve","Perfected Strike"],"picked":"Shrug It Off","floor":1},{"not_picked":["Combust","Sentinel"],"picked":"Flex","floor":2},{"not_picked":["Pommel Strike","Warcry"],"picked":"Thunderclap","floor":6},{"not_picked":["Carnage","Thunderclap"],"picked":"Flame Barrier","floor":7},{"not_picked":["Wild Strike","True Grit"],"picked":"Ghostly Armor","floor":10},{"not_picked":["Armaments","Pommel Strike"],"picked":"Flame Barrier","floor":13},{"not_picked":["Immolate","Rampage"],"picked":"Body Slam","floor":14},{"not_picked":["Impervious","Immolate"],"picked":"Bludgeon","floor":16},{"not_picked":["Blood for Blood","Combust"],"picked":"Pommel Strike+1","floor":18},{"not_picked":["Reckless Charge","Heavy Blade","Headbutt"],"picked":"Singing Bowl","floor":19},{"not_picked":["Wild Strike","Sentinel"],"picked":"Iron Wave","floor":21}],"player_experience":319801,"relics_obtained":[{"floor":6,"key":"Bronze Scales"},{"floor":9,"key":"Singing Bowl"},{"floor":14,"key":"Letter Opener"}],"event_choices":[{"event_name":"Big Fish","player_choice":"Donut","floor":3,"damage_taken":0},{"event_name":"World of Goop","player_choice":"Left","floor":4,"damage_taken":0},{"event_name":"FaceTrader","player_choice":"Trade","floor":5,"damage_taken":0},{"event_name":"The Cleric","player_choice":"Card Removal","floor":11,"damage_taken":0},{"event_name":"Drug Dealer","player_choice":"Got JAXXED","floor":20,"damage_taken":0}],"is_beta":false,"boss_relics":[{"not_picked":["Mark of Pain","Fusion Hammer"],"picked":"Lizard Tail"}],"items_purged_floors":[22],"is_endless":false,"potions_floor_spawned":[1,2,10,13,16,18,19,23],"killed_by":"Gremlin Leader","ascension_level":3}