{"path_per_floor":["M","$","M","M","?","R","E","R","T","R","M","R","M","?","R","B",null,"M","$","?","M","M"],"character_chosen":"DEFECT","items_purchased":["Coolheaded","Bottled Tornado"],"gold_per_floor":[116,65,79,98,98,98,129,129,211,211,231,231,244,209,209,311,311,327,6,6,26,40,40],"floor_reached":23,"campfire_rested":3,"playtime":1054,"current_hp_per_floor":[62,62,62,57,43,43,12,32,32,52,46,46,25,42,62,40,68,55,55,55,33,9,0],"items_purged":["Strike_B"],"gold":40,"score":210,"play_id":"b8dfc472-6b08-44c7-a9ef-bfb13c8e87f0","local_time":"20180426223322","is_prod":false,"is_daily":false,"chose_seed":false,"is_ascension_mode":true,"campfire_upgraded":2,"timestamp":1524800002,"path_taken":["M","$","M","M","?","R","E","R","T","R","M","R","M","?","R","BOSS","M","$","?","M","?","E"],"build_version":"2018-04-26","seed_source_timestamp":1335671065667924,"purchased_purges":1,"victory":false,"master_deck":["Strike_B","Defend_B","Defend_B","Defend_B","Defend_B","Zap","Dualcast","Capacitor+1","Coolheaded+1","Allocate+1","Capacitor+1","Ball Lightning","Reinforced Body"],"max_hp_per_floor":[68,68,68,68,68,68,68,68,68,68,68,68,68,68,68,68,68,68,68,68,68,68,68],"relics":["Cracked Core","Ancient Tea Set","Mummified Hand","Runic Dome","Bottled Tornado"],"card_choices":[{"not_picked":["Conserve Battery","Go for the Eyes"],"picked":"Capacitor","floor":1},{"not_picked":["Storm","Coolheaded"],"picked":"Allocate","floor":3},{"not_picked":["Hello World","Doom and Gloom"],"picked":"Capacitor","floor":7},{"not_picked":["Meteor Strike","Streamline"],"picked":"Ball Lightning","floor":11},{"not_picked":["Barrage","Streamline"],"picked":"Reinforced Body","floor":21}],"player_experience":41657,"potions_floor_usage":[7,16,22],"damage_taken":[{"damage":6,"enemies":"Jaw Worm","floor":1,"turns":6},{"damage":0,"enemies":"2 Louse","floor":3,"turns":4},{"damage":5,"enemies":"Small Slimes","floor":4,"turns":4},{"damage":31,"enemies":"Gremlin Nob","floor":7,"turns":6},{"damage":6,"enemies":"2 Fungi Beasts","floor":11,"turns":4},{"damage":21,"enemies":"Exordium Wildlife","floor":13,"turns":4},{"damage":22,"enemies":"Hexaghost","floor":16,"turns":7},{"damage":13,"enemies":"Shell Parasite","floor":18,"turns":5},{"damage":22,"enemies":"2 Thieves","floor":21,"turns":4},{"damage":24,"enemies":"Snecko","floor":22,"turns":6},{"damage":17,"enemies":"Gremlin Leader","floor":23,"turns":2}],"event_choices":[{"event_name":"Shining Light","player_choice":"Entered Light","floor":5,"damage_taken":0},{"event_name":"The Cleric","player_choice":"Healed","floor":14,"damage_taken":0},{"event_name":"Drug Dealer","player_choice":"Ignored","floor":20,"damage_taken":0}],"boss_relics":[{"not_picked":["Lizard Tail","Pandora\u0027s Box"],"picked":"Runic Dome"}],"potions_floor_spawned":[1,4,7,22],"seed_played":"6123671110405596719","killed_by":"Gremlin Leader","ascension_level":2,"is_trial":false}