{"gold_per_floor":[117,134,56,76,89,89,119,119,142,142,142,155,166,109,109,184,184,199,71,117,117,134,134,134,134,134,152,152,168,178,178],"floor_reached":31,"playtime":966,"items_purged":[],"score":498,"play_id":"4a6d5e1f-ec36-4e28-a39b-872ab07ab100","local_time":"20190607023005","is_ascension_mode":true,"campfire_choices":[{"floor":6.0,"key":"REST"},{"data":"Noxious Fumes","floor":8.0,"key":"SMITH"},{"floor":10.0,"key":"REST"},{"floor":15,"key":"REST"},{"floor":23,"key":"REST"},{"data":"Bouncing Flask","floor":25,"key":"SMITH"},{"data":"Bouncing Flask","floor":28,"key":"SMITH"}],"neow_cost":"PERCENT_DAMAGE","seed_source_timestamp":446559416240669,"circlet_count":0,"master_deck":["AscendersBane","Defend_G","Defend_G","Defend_G","Defend_G","Strike_G","Strike_G","Strike_G","Strike_G","Survivor","Neutralize","Blur","Dagger Spray","Noxious Fumes+1","Dagger Spray","Catalyst+1","Doppelganger","Bouncing Flask+1","Malaise+1","Dodge and Roll","Bouncing Flask+1","Flechettes+1","Escape Plan"],"special_seed":0,"relics":["Ring of the Serpent","Bronze Scales","Happy Flower","Tiny Chest","Anchor","Ornamental Fan"],"potions_floor_usage":[13,16,29,31,31],"damage_taken":[{"damage":3.0,"enemies":"Cultist","floor":1.0,"turns":5.0},{"damage":3.0,"enemies":"Small Slimes","floor":2.0,"turns":4.0},{"damage":9.0,"enemies":"Jaw Worm","floor":4.0,"turns":5.0},{"damage":14.0,"enemies":"Large Slime","floor":5.0,"turns":5.0},{"damage":25.0,"enemies":"3 Sentries","floor":7.0,"turns":6.0},{"damage":14.0,"enemies":"Exordium Thugs","floor":12.0,"turns":3.0},{"damage":10,"enemies":"Gremlin Gang","floor":13,"turns":4},{"damage":7,"enemies":"Slime Boss","floor":16,"turns":6},{"damage":36,"enemies":"2 Thieves","floor":18,"turns":4},{"damage":11,"enemies":"Spheric Guardian","floor":22,"turns":3},{"damage":3,"enemies":"Snake Plant","floor":27,"turns":3},{"damage":15,"enemies":"Shelled Parasite and Fungi","floor":29,"turns":6},{"damage":1,"enemies":"Snecko","floor":30,"turns":5},{"damage":16,"enemies":"Snake Plant","floor":31,"turns":3}],"seed_played":"1995913031112319679","potions_obtained":[{"floor":1.0,"key":"Energy Potion"},{"floor":5.0,"key":"Ancient Potion"},{"floor":12.0,"key":"Regen Potion"},{"floor":16,"key":"Energy Potion"},{"floor":29,"key":"SpeedPotion"}],"is_trial":false,"path_per_floor":["M","M","$","M","M","R","E","R","T","R","?","M","M","$","R","B",null,"M","$","T","$","M","R","?","R","T","M","R","M","M","M"],"character_chosen":"THE_SILENT","items_purchased":["Noxious Fumes","Dexterity Potion","Tiny Chest"],"campfire_rested":4,"item_purchase_floors":[3,14,19],"current_hp_per_floor":[41,38,38,29,15,34,9,9,9,28,28,14,18,18,37,30,57,21,21,21,21,10,29,29,29,29,26,26,11,10,0],"gold":178,"neow_bonus":"REMOVE_TWO","is_prod":false,"is_daily":false,"chose_seed":false,"campfire_upgraded":3,"win_rate":0,"timestamp":1559845805,"path_taken":["M","M","?","?","M","R","E","R","T","R","?","M","M","$","R","BOSS","M","$","?","?","M","R","?","R","T","M","R","?","M","?"],"build_version":"2019-01-23","purchased_purges":0,"victory":false,"max_hp_per_floor":[66,66,66,66,66,66,66,66,66,66,66,66,66,66,66,66,66,66,66,66,66,66,66,66,66,66,66,66,66,66,66],"card_choices":[{"not_picked":["Deadly Poison","Quick Slash"],"picked":"Blur","floor":1.0},{"not_picked":["Slice","Sucker Punch"],"picked":"Dagger Spray","floor":2.0},{"not_picked":["Prepared","Masterful Stab"],"picked":"Dagger Spray","floor":4.0},{"not_picked":["Backstab","Quick Slash"],"picked":"Catalyst","floor":5.0},{"not_picked":["Distraction","Backflip"],"picked":"Doppelganger","floor":7.0},{"not_picked":["Sucker Punch","Dagger Throw","Deadly Poison"],"picked":"SKIP","floor":12.0},{"not_picked":["Deflect","Poisoned Stab"],"picked":"Bouncing Flask","floor":13},{"not_picked":["Tools of the Trade","Die Die Die"],"picked":"Malaise","floor":16},{"not_picked":["Concentrate","Sucker Punch","Deflect"],"picked":"SKIP","floor":18},{"not_picked":["Deadly Poison","Setup"],"picked":"Dodge and Roll","floor":22},{"not_picked":["Endless Agony","Quick Slash+1"],"picked":"Bouncing Flask","floor":27},{"not_picked":["Poisoned Stab+1","Setup"],"picked":"Flechettes+1","floor":29},{"not_picked":["Masterful Stab+1","Dodge and Roll+1"],"picked":"Escape Plan","floor":30}],"player_experience":647181,"relics_obtained":[{"floor":7.0,"key":"Bronze Scales"},{"floor":9.0,"key":"Happy Flower"},{"floor":20,"key":"Anchor"},{"floor":26,"key":"Ornamental Fan"}],"event_choices":[{"damage_healed":0.0,"max_hp_gain":0.0,"max_hp_loss":0.0,"gold_gain":0.0,"event_name":"Upgrade Shrine","player_choice":"Upgraded","floor":11.0,"gold_loss":0.0,"damage_taken":0.0,"cards_upgraded":["Catalyst"]},{"damage_healed":0,"gold_gain":0,"player_choice":"Forge","damage_taken":0,"max_hp_gain":0,"max_hp_loss":0,"event_name":"Accursed Blacksmith","floor":24,"gold_loss":0,"cards_upgraded":["Malaise"]}],"is_beta":false,"boss_relics":[{"not_picked":["Tiny House","Cursed Key"],"picked":"Ring of the Serpent"}],"items_purged_floors":[],"is_endless":false,"potions_floor_spawned":[1,5,12,16,22,29],"killed_by":"Snake Plant","ascension_level":18}