{"gold_per_floor":[117,128,140,215,165,194,119,119,146,146,146,156,56,73,73,170,170,187,202,151,164,39,39,39,55,78,78,78,27,45,55,55,55],"floor_reached":33,"playtime":977,"items_purged":["Defend_B","Strike_B","Defend_B"],"score":247,"play_id":"a7a8d380-2685-473c-b166-061684f64b8b","local_time":"20190602015340","is_ascension_mode":false,"campfire_choices":[{"floor":8,"key":"REST"},{"data":"Lockon","floor":11,"key":"SMITH"},{"floor":15,"key":"REST"},{"floor":23,"key":"REST"},{"floor":28,"key":"REST"},{"data":"Defragment","floor":32,"key":"SMITH"}],"neow_cost":"NONE","seed_source_timestamp":24981173804900,"circlet_count":0,"master_deck":["Strike_B","Strike_B+1","Defend_B","Defend_B+1","Zap","Dualcast","Sweeping Beam","Defragment+1","Lockon+1","Ball Lightning","Cold Snap","Amplify","Coolheaded","Ball Lightning","Leap","Cold Snap","Seek"],"relics":["Cracked Core","NeowsBlessing","Lantern","Bag of Preparation","Eternal Feather","Cables","Anchor","MutagenicStrength"],"potions_floor_usage":[16,16,18,31,33],"damage_taken":[{"damage":0,"enemies":"2 Louse","floor":1,"turns":1},{"damage":0,"enemies":"Small Slimes","floor":2,"turns":1},{"damage":0,"enemies":"Jaw Worm","floor":3,"turns":1},{"damage":30,"enemies":"3 Sentries","floor":6,"turns":6},{"damage":10,"enemies":"Looter","floor":12,"turns":2},{"damage":0,"enemies":"Large Slime","floor":14,"turns":3},{"damage":21,"enemies":"Hexaghost","floor":16,"turns":7},{"damage":16,"enemies":"3 Byrds","floor":18,"turns":4},{"damage":6,"enemies":"Spheric Guardian","floor":19,"turns":3},{"damage":13,"enemies":"Snake Plant","floor":21,"turns":4},{"damage":34,"enemies":"3 Cultists","floor":25,"turns":5},{"damage":1,"enemies":"Cultist and Chosen","floor":30,"turns":4},{"damage":7,"enemies":"Snecko","floor":31,"turns":4},{"damage":68,"enemies":"Champ","floor":33,"turns":12}],"seed_played":"5104984416253959739","potions_obtained":[{"floor":2,"key":"FearPotion"},{"floor":3,"key":"GamblersBrew"},{"floor":14,"key":"SteroidPotion"},{"floor":16,"key":"Block Potion"},{"floor":21,"key":"PowerPotion"}],"is_trial":false,"path_per_floor":["M","M","M","?","?","E","$","R","T","?","R","M","$","M","R","B",null,"M","M","?","M","$","R","$","M","T","?","R","$","M","M","R","B"],"character_chosen":"DEFECT","items_purchased":["Leap"],"campfire_rested":4,"item_purchase_floors":[29],"current_hp_per_floor":[75,75,75,64,64,34,34,56,56,41,41,31,31,31,53,32,75,59,53,53,40,40,68,68,34,34,34,62,62,61,54,63,0],"gold":55,"neow_bonus":"THREE_ENEMY_KILL","is_prod":false,"is_daily":false,"chose_seed":false,"campfire_upgraded":2,"win_rate":0,"timestamp":1559451220,"path_taken":["M","M","M","?","?","E","?","R","T","?","R","M","$","M","R","BOSS","M","M","?","M","?","R","$","M","T","?","R","$","M","?","R","BOSS"],"build_version":"2019-01-23","purchased_purges":3,"victory":false,"max_hp_per_floor":[75,75,75,75,75,75,75,75,75,75,75,75,75,75,75,75,75,75,75,75,75,75,75,75,75,75,75,75,75,75,75,75,75],"card_choices":[{"not_picked":["Rebound","Doom and Gloom"],"picked":"Sweeping Beam","floor":1},{"not_picked":["Compile Driver","Aggregate"],"picked":"Defragment","floor":2},{"not_picked":["Coolheaded","Steam"],"picked":"Lockon","floor":3},{"not_picked":["Melter","Auto Shields"],"picked":"Ball Lightning","floor":6},{"not_picked":["Hello World","Heatsinks"],"picked":"Cold Snap","floor":12},{"not_picked":["Stack","Auto Shields","Reboot"],"picked":"SKIP","floor":14},{"not_picked":["Reboot","Rainbow"],"picked":"Amplify","floor":16},{"not_picked":["Steam","Compile Driver"],"picked":"Coolheaded","floor":18},{"not_picked":["Rip and Tear","Compile Driver+1","Hologram"],"picked":"SKIP","floor":19},{"not_picked":["Fusion","Stack"],"picked":"Ball Lightning","floor":21},{"not_picked":["Undo","Steam","Reboot"],"picked":"SKIP","floor":25},{"not_picked":["BootSequence","Ball Lightning+1"],"picked":"Cold Snap","floor":30},{"not_picked":["Sweeping Beam","Aggregate"],"picked":"Seek","floor":31}],"player_experience":216674,"relics_obtained":[{"floor":6,"key":"Lantern"},{"floor":9,"key":"Bag of Preparation"},{"floor":26,"key":"Anchor"}],"event_choices":[{"damage_healed":0,"gold_gain":75,"player_choice":"Gather Gold","damage_taken":11,"max_hp_gain":0,"max_hp_loss":0,"event_name":"World of Goop","floor":4,"gold_loss":0},{"cards_removed":["Strike_B"],"damage_healed":0,"gold_gain":0,"player_choice":"Card Removal","damage_taken":0,"max_hp_gain":0,"max_hp_loss":0,"event_name":"The Cleric","floor":5,"gold_loss":50},{"damage_healed":0,"gold_gain":0,"player_choice":"Entered Light","damage_taken":15,"max_hp_gain":0,"max_hp_loss":0,"event_name":"Shining Light","floor":10,"gold_loss":0,"cards_upgraded":["Defend_B","Strike_B"]},{"damage_healed":0,"gold_gain":0,"player_choice":"Paid Gold","damage_taken":0,"relics_obtained":["Cables"],"max_hp_gain":0,"max_hp_loss":0,"event_name":"WeMeetAgain","floor":20,"gold_loss":51},{"damage_healed":0,"gold_gain":0,"player_choice":"Inject Mutagens","damage_taken":0,"relics_obtained":["MutagenicStrength"],"max_hp_gain":0,"max_hp_loss":0,"event_name":"Drug Dealer","floor":27,"gold_loss":0}],"is_beta":false,"boss_relics":[{"not_picked":["Black Star","Busted Crown"],"picked":"Eternal Feather"}],"items_purged_floors":[7,13,22],"is_endless":false,"potions_floor_spawned":[2,3,14,16,21],"killed_by":"Champ","ascension_level":0}