{"gold_per_floor":[111,36,36,84,84,84,16,16,16,26,26,55,55,65,65,161,161,178,24,0,13,13,13,31,31,31,45,55,55,55,68,68,167,167,184,284,303,30,47,47,76,30,55,55,70,81,81,93,93,93],"floor_reached":51,"playtime":4945,"items_purged":["Strike_B","Strike_B"],"score":688,"play_id":"d5ebda91-79f5-4b3d-9ade-65313292929f","local_time":"20190123061135","is_ascension_mode":true,"campfire_choices":[{"data":"Zap","floor":6.0,"key":"SMITH"},{"data":"Defragment","floor":8.0,"key":"SMITH"},{"floor":15.0,"key":"REST"},{"floor":23.0,"key":"RECALL"},{"floor":25.0,"key":"REST"},{"data":"FTL","floor":30.0,"key":"SMITH"},{"floor":32.0,"key":"REST"},{"floor":40.0,"key":"REST"},{"floor":47.0,"key":"REST"},{"floor":49,"key":"REST"}],"neow_cost":"NONE","seed_source_timestamp":120632401839500,"circlet_count":0,"master_deck":["Strike_B+1","Defend_B","Defend_B","Defend_B","Defend_B","Zap+1","Dualcast","BootSequence","Defragment+1","Go for the Eyes+1","FTL+1","Turbo+1","Seek+1","Skim+1","Redo+1","Rebound+1","Redo+1","Recycle+1","Rebound+1","Shame","Auto Shields+1","Echo Form","Blizzard","Barrage+1","Blizzard+1","Coolheaded+1","Aggregate+1","Stack+1","Barrage+1","White Noise+1","BootSequence+1"],"special_seed":0,"relics":["FrozenCore","Bag of Preparation","Toxic Egg 2","Vajra","Letter Opener","Inserter","Runic Capacitor","Centennial Puzzle","Whetstone"],"potions_floor_usage":[],"damage_taken":[{"damage":15.0,"enemies":"Small Slimes","floor":1.0,"turns":3.0},{"damage":0.0,"enemies":"Jaw Worm","floor":10.0,"turns":2.0},{"damage":34.0,"enemies":"3 Sentries","floor":12.0,"turns":8.0},{"damage":0.0,"enemies":"Cultist","floor":14.0,"turns":2.0},{"damage":36.0,"enemies":"The Guardian","floor":16.0,"turns":12.0},{"damage":1.0,"enemies":"Shell Parasite","floor":18.0,"turns":12.0},{"damage":4.0,"enemies":"3 Byrds","floor":21.0,"turns":5.0},{"damage":42.0,"enemies":"Cultist and Chosen","floor":24.0,"turns":7.0},{"damage":8.0,"enemies":"Centurion and Healer","floor":27.0,"turns":9.0},{"damage":1.0,"enemies":"Snake Plant","floor":28.0,"turns":6.0},{"damage":8.0,"enemies":"Chosen and Byrds","floor":31.0,"turns":7.0},{"damage":44.0,"enemies":"Collector","floor":33.0,"turns":13.0},{"damage":15.0,"enemies":"3 Darklings","floor":35.0,"turns":5.0},{"damage":0.0,"enemies":"Orb Walker","floor":37.0,"turns":4.0},{"damage":40.0,"enemies":"3 Darklings","floor":39.0,"turns":4.0},{"damage":20.0,"enemies":"Giant Head","floor":41.0,"turns":11.0},{"damage":19.0,"enemies":"Jaw Worm Horde","floor":45.0,"turns":5.0},{"damage":1.0,"enemies":"4 Shapes","floor":46.0,"turns":4.0},{"damage":4,"enemies":"Maw","floor":48,"turns":8},{"damage":35,"enemies":"Time Eater","floor":50,"turns":12}],"seed_played":"5691454699245306410","potions_obtained":[{"floor":1.0,"key":"SkillPotion"},{"floor":12.0,"key":"SpeedPotion"},{"floor":16.0,"key":"FocusPotion"},{"floor":22.0,"key":"SpeedPotion"},{"floor":28.0,"key":"EssenceOfSteel"},{"floor":37.0,"key":"Energy Potion"},{"floor":39.0,"key":"FearPotion"},{"floor":41.0,"key":"GamblersBrew"}],"is_trial":false,"path_per_floor":["M","$","?","T","?","R","$","R","T","M","$","E","?","M","R","B",null,"M","$","?","M","?","R","M","R","T","M","M","?","R","M","R","B",null,"M","?","M","$","M","R","E","$","T","?","M","M","R","M","R","B",null],"character_chosen":"DEFECT","items_purchased":["Defragment","Redo+1","Runic Capacitor","Blizzard","Stack+1"],"campfire_rested":6,"item_purchase_floors":[7,19,38,38,42],"current_hp_per_floor":[67,67,67,67,67,67,67,67,67,67,67,33,33,33,57,21,82,81,81,81,77,77,77,35,59,59,51,50,50,50,42,66,22,82,67,67,67,67,27,51,31,31,31,23,4,3,27,23,47,12],"gold":93,"neow_bonus":"TEN_PERCENT_HP_BONUS","is_prod":false,"is_daily":false,"chose_seed":false,"campfire_upgraded":3,"win_rate":0,"timestamp":1548220295,"path_taken":["M","$","?","?","?","R","$","R","T","?","$","E","?","?","R","BOSS","M","$","?","M","?","R","?","R","T","M","M","?","R","M","R","BOSS","M","?","M","$","?","R","E","$","T","?","M","?","R","M","R","BOSS"],"build_version":"2019-01-17v2","purchased_purges":2,"victory":true,"max_hp_per_floor":[82,82,82,82,82,82,82,82,82,82,82,82,82,82,82,82,82,82,82,82,82,82,82,82,82,82,82,82,82,82,82,82,82,82,82,82,82,82,82,82,82,82,82,82,82,82,82,82,82,82],"card_choices":[{"not_picked":["Force Field","Chaos"],"picked":"BootSequence","floor":1.0},{"not_picked":["Glacier","Compile Driver"],"picked":"Go for the Eyes","floor":10.0},{"not_picked":["Capacitor","Go for the Eyes"],"picked":"FTL","floor":12.0},{"not_picked":["Steam+1","Gash"],"picked":"Turbo+1","floor":14.0},{"not_picked":["Reboot+1","Echo Form"],"picked":"Seek+1","floor":16.0},{"not_picked":["Stack+1","Steam+1"],"picked":"Skim+1","floor":18.0},{"not_picked":["Barrage+1","Blizzard"],"picked":"Rebound+1","floor":21.0},{"not_picked":["Melter","Stack+1"],"picked":"Redo+1","floor":24.0},{"not_picked":["Blizzard","Cold Snap+1"],"picked":"Recycle+1","floor":27.0},{"not_picked":["Biased Cognition","Static Discharge"],"picked":"Rebound+1","floor":28.0},{"not_picked":["Sweeping Beam","Turbo+1"],"picked":"Auto Shields+1","floor":31.0},{"not_picked":["Machine Learning","Biased Cognition"],"picked":"Echo Form","floor":33.0},{"not_picked":["Ball Lightning","Stack+1"],"picked":"Blizzard","floor":35.0},{"not_picked":["Stack+1","Compile Driver+1"],"picked":"Barrage+1","floor":37.0},{"not_picked":["Sweeping Beam+1","Beam Cell"],"picked":"Coolheaded+1","floor":39.0},{"not_picked":["Sweeping Beam+1","Force Field+1"],"picked":"Aggregate+1","floor":41.0},{"not_picked":["Skim+1","Heatsinks"],"picked":"Barrage+1","floor":45.0},{"not_picked":["Compile Driver","BootSequence+1"],"picked":"White Noise+1","floor":46.0},{"not_picked":["Sweeping Beam","Meteor Strike"],"picked":"BootSequence+1","floor":48}],"player_experience":93924,"relics_obtained":[{"floor":9.0,"key":"Bag of Preparation"},{"floor":12.0,"key":"Toxic Egg 2"},{"floor":26.0,"key":"Vajra"},{"floor":41.0,"key":"Centennial Puzzle"},{"floor":43.0,"key":"Whetstone"}],"event_choices":[{"cards_removed":["Strike_B"],"damage_healed":0.0,"max_hp_gain":0.0,"max_hp_loss":0.0,"gold_gain":0.0,"event_name":"Living Wall","player_choice":"Forget","floor":3.0,"gold_loss":0.0,"damage_taken":0.0},{"damage_healed":0.0,"max_hp_gain":0.0,"max_hp_loss":0.0,"gold_gain":0.0,"event_name":"Shining Light","player_choice":"Ignored","floor":5.0,"gold_loss":0.0,"damage_taken":0.0},{"damage_healed":0.0,"max_hp_gain":0.0,"max_hp_loss":0.0,"gold_gain":0.0,"event_name":"Accursed Blacksmith","player_choice":"Forge","floor":13.0,"gold_loss":0.0,"damage_taken":0.0,"cards_upgraded":["Go for the Eyes"]},{"damage_healed":0.0,"max_hp_gain":0.0,"max_hp_loss":0.0,"gold_gain":0.0,"event_name":"Masked Bandits","player_choice":"Paid Fearfully","floor":20.0,"gold_loss":24.0,"damage_taken":0.0},{"damage_healed":0.0,"max_hp_gain":0.0,"max_hp_loss":0.0,"gold_gain":0.0,"event_name":"Lab","player_choice":"Got Potions","floor":22.0,"gold_loss":0.0,"damage_taken":0.0},{"damage_healed":0.0,"max_hp_gain":0.0,"max_hp_loss":0.0,"gold_gain":0.0,"event_name":"Addict","player_choice":"Stole Relic","floor":29.0,"gold_loss":0.0,"damage_taken":0.0,"relics_obtained":["Letter Opener"],"cards_obtained":["Shame"]},{"damage_healed":0.0,"max_hp_gain":0.0,"max_hp_loss":0.0,"gold_gain":100.0,"event_name":"Golden Shrine","player_choice":"Pray","floor":36.0,"gold_loss":0.0,"damage_taken":0.0},{"damage_healed":0.0,"max_hp_gain":0.0,"max_hp_loss":0.0,"gold_gain":0.0,"event_name":"Wheel of Change","player_choice":"Damaged","floor":44.0,"gold_loss":0.0,"damage_taken":8.0}],"is_beta":false,"boss_relics":[{"not_picked":["Coffee Dripper","Ectoplasm"],"picked":"FrozenCore"},{"not_picked":["Snecko Eye","Lizard Tail"],"picked":"Inserter"}],"items_purged_floors":[2,19],"is_endless":false,"potions_floor_spawned":[1,12,16,24,27,28,37,39,41],"ascension_level":2}