{"gold_per_floor":[118,128,128,78,91,91,129,154,154,174,174,174,174,99,99,99],"floor_reached":16,"playtime":523,"items_purged":["Strike_R"],"score":160,"play_id":"b69caf22-615f-4ed5-a3dc-ed80da67dabf","local_time":"20181216214910","is_ascension_mode":true,"campfire_choices":[{"data":"Body Slam","floor":6,"key":"SMITH"},{"data":"Body Slam","floor":11,"key":"SMITH"},{"data":"Shrug It Off","floor":13,"key":"SMITH"},{"data":"Ghostly Armor","floor":15,"key":"SMITH"}],"neow_cost":"NONE","seed_source_timestamp":358057137140057,"circlet_count":0,"master_deck":["AscendersBane","Strike_R","Strike_R","Defend_R","Defend_R","Defend_R","Defend_R","Bash","Body Slam+1","Ghostly Armor+1","Shrug It Off+1","Body Slam+1","Ghostly Armor"],"relics":["Burning Blood","NeowsBlessing","Golden Idol","Mercury Hourglass","Mummified Hand"],"potions_floor_usage":[7,7],"damage_taken":[{"damage":0,"enemies":"Small Slimes","floor":1,"turns":1},{"damage":0,"enemies":"Jaw Worm","floor":2,"turns":1},{"damage":0,"enemies":"Cultist","floor":5,"turns":1},{"damage":27,"enemies":"Gremlin Nob","floor":7,"turns":5},{"damage":3,"enemies":"Blue Slaver","floor":8,"turns":3},{"damage":7,"enemies":"Large Slime","floor":10,"turns":7},{"damage":58,"enemies":"Slime Boss","floor":16,"turns":14}],"seed_played":"-7677819060741017351","potions_obtained":[{"floor":2,"key":"PowerPotion"},{"floor":5,"key":"EssenceOfSteel"}],"is_trial":false,"path_per_floor":["M","M","?","?","M","R","E","M","T","M","R","?","R","$","R","B"],"character_chosen":"IRONCLAD","items_purchased":[],"campfire_rested":0,"item_purchase_floors":[],"current_hp_per_floor":[78,80,74,74,74,74,53,56,56,55,55,55,55,55,55,0],"gold":99,"neow_bonus":"THREE_ENEMY_KILL","is_prod":false,"is_daily":false,"chose_seed":false,"campfire_upgraded":4,"win_rate":0,"timestamp":1544968150,"path_taken":["M","M","?","?","M","R","E","M","T","M","R","?","R","$","R","BOSS"],"build_version":"2018-12-13","purchased_purges":1,"victory":false,"max_hp_per_floor":[80,80,74,74,74,74,74,74,74,74,74,74,74,74,74,74],"card_choices":[{"not_picked":["Headbutt","Battle Trance"],"picked":"Body Slam","floor":1},{"not_picked":["Seeing Red","Wild Strike"],"picked":"Ghostly Armor","floor":2},{"not_picked":["Twin Strike","Rage"],"picked":"Shrug It Off","floor":5},{"not_picked":["Bloodletting","Intimidate"],"picked":"Body Slam","floor":7},{"not_picked":["Clash","Anger","Bloodletting"],"picked":"SKIP","floor":8},{"not_picked":["Heavy Blade","Carnage"],"picked":"Ghostly Armor","floor":10}],"player_experience":581200,"relics_obtained":[{"floor":7,"key":"Mercury Hourglass"},{"floor":9,"key":"Mummified Hand"}],"event_choices":[{"damage_healed":0,"gold_gain":0,"player_choice":"Lose Max HP","damage_taken":0,"relics_obtained":["Golden Idol"],"max_hp_gain":0,"max_hp_loss":6,"event_name":"Golden Idol","floor":3,"gold_loss":0},{"cards_removed":["Strike_R"],"damage_healed":0,"gold_gain":0,"player_choice":"Card Removal","damage_taken":0,"max_hp_gain":0,"max_hp_loss":0,"event_name":"The Cleric","floor":4,"gold_loss":50},{"cards_removed":["Strike_R"],"damage_healed":0,"gold_gain":0,"player_choice":"Purged","damage_taken":0,"max_hp_gain":0,"max_hp_loss":0,"event_name":"Purifier","floor":12,"gold_loss":0}],"is_beta":false,"boss_relics":[],"items_purged_floors":[14],"is_endless":false,"potions_floor_spawned":[2,5],"killed_by":"Slime Boss","ascension_level":12}