{"gold_per_floor":[109,109,109,34,53,53,80,80,80,80,114,114,114,132,132,228,228,248,148,63,63,63,63,74,74,74,74,86,99,99,99,99,99],"floor_reached":33,"playtime":1326,"items_purged":["Strike_B","Strike_B"],"score":299,"play_id":"47c3b09b-1e3a-4612-9c51-01c106056c95","local_time":"20180724190737","is_ascension_mode":true,"campfire_choices":[{"data":"Zap","floor":6,"key":"SMITH"},{"data":"Streamline","floor":8,"key":"SMITH"},{"data":"Sunder","floor":12,"key":"SMITH"},{"data":"Undo","floor":15,"key":"SMITH"},{"data":"Mind Blast","floor":23,"key":"SMITH"},{"data":"Seek","floor":27,"key":"SMITH"},{"data":"Dualcast","floor":30,"key":"SMITH"},{"floor":32,"key":"REST"}],"neow_cost":"NONE","seed_source_timestamp":249477028689381,"circlet_count":0,"master_deck":["Strike_B","Defend_B","Defend_B+1","Defend_B+1","Defend_B","Zap+1","Dualcast+1","Rip and Tear","Streamline+1","Ball Lightning","Genetic Algorithm","Sunder+1","Undo+1","Seek+1","BootSequence+1","Mind Blast+1","Turbo+1","Conserve Battery","Scrape+1"],"relics":["Cracked Core","Bottled Lightning","War Paint","Happy Flower","Bottled Flame","Sozu","Smiling Mask","Symbiotic Virus","Du-Vu Doll","Nilry\u0027s Codex"],"potions_floor_usage":[11,16,16],"damage_taken":[{"damage":0,"enemies":"Cultist","floor":1,"turns":2},{"damage":0,"enemies":"2 Louse","floor":5,"turns":2},{"damage":8,"enemies":"Gremlin Nob","floor":7,"turns":3},{"damage":10,"enemies":"3 Sentries","floor":11,"turns":4},{"damage":4,"enemies":"Small Slimes","floor":14,"turns":2},{"damage":1,"enemies":"Hexaghost","floor":16,"turns":7},{"damage":5,"enemies":"Chosen","floor":18,"turns":3},{"damage":0,"enemies":"Shell Parasite","floor":24,"turns":2},{"damage":11,"enemies":"Centurion and Healer","floor":28,"turns":5},{"damage":18,"enemies":"Cultist and Chosen","floor":29,"turns":5},{"damage":34,"enemies":"Automaton","floor":33,"turns":6}],"seed_played":"2262808840167076336","potions_obtained":[{"floor":7,"key":"FocusPotion"},{"floor":10,"key":"Explosive Potion"},{"floor":10,"key":"PowerPotion"},{"floor":10,"key":"PowerPotion"}],"is_trial":false,"path_per_floor":["M","T","?","$","M","R","E","R","T","?","E","R","?","M","R","B",null,"M","$","?","?","T","R","M","$","T","R","M","M","R","?","R"],"character_chosen":"DEFECT","items_purchased":[],"campfire_rested":1,"item_purchase_floors":[],"current_hp_per_floor":[75,75,75,75,75,75,67,67,67,67,57,57,50,46,46,45,75,70,70,70,56,56,56,56,56,56,56,45,27,27,11,33,0],"gold":99,"neow_bonus":"TRANSFORM_CARD","is_prod":false,"is_daily":false,"chose_seed":false,"campfire_upgraded":7,"win_rate":0,"timestamp":1532430457,"path_taken":["M","?","?","$","?","R","E","R","T","?","E","R","?","M","R","BOSS","M","$","?","?","?","R","?","$","T","R","M","M","R","?","R","BOSS"],"build_version":"2018-07-19v2","purchased_purges":2,"victory":false,"max_hp_per_floor":[75,75,75,75,75,75,75,75,75,75,75,75,75,75,75,75,75,75,75,75,75,75,75,75,75,75,75,75,75,75,75,75,75],"card_choices":[{"not_picked":["Turbo","Reprogram"],"picked":"Streamline","floor":1},{"not_picked":["Compile Driver","Stack"],"picked":"Ball Lightning","floor":5},{"not_picked":["Force Field","Go for the Eyes"],"picked":"Genetic Algorithm","floor":7},{"not_picked":["Aggregate","Cold Snap"],"picked":"Sunder","floor":11},{"not_picked":["Ball Lightning","Capacitor"],"picked":"Undo","floor":14},{"not_picked":["Hyperbeam","Biased Cognition"],"picked":"Seek","floor":16},{"not_picked":["Sunder+1","Tempest"],"picked":"BootSequence+1","floor":18},{"not_picked":["Streamline","Go for the Eyes"],"picked":"Turbo+1","floor":24},{"not_picked":["Tempest+1","Gash"],"picked":"Conserve Battery","floor":28},{"not_picked":["Cold Snap","Thunder Strike"],"picked":"Scrape+1","floor":29}],"player_experience":226324,"relics_obtained":[{"floor":2,"key":"Bottled Lightning"},{"floor":7,"key":"War Paint"},{"floor":9,"key":"Happy Flower"},{"floor":11,"key":"Bottled Flame"},{"floor":22,"key":"Symbiotic Virus"},{"floor":26,"key":"Du-Vu Doll"},{"floor":31,"key":"Nilry\u0027s Codex"}],"event_choices":[{"event_name":"Golden Idol","player_choice":"Ignored","floor":3,"damage_taken":0},{"event_name":"The Lab","player_choice":"Got Potions","floor":10,"damage_taken":0},{"event_name":"Wheel of Change","player_choice":"Damage","floor":13,"damage_taken":0},{"event_name":"Addict","player_choice":"Obtained Relic","floor":20,"damage_taken":0},{"event_name":"Knowing Skull","player_choice":"CARD ","floor":21,"damage_taken":0},{"event_name":"Cursed Tome","player_choice":"Obtained Book","floor":31,"damage_taken":0}],"is_beta":false,"boss_relics":[{"not_picked":["Tiny House","Empty Cage"],"picked":"Sozu"}],"items_purged_floors":[4,19],"is_endless":false,"potions_floor_spawned":[7,24,28],"killed_by":"Automaton","ascension_level":4}