{"gold_per_floor":[117,192,192,162,175,175,205,225,225,258,258,321,321,341,341,445,445,460,735,754,768,786,817,311,331,331,351,351,22,22,22,22,123,123,133,35,35,135,151,179,179,209,209,209,60,60,80,0,0,0],"floor_reached":51,"playtime":3613,"items_purged":["Regret","Dualcast","FTL","FTL"],"score":731,"play_id":"c646a7ca-6f1b-4444-b126-022a50f15f7d","local_time":"20190516184444","is_ascension_mode":false,"campfire_choices":[{"data":"Beam Cell","floor":6,"key":"SMITH"},{"data":"Coolheaded","floor":11,"key":"SMITH"},{"floor":15,"key":"REST"},{"data":"1","floor":28,"key":"LIFT"},{"data":"2","floor":30,"key":"LIFT"},{"floor":32,"key":"REST"},{"data":"3","floor":41,"key":"LIFT"},{"data":"Hologram","floor":44,"key":"SMITH"},{"data":"Scrape","floor":46,"key":"SMITH"},{"data":"Echo Form","floor":49,"key":"SMITH"}],"neow_cost":"NONE","seed_source_timestamp":92430094441681,"circlet_count":0,"master_deck":["Defend_B","Defend_B","Defend_B","Defend_B","Conserve Battery","Beam Cell+1","Gash","Coolheaded+1","Conserve Battery","Gash","Gash","Machine Learning","Cold Snap","Hologram+1","Skim","Glacier","Scrape+1","Master of Strategy","Echo Form+1","FTL+1","Self Repair+1","FTL+1","Hologram+1","Go for the Eyes+1"],"relics":["Cracked Core","Blue Candle","Pear","Dodecahedron","Potion Belt","Smiling Mask","Thread and Needle","Empty Cage","Juzu Bracelet","Girya","Sundial","Astrolabe","Nunchaku","Pocketwatch","Bottled Lightning","Red Mask"],"potions_floor_usage":[7,14,21,23,25,33,33,40,50,50,50,50,50],"damage_taken":[{"damage":0,"enemies":"2 Louse","floor":1,"turns":3},{"damage":5,"enemies":"Small Slimes","floor":5,"turns":3},{"damage":9,"enemies":"Lagavulin","floor":7,"turns":6},{"damage":1,"enemies":"Cultist","floor":8,"turns":3},{"damage":10,"enemies":"3 Sentries","floor":10,"turns":8},{"damage":9,"enemies":"Gremlin Nob","floor":12,"turns":3},{"damage":3,"enemies":"Large Slime","floor":14,"turns":5},{"damage":15,"enemies":"Hexaghost","floor":16,"turns":10},{"damage":1,"enemies":"3 Byrds","floor":18,"turns":5},{"damage":4,"enemies":"Spheric Guardian","floor":20,"turns":5},{"damage":11,"enemies":"Snake Plant","floor":21,"turns":5},{"damage":12,"enemies":"Centurion and Healer","floor":22,"turns":6},{"damage":17,"enemies":"Book of Stabbing","floor":23,"turns":6},{"damage":9,"enemies":"Chosen and Byrds","floor":25,"turns":5},{"damage":9,"enemies":"Snecko","floor":27,"turns":8},{"damage":6,"enemies":"Collector","floor":33,"turns":10},{"damage":11,"enemies":"3 Darklings","floor":35,"turns":5},{"damage":0,"enemies":"Orb Walker","floor":39,"turns":3},{"damage":23,"enemies":"Nemesis","floor":40,"turns":6},{"damage":0,"enemies":"Giant Head","floor":42,"turns":4},{"damage":2,"enemies":"3 Darklings","floor":47,"turns":6},{"damage":29,"enemies":"Time Eater","floor":50,"turns":9}],"seed_played":"2349831863000100164","potions_obtained":[{"floor":4,"key":"Energy Potion"},{"floor":4,"key":"GamblersBrew"},{"floor":5,"key":"GamblersBrew"},{"floor":8,"key":"FocusPotion"},{"floor":14,"key":"SkillPotion"},{"floor":18,"key":"LiquidBronze"},{"floor":23,"key":"Strength Potion"},{"floor":33,"key":"EssenceOfSteel"},{"floor":39,"key":"Energy Potion"}],"is_trial":false,"path_per_floor":["M","?","?","?","M","R","E","M","T","E","R","?","?","M","R","B",null,"M","?","M","M","M","E","$","M","T","M","R","$","R","?","R","B",null,"M","$","?","?","M","E","R","E","T","R","$","R","M","?","R","B",null],"character_chosen":"DEFECT","items_purchased":["Girya","FTL","Skim","Master of Strategy","AttackPotion","SkillPotion","Strength Potion","Strength Potion","PowerPotion"],"campfire_rested":2,"item_purchase_floors":[24,24,24,29,29,29,36,45,45],"current_hp_per_floor":[75,64,57,57,52,52,53,52,52,42,42,33,33,30,55,40,85,84,84,80,69,57,40,40,31,31,22,22,22,22,22,47,41,85,84,84,84,84,85,82,82,85,85,85,85,85,83,83,83,54],"gold":0,"neow_bonus":"UPGRADE_CARD","is_prod":false,"is_daily":false,"chose_seed":false,"campfire_upgraded":5,"win_rate":0,"timestamp":1558046684,"path_taken":["M","?","?","?","?","R","E","M","T","E","R","?","?","M","R","BOSS","M","?","?","M","M","E","$","M","T","M","R","$","R","?","R","BOSS","M","?","?","?","M","E","R","E","T","R","?","R","M","?","R","BOSS"],"build_version":"2019-01-23","purchased_purges":4,"victory":true,"max_hp_per_floor":[75,75,75,75,75,75,85,85,85,85,85,85,85,85,85,85,85,85,85,85,85,85,85,85,85,85,85,85,85,85,85,85,85,85,85,85,85,85,85,85,85,85,85,85,85,85,85,85,85,85],"card_choices":[{"not_picked":["Ball Lightning","Beam Cell"],"picked":"Conserve Battery","floor":1},{"not_picked":["Leap","Ball Lightning"],"picked":"Beam Cell","floor":5},{"not_picked":["Steam Power","Echo Form"],"picked":"Gash","floor":7},{"not_picked":["Conserve Battery","Redo"],"picked":"Coolheaded","floor":8},{"not_picked":["Hologram","Steam"],"picked":"Conserve Battery","floor":10},{"not_picked":["Hologram","Leap"],"picked":"Gash","floor":12},{"not_picked":["Static Discharge","Electrodynamics"],"picked":"Gash","floor":14},{"not_picked":["Multi-Cast","Core Surge"],"picked":"Machine Learning","floor":16},{"not_picked":["Undo","Conserve Battery"],"picked":"FTL","floor":18},{"not_picked":["Stack","Force Field","Static Discharge"],"picked":"SKIP","floor":20},{"not_picked":["Steam+1","Ball Lightning","Lockon"],"picked":"SKIP","floor":21},{"not_picked":["Compile Driver","Rip and Tear"],"picked":"Cold Snap","floor":22},{"not_picked":["Leap","Turbo+1"],"picked":"Hologram","floor":23},{"not_picked":["Sweeping Beam","Gash"],"picked":"Glacier","floor":25},{"not_picked":["Rip and Tear","Loop+1"],"picked":"Scrape","floor":27},{"not_picked":["Buffer","Reboot"],"picked":"Echo Form","floor":33},{"not_picked":["Ball Lightning","Conserve Battery+1","Coolheaded+1"],"picked":"SKIP","floor":35},{"not_picked":["Lockon","Conserve Battery","Sweeping Beam+1"],"picked":"SKIP","floor":39},{"not_picked":["Doom and Gloom+1","Steam+1"],"picked":"Hologram+1","floor":40},{"not_picked":["Conserve Battery","Beam Cell+1"],"picked":"Go for the Eyes+1","floor":42},{"not_picked":["Barrage","Heatsinks","Stack+1"],"picked":"SKIP","floor":47}],"player_experience":593360,"relics_obtained":[{"floor":7,"key":"Pear"},{"floor":9,"key":"Dodecahedron"},{"floor":10,"key":"Potion Belt"},{"floor":12,"key":"Smiling Mask"},{"floor":23,"key":"Juzu Bracelet"},{"floor":26,"key":"Sundial"},{"floor":40,"key":"Nunchaku"},{"floor":42,"key":"Pocketwatch"},{"floor":43,"key":"Bottled Lightning"}],"event_choices":[{"damage_healed":0,"gold_gain":75,"player_choice":"Gather Gold","damage_taken":11,"max_hp_gain":0,"max_hp_loss":0,"event_name":"World of Goop","floor":2,"gold_loss":0},{"damage_healed":0,"gold_gain":0,"player_choice":"Success","damage_taken":7,"relics_obtained":["Blue Candle"],"max_hp_gain":0,"max_hp_loss":0,"event_name":"Scrap Ooze","floor":3,"gold_loss":0},{"damage_healed":0,"gold_gain":0,"player_choice":"Bought 2 Potions","damage_taken":0,"max_hp_gain":0,"max_hp_loss":0,"event_name":"The Woman in Blue","floor":4,"gold_loss":0},{"damage_healed":0,"gold_gain":30,"player_choice":"Searched \u00272\u0027 times","damage_taken":0,"max_hp_gain":0,"max_hp_loss":0,"event_name":"Dead Adventurer","floor":12,"gold_loss":0},{"damage_healed":0,"gold_gain":0,"player_choice":"Box","damage_taken":0,"relics_obtained":["Thread and Needle"],"max_hp_gain":0,"max_hp_loss":0,"event_name":"Big Fish","floor":13,"gold_loss":0,"cards_obtained":["Regret"]},{"damage_healed":0,"gold_gain":275,"player_choice":"Desecrate","damage_taken":0,"max_hp_gain":0,"max_hp_loss":0,"event_name":"Golden Shrine","floor":19,"gold_loss":0,"cards_obtained":["Regret"]},{"cards_removed":["Strike_B"],"damage_healed":0,"gold_gain":0,"player_choice":"Purged","damage_taken":0,"max_hp_gain":0,"max_hp_loss":0,"event_name":"Purifier","floor":31,"gold_loss":0},{"damage_healed":0,"gold_gain":0,"player_choice":"Memory 1","damage_taken":0,"max_hp_gain":0,"max_hp_loss":0,"event_name":"SensoryStone","floor":37,"gold_loss":0},{"damage_healed":0,"gold_gain":100,"player_choice":"Pray","damage_taken":0,"max_hp_gain":0,"max_hp_loss":0,"event_name":"Golden Shrine","floor":38,"gold_loss":0},{"damage_healed":0,"gold_gain":0,"player_choice":"Paid","damage_taken":0,"relics_obtained":["Red Mask"],"max_hp_gain":0,"max_hp_loss":0,"event_name":"Tomb of Lord Red Mask","floor":48,"gold_loss":80}],"is_beta":false,"boss_relics":[{"not_picked":["Busted Crown","White Beast Statue"],"picked":"Empty Cage"},{"not_picked":["FrozenCore","Coffee Dripper"],"picked":"Astrolabe"}],"items_purged_floors":[24,29,36,45],"is_endless":false,"potions_floor_spawned":[5,8,14,18,23,33,39,47],"ascension_level":0}