{"gold_per_floor":[17,17,17,17,27,27,27,27,97,123,133,149,149,159,159,159],"floor_reached":16,"playtime":788,"items_purged":[],"score":120,"play_id":"dbfdf0a0-d5f5-43b2-b214-0021d53497c9","local_time":"20180811140554","is_ascension_mode":true,"campfire_choices":[{"data":"Crippling Poison","floor":6,"key":"SMITH"},{"data":"Neutralize","floor":8,"key":"SMITH"},{"data":"Tools of the Trade","floor":13,"key":"SMITH"},{"floor":15,"key":"REST"}],"neow_cost":"NO_GOLD","seed_source_timestamp":52370433369996,"circlet_count":0,"master_deck":["Defend_G","Defend_G","Defend_G","Defend_G","Strike_G","Strike_G","Strike_G","Strike_G","Survivor","Neutralize+1","Crippling Poison+1","Tools of the Trade+1","Outmaneuver","Bane"],"relics":["Ring of the Snake","Boot","Letter Opener","Smiling Mask","Orichalcum"],"potions_floor_usage":[5,12,16],"damage_taken":[{"damage":0,"enemies":"Small Slimes","floor":1,"turns":4},{"damage":5,"enemies":"Cultist","floor":5,"turns":5},{"damage":56,"enemies":"3 Sentries","floor":10,"turns":18},{"damage":0,"enemies":"Jaw Worm","floor":11,"turns":5},{"damage":0,"enemies":"2 Fungi Beasts","floor":12,"turns":3},{"damage":9,"enemies":"Red Slaver","floor":14,"turns":4},{"damage":29,"enemies":"Hexaghost","floor":16,"turns":12}],"seed_played":"1814987234504059256","potions_obtained":[{"floor":1,"key":"PowerPotion"},{"floor":10,"key":"SpeedPotion"},{"floor":11,"key":"FearPotion"},{"floor":14,"key":"FearPotion"}],"is_trial":false,"path_per_floor":["M","?","$","?","M","R","T","R","T","E","M","M","R","M","R"],"character_chosen":"THE_SILENT","items_purchased":[],"campfire_rested":1,"item_purchase_floors":[],"current_hp_per_floor":[70,75,75,72,67,67,67,67,67,11,11,11,11,2,24,0],"gold":159,"neow_bonus":"REMOVE_TWO","is_prod":false,"is_daily":false,"chose_seed":false,"campfire_upgraded":3,"win_rate":0,"timestamp":1533967554,"path_taken":["M","?","?","?","M","R","?","R","T","E","?","M","R","?","R","BOSS"],"build_version":"2018-08-09","purchased_purges":0,"victory":false,"max_hp_per_floor":[70,75,75,75,75,75,75,75,75,75,75,75,75,75,75,75],"card_choices":[{"not_picked":["Sucker Punch","Blade Dance"],"picked":"Crippling Poison","floor":1},{"not_picked":["Caltrops","Flying Knee","Sucker Punch"],"picked":"SKIP","floor":5},{"not_picked":["Finisher","Blur"],"picked":"Tools of the Trade","floor":10},{"not_picked":["Flying Knee","Finisher"],"picked":"Outmaneuver","floor":11},{"not_picked":["Leg Sweep","All Out Attack"],"picked":"Bane","floor":12},{"not_picked":["Finisher","Masterful Stab","PiercingWail"],"picked":"SKIP","floor":14}],"player_experience":361986,"relics_obtained":[{"floor":7,"key":"Letter Opener"},{"floor":9,"key":"Smiling Mask"},{"floor":10,"key":"Orichalcum"}],"event_choices":[{"event_name":"Big Fish","player_choice":"Donut","floor":2,"damage_taken":0},{"event_name":"Scrap Ooze","player_choice":"success","floor":4,"damage_taken":3}],"is_beta":false,"boss_relics":[],"items_purged_floors":[],"is_endless":false,"potions_floor_spawned":[1,10,11,14],"killed_by":"Hexaghost","ascension_level":4}