{"gold_per_floor":[109,34,0,10,30,30,364,364,364,364,378,378,18,38,38,135,135,150,75,75,107,123,123,156,156],"floor_reached":25,"playtime":1342,"items_purged":["Strike_R","Second Wind"],"score":339,"play_id":"9a9973c6-6d53-4ff0-abb8-5ea9dd531664","local_time":"20180821194820","is_ascension_mode":true,"campfire_choices":[{"data":"Bash","floor":6,"key":"SMITH"},{"data":"True Grit","floor":12,"key":"SMITH"},{"data":"Dropkick","floor":15,"key":"SMITH"},{"data":"Headbutt","floor":23,"key":"SMITH"}],"neow_cost":"TEN_PERCENT_HP_LOSS","seed_source_timestamp":7919913090409,"circlet_count":0,"master_deck":["Strike_R","Strike_R","Defend_R","Defend_R","Defend_R","Bash+1","AscendersBane","Metallicize","Dropkick+1","True Grit+1","Immolate+1","Headbutt+1","Dual Wield+1","Impervious+1","Pommel Strike+1","True Grit+1","Flex+1"],"relics":["Burning Blood","Old Coin","Anchor","Prayer Wheel","Toxic Egg 2","Runic Pyramid","Red Mask","Ancient Tea Set"],"potions_floor_usage":[4,24],"damage_taken":[{"damage":13,"enemies":"Jaw Worm","floor":1,"turns":5},{"damage":6,"enemies":"Small Slimes","floor":4,"turns":4},{"damage":2,"enemies":"2 Louse","floor":5,"turns":4},{"damage":23,"enemies":"3 Sentries","floor":7,"turns":9},{"damage":2,"enemies":"Lots of Slimes","floor":11,"turns":3},{"damage":0,"enemies":"Exordium Wildlife","floor":14,"turns":2},{"damage":59,"enemies":"The Guardian","floor":16,"turns":11},{"damage":0,"enemies":"Chosen","floor":18,"turns":4},{"damage":0,"floor":21,"turns":3},{"damage":9,"enemies":"Shell Parasite","floor":22,"turns":5},{"damage":46,"enemies":"Book of Stabbing","floor":24,"turns":6},{"damage":27,"enemies":"Snecko","floor":25,"turns":6}],"seed_played":"362220145184437090","potions_obtained":[{"floor":1,"key":"EssenceOfSteel"},{"floor":7,"key":"Ancient Potion"},{"floor":16,"key":"SpeedPotion"},{"floor":22,"key":"LiquidBronze"}],"is_trial":false,"path_per_floor":["M","$","?","M","M","R","E","?","T","?","M","R","$","M","R","B",null,"M","?","$","?","M","R","E"],"character_chosen":"IRONCLAD","items_purchased":["Toxic Egg 2"],"campfire_rested":0,"item_purchase_floors":[13],"current_hp_per_floor":[65,65,65,65,69,69,52,52,52,52,56,56,56,62,62,9,56,62,62,62,68,65,65,25,0],"gold":156,"neow_bonus":"TRANSFORM_TWO_CARDS","is_prod":false,"is_daily":false,"chose_seed":false,"campfire_upgraded":4,"win_rate":0,"timestamp":1534852100,"path_taken":["M","$","?","?","M","R","E","?","T","?","M","R","$","M","R","BOSS","M","?","$","?","M","R","E","M"],"build_version":"2018-08-16","purchased_purges":2,"victory":false,"max_hp_per_floor":[72,72,72,72,72,72,72,72,72,72,72,72,72,72,72,72,72,72,72,72,72,72,72,72,72],"card_choices":[{"not_picked":["Thunderclap","Havoc"],"picked":"Dropkick","floor":1},{"not_picked":["Clothesline","Wild Strike"],"picked":"True Grit","floor":4},{"not_picked":["Combust","Power Through"],"picked":"Immolate","floor":5},{"not_picked":["Wild Strike","Heavy Blade","Fire Breathing"],"picked":"SKIP","floor":7},{"not_picked":["Twin Strike","Armaments"],"picked":"Headbutt","floor":11},{"not_picked":["Reaper","Hemokinesis","Heavy Blade"],"picked":"SKIP","floor":11},{"not_picked":["Power Through+1","Flex+1"],"picked":"Dual Wield+1","floor":14},{"not_picked":["Pommel Strike","Wild Strike","Sword Boomerang"],"picked":"SKIP","floor":14},{"not_picked":["Juggernaut","Dark Embrace"],"picked":"Impervious+1","floor":16},{"not_picked":["Evolve","Wild Strike"],"picked":"Pommel Strike+1","floor":18},{"not_picked":["Thunderclap+1","Sword Boomerang+1","Rupture+1"],"picked":"SKIP","floor":18},{"not_picked":["Armaments+1","Body Slam"],"picked":"True Grit+1","floor":21},{"not_picked":["Iron Wave+1","Havoc+1","Dual Wield+1"],"picked":"SKIP","floor":22},{"not_picked":["Twin Strike+1","Iron Wave+1","Pommel Strike"],"picked":"SKIP","floor":22},{"not_picked":["Limit Break+1","Infernal Blade+1"],"picked":"Flex+1","floor":24}],"player_experience":494612,"relics_obtained":[{"floor":7,"key":"Old Coin"},{"floor":9,"key":"Prayer Wheel"},{"floor":21,"key":"Red Mask"},{"floor":24,"key":"Ancient Tea Set"}],"event_choices":[{"event_name":"World of Goop","player_choice":"Left","floor":3,"damage_taken":0},{"event_name":"WeMeetAgain","player_choice":"Potion","floor":8,"damage_taken":0},{"event_name":"Accursed Blacksmith","player_choice":"Forge","floor":10,"damage_taken":0},{"event_name":"Beggar","player_choice":"Gave Gold","floor":19,"damage_taken":0},{"event_name":"Masked Bandits","player_choice":"Fought Bandits","floor":21,"damage_taken":0}],"is_beta":false,"boss_relics":[{"not_picked":["Astrolabe","Tiny House"],"picked":"Runic Pyramid"}],"items_purged_floors":[2,13],"is_endless":false,"potions_floor_spawned":[1,7,16,22],"killed_by":"Snecko","ascension_level":11}