{"gold_per_floor":[116,131,19,19,31,62,62,90,90,121,121,121,121,138,138,241,241,261,261,23,23,36,36,36],"floor_reached":24,"playtime":1165,"items_purged":["Strike_B","Parasite"],"score":301,"play_id":"e8a3bb7c-1e43-486f-a003-f1ca5cb4f4dc","local_time":"20190612211149","is_ascension_mode":true,"campfire_choices":[{"floor":7,"key":"REST"},{"floor":11,"key":"REST"},{"data":"Lockon","floor":13,"key":"SMITH"},{"data":"Defragment","floor":15,"key":"SMITH"},{"floor":23,"key":"REST"}],"neow_cost":"NONE","seed_source_timestamp":1645690127885,"circlet_count":0,"master_deck":["Strike_B+1","Strike_B","Defend_B","Defend_B","Defend_B","Defend_B","Zap","Dualcast","Hologram","Lockon+1","Lockon+1","Redo","Machine Learning+1","Defragment+1","Reboot","Self Repair","Electrodynamics","Redo"],"relics":["Cracked Core","Matryoshka","Whetstone","Ancient Tea Set","Cables","Darkstone Periapt","Philosopher\u0027s Stone"],"potions_floor_usage":[6,10,22],"damage_taken":[{"damage":2,"enemies":"Jaw Worm","floor":1,"turns":3},{"damage":7,"enemies":"Small Slimes","floor":2,"turns":3},{"damage":0,"enemies":"Cultist","floor":5,"turns":2},{"damage":48,"enemies":"Lagavulin","floor":6,"turns":6},{"damage":21,"enemies":"Gremlin Nob","floor":8,"turns":4},{"damage":32,"enemies":"3 Sentries","floor":10,"turns":6},{"damage":1,"enemies":"Exordium Thugs","floor":14,"turns":2},{"damage":0,"enemies":"Slime Boss","floor":16,"turns":5},{"damage":17,"enemies":"Chosen","floor":18,"turns":4},{"damage":66,"enemies":"Colosseum Slavers","floor":19,"turns":4},{"damage":2,"enemies":"3 Byrds","floor":22,"turns":2},{"damage":41,"enemies":"Slavers","floor":24,"turns":2}],"seed_played":"-6694086997454787102","potions_obtained":[{"floor":2,"key":"Regen Potion"},{"floor":6,"key":"Swift Potion"},{"floor":8,"key":"GamblersBrew"}],"is_trial":false,"path_per_floor":["M","M","$","?","M","E","R","E","T","E","R","?","R","M","R","B",null,"M","?","$","?","M","R","E"],"character_chosen":"DEFECT","items_purchased":["Lockon","Electrodynamics"],"campfire_rested":3,"item_purchase_floors":[3,20],"current_hp_per_floor":[80,73,73,66,66,33,57,36,36,4,28,54,54,53,53,53,88,71,12,12,12,10,35,0],"gold":36,"neow_bonus":"TEN_PERCENT_HP_BONUS","is_prod":false,"is_daily":false,"chose_seed":false,"campfire_upgraded":2,"win_rate":0,"timestamp":1560388309,"path_taken":["M","M","$","?","M","E","R","E","T","E","R","?","R","M","R","BOSS","M","?","$","?","?","R","E"],"build_version":"2019-01-23","purchased_purges":2,"victory":false,"max_hp_per_floor":[82,82,82,82,82,82,82,82,82,82,82,88,88,88,88,88,88,88,88,85,85,85,85,85],"card_choices":[{"not_picked":["Rebound","Sweeping Beam"],"picked":"Hologram","floor":1},{"not_picked":["Rebound","White Noise"],"picked":"Lockon","floor":2},{"not_picked":["Turbo","Gash"],"picked":"Redo","floor":5},{"not_picked":["Rainbow","Scrape"],"picked":"Machine Learning","floor":6},{"not_picked":["Steam","Go for the Eyes","Rebound"],"picked":"SKIP","floor":8},{"not_picked":["Chill","Coolheaded"],"picked":"Defragment","floor":10},{"not_picked":["Skim","Beam Cell","Compile Driver"],"picked":"SKIP","floor":14},{"not_picked":["Hyperbeam","Buffer"],"picked":"Reboot","floor":16},{"not_picked":["Stack","Beam Cell+1"],"picked":"Self Repair","floor":18},{"not_picked":["Steam","Lockon"],"picked":"Redo","floor":22}],"player_experience":393338,"relics_obtained":[{"floor":6,"key":"Matryoshka"},{"floor":8,"key":"Whetstone"},{"floor":9,"key":"Ancient Tea Set"},{"floor":9,"key":"Cables"},{"floor":10,"key":"Darkstone Periapt"}],"event_choices":[{"cards_removed":["Strike_B"],"damage_healed":0,"gold_gain":0,"player_choice":"Card Removal","damage_taken":7,"max_hp_gain":0,"max_hp_loss":0,"event_name":"Golden Wing","floor":4,"gold_loss":0},{"damage_healed":20,"gold_gain":0,"player_choice":"Healed and dodged fight","damage_taken":0,"max_hp_gain":0,"max_hp_loss":0,"event_name":"Mushrooms","floor":12,"gold_loss":0,"cards_obtained":["Parasite"]},{"damage_healed":0,"gold_gain":0,"player_choice":"Fight","damage_taken":0,"max_hp_gain":0,"max_hp_loss":0,"event_name":"Colosseum","floor":19,"gold_loss":0},{"damage_healed":0,"gold_gain":0,"player_choice":"Fled From Nobs","damage_taken":0,"max_hp_gain":0,"max_hp_loss":0,"event_name":"Colosseum","floor":19,"gold_loss":0},{"damage_healed":0,"gold_gain":0,"player_choice":"Upgraded","damage_taken":0,"max_hp_gain":0,"max_hp_loss":0,"event_name":"Upgrade Shrine","floor":21,"gold_loss":0,"cards_upgraded":["Machine Learning"]}],"is_beta":false,"boss_relics":[{"not_picked":["Runic Dome","Snecko Eye"],"picked":"Philosopher\u0027s Stone"}],"items_purged_floors":[3,20],"is_endless":false,"potions_floor_spawned":[2,6,8],"killed_by":"Slavers","ascension_level":3}