{"gold_per_floor":[114,124,299,309,309,309,321,335,335,335,356,366,366,380,380,380],"floor_reached":16,"playtime":1601,"items_purged":[],"score":94,"play_id":"4f9197e7-5bba-47ec-a328-d812231923cb","local_time":"20190122004608","is_ascension_mode":false,"campfire_choices":[{"data":"Flying Knee","floor":6,"key":"SMITH"},{"floor":13,"key":"REST"},{"data":"Masterful Stab","floor":15,"key":"SMITH"}],"neow_cost":"NONE","seed_source_timestamp":18316156220800,"circlet_count":0,"master_deck":["Defend_G","Defend_G","Defend_G","Defend_G","Defend_G","Strike_G","Strike_G","Strike_G","Strike_G","Strike_G","Survivor+1","Neutralize+1","Deadly Poison","Leg Sweep","Doubt","Flying Knee+1","Outmaneuver","Masterful Stab+1","Dash","Wraith Form v2","Distraction"],"relics":["Ring of the Snake","Bag of Preparation","Darkstone Periapt","Matryoshka","Odd Mushroom"],"potions_floor_usage":[11,12,16],"damage_taken":[{"damage":0,"enemies":"2 Louse","floor":1,"turns":3},{"damage":0,"enemies":"Small Slimes","floor":2,"turns":4},{"damage":0,"enemies":"Jaw Worm","floor":4,"turns":5},{"damage":1,"enemies":"Exordium Wildlife","floor":7,"turns":7},{"damage":5,"enemies":"Lots of Slimes","floor":8,"turns":7},{"damage":21,"enemies":"The Mushroom Lair","floor":11,"turns":7},{"damage":3,"enemies":"Red Slaver","floor":12,"turns":4},{"damage":0,"enemies":"3 Louse","floor":14,"turns":2},{"damage":54,"enemies":"Slime Boss","floor":16,"turns":11}],"seed_played":"589702181944353959","potions_obtained":[{"floor":1,"key":"SpeedPotion"},{"floor":11,"key":"PowerPotion"},{"floor":14,"key":"FearPotion"}],"is_trial":false,"path_per_floor":["M","M","?","M","?","R","M","M","T","?","?","M","R","M","R","B"],"character_chosen":"THE_SILENT","items_purchased":[],"campfire_rested":1,"item_purchase_floors":[],"current_hp_per_floor":[70,70,70,70,56,56,55,50,50,50,29,26,47,47,47,0],"gold":380,"neow_bonus":"RANDOM_COMMON_RELIC","is_prod":false,"is_daily":false,"chose_seed":false,"campfire_upgraded":2,"win_rate":0.0,"timestamp":1548114368,"path_taken":["M","M","?","M","?","R","M","M","T","?","?","M","R","M","R","BOSS"],"build_version":"2019-01-17v2","purchased_purges":0,"victory":false,"max_hp_per_floor":[70,70,70,70,70,70,70,70,70,70,70,70,70,70,70,70],"card_choices":[{"not_picked":["Calculated Gamble","Endless Agony"],"picked":"Deadly Poison","floor":1},{"not_picked":["Riddle With Holes","Finisher"],"picked":"Leg Sweep","floor":2},{"not_picked":["Acrobatics","Distraction"],"picked":"Flying Knee","floor":4},{"not_picked":["PiercingWail","Dodge and Roll"],"picked":"Outmaneuver","floor":7},{"not_picked":["Skewer","Underhanded Strike"],"picked":"Masterful Stab","floor":8},{"not_picked":["Reflex","Blade Dance"],"picked":"Dash","floor":11},{"not_picked":["Blade Dance","Footwork"],"picked":"Wraith Form v2","floor":12},{"not_picked":["Deflect","Acrobatics"],"picked":"Distraction","floor":14}],"player_experience":34342,"relics_obtained":[{"floor":9,"key":"Darkstone Periapt"},{"floor":11,"key":"Odd Mushroom"}],"event_choices":[{"damage_healed":0,"gold_gain":175,"player_choice":"AGREE","damage_taken":0,"max_hp_gain":0,"max_hp_loss":0,"event_name":"Liars Game","floor":3,"gold_loss":0,"cards_obtained":["Doubt"]},{"damage_healed":0,"gold_gain":0,"player_choice":"Entered Light","damage_taken":14,"max_hp_gain":0,"max_hp_loss":0,"event_name":"Shining Light","floor":5,"gold_loss":0,"cards_upgraded":["Neutralize","Survivor"]},{"damage_healed":0,"gold_gain":0,"player_choice":"Searched \u00271\u0027 times","damage_taken":0,"relics_obtained":["Matryoshka"],"max_hp_gain":0,"max_hp_loss":0,"event_name":"Dead Adventurer","floor":10,"gold_loss":0},{"damage_healed":0,"gold_gain":0,"player_choice":"Fought Mushrooms","damage_taken":0,"max_hp_gain":0,"max_hp_loss":0,"event_name":"Mushrooms","floor":11,"gold_loss":0}],"is_beta":false,"boss_relics":[],"items_purged_floors":[],"is_endless":false,"potions_floor_spawned":[1,11,14],"killed_by":"Slime Boss","ascension_level":0}