{"path_per_floor":["M","?","M","M","M","E","R","E","T","R","?","?","M","$","R","B",null,"M","M","$","M","?"],"character_chosen":"DEFECT","items_purchased":["War Paint","Regal Pillow"],"gold_per_floor":[13,13,26,45,65,94,94,119,143,143,173,173,192,36,36,125,125,140,160,15,28,28,28],"floor_reached":23,"campfire_rested":3,"playtime":1070,"current_hp_per_floor":[65,65,63,55,44,12,34,28,35,59,26,26,22,22,44,33,65,48,19,19,5,5,0],"items_purged":[],"gold":28,"score":332,"play_id":"da7863d7-3111-4805-b761-48988f4c9221","local_time":"20180507165040","is_prod":false,"is_daily":false,"chose_seed":false,"is_ascension_mode":true,"campfire_upgraded":0,"timestamp":1525729840,"path_taken":["M","?","M","M","M","E","R","E","T","R","?","?","M","$","R","BOSS","M","M","$","M","?","E"],"build_version":"2018-05-03","seed_source_timestamp":881998899000298,"purchased_purges":0,"victory":false,"master_deck":["Strike_B","Defend_B","Defend_B","Defend_B","Defend_B","Zap","Dualcast","AscendersBane","Ball Lightning","Consume+1","Multi-Cast+1","Beam Cell","Cold Snap","Ball Lightning","Go for the Eyes","Echo Form","Conserve Battery","FTL"],"max_hp_per_floor":[75,75,75,75,75,75,75,75,82,82,82,76,76,76,76,76,76,76,76,76,76,76,76],"relics":["Cracked Core","Bottled Lightning","Bag of Marbles","Strawberry","Tiny Chest","Golden Idol","War Paint","Nuclear Battery","Regal Pillow"],"card_choices":[{"not_picked":["Impulse","Sunder"],"picked":"Beam Cell","floor":4},{"not_picked":["Rebound","Hologram"],"picked":"Cold Snap","floor":5},{"not_picked":["Turbo","Capacitor"],"picked":"Ball Lightning","floor":8},{"not_picked":["Doom and Gloom","Beam Cell"],"picked":"Go for the Eyes","floor":13},{"not_picked":["Prime","Fission"],"picked":"Echo Form","floor":16},{"not_picked":["Consume","Loop"],"picked":"Conserve Battery","floor":18},{"not_picked":["Beam Cell","Force Field"],"picked":"FTL","floor":21}],"player_experience":185442,"potions_floor_usage":[8,8,8,21,23,23],"damage_taken":[{"damage":3,"enemies":"2 Louse","floor":1,"turns":3},{"damage":2,"enemies":"Jaw Worm","floor":3,"turns":3},{"damage":8,"enemies":"Small Slimes","floor":4,"turns":4},{"damage":11,"enemies":"3 Louse","floor":5,"turns":3},{"damage":32,"enemies":"3 Sentries","floor":6,"turns":7},{"damage":6,"enemies":"Gremlin Nob","floor":8,"turns":3},{"damage":4,"enemies":"Blue Slaver","floor":13,"turns":3},{"damage":11,"enemies":"Hexaghost","floor":16,"turns":9},{"damage":17,"enemies":"Spheric Guardian","floor":18,"turns":4},{"damage":29,"enemies":"2 Thieves","floor":19,"turns":5},{"damage":14,"enemies":"Snake Plant","floor":21,"turns":3},{"damage":12,"enemies":"Book of Stabbing","floor":23,"turns":2}],"event_choices":[{"event_name":"Living Wall","player_choice":"Change","floor":2,"damage_taken":0},{"event_name":"Scrap Ooze","player_choice":"success","floor":11,"damage_taken":33},{"event_name":"Golden Idol","player_choice":"Lose Max HP","floor":12,"damage_taken":0},{"event_name":"Vampires","player_choice":"Ignored","floor":22,"damage_taken":0}],"boss_relics":[{"not_picked":["Philosopher\u0027s Stone","Eternal Feather"],"picked":"Nuclear Battery"}],"potions_floor_spawned":[4,5,6,13,18,21],"seed_played":"-629007103787413951","killed_by":"Book of Stabbing","ascension_level":13,"is_trial":false}