{"path_per_floor":["M","$","M","?","$","R","M","R","T","M","M","M","M","$","R","B",null,"M","?","?","$","M","R","?","M","T","M","M","R","$","M","R","B",null,"M","?","?","?","M","R","?","R","T","M","M","M","?","$","R","B"],"character_chosen":"THE_SILENT","items_purchased":[],"gold_per_floor":[114,39,53,53,53,53,66,66,66,85,101,118,138,38,38,138,138,138,138,138,13,13,13,13,13,13,13,13,13,13,13,13,13,13,13,13,13,0,0,0,0,0,0,0,0,0,0,0,0,0],"floor_reached":51,"campfire_rested":1,"playtime":3384,"current_hp_per_floor":[61,61,59,64,64,64,64,64,64,52,52,52,36,36,36,31,59,58,58,58,58,57,57,57,57,57,45,45,45,45,36,56,32,59,59,59,59,59,59,59,68,68,82,82,70,70,70,70,70,67],"items_purged":["Grand Finale","Strike_G","Strike_G"],"gold":0,"score":667,"play_id":"08600c01-145b-48da-b6df-f28cebc690f8","is_prod":false,"is_daily":false,"is_ascension_mode":true,"campfire_upgraded":5,"path_taken":["M","$","?","?","$","R","M","R","T","M","M","M","M","?","R","BOSS","M","?","?","?","M","R","?","M","T","M","?","R","$","M","R","BOSS","M","?","?","?","?","R","?","R","T","M","M","M","?","?","R","BOSS"],"build_version":"2018-02-22-PROD2","purchased_purges":3,"victory":true,"master_deck":["Defend_G","Defend_G","Defend_G+1","Survivor+1","Neutralize","Backflip+1","Noxious Fumes+1","Backflip+1","Well Laid Plans+1","Adrenaline","Dash+1","Flechettes+1"],"max_hp_per_floor":[63,63,63,68,68,68,68,68,68,68,68,68,68,68,68,68,68,68,68,68,68,68,68,68,68,68,68,68,68,68,68,68,68,68,68,68,68,68,68,68,68,68,82,82,82,82,82,82,82,82],"relics":["Ring of the Snake","Peace Pipe","Ectoplasm","Snake Skull","Velvet Choker","Red Mask","Mango"],"card_choices":[{"not_picked":["Eviscerate","Dagger Spray"],"picked":"Backflip"},{"not_picked":["Blur","Leg Sweep"],"picked":"Noxious Fumes"},{"not_picked":["Dagger Spray","Deflect"],"picked":"Backflip"},{"not_picked":["PiercingWail","Malaise"],"picked":"Well Laid Plans"},{"not_picked":["Venomology","Envenom"],"picked":"Adrenaline"},{"not_picked":["Flying Knee","Dodge and Roll"],"picked":"Dash"},{"not_picked":["Acrobatics","Skewer"],"picked":"Flechettes"}],"player_experience":184622,"potions_floor_usage":[16,18,33,33,50],"damage_taken":[{"damage":2,"enemies":"Cultist","floor":1,"turns":4},{"damage":2,"enemies":"Small Slimes","floor":3,"turns":4},{"damage":0,"enemies":"Jaw Worm","floor":7,"turns":4},{"damage":12,"enemies":"Exordium Thugs","floor":10,"turns":5},{"damage":0,"enemies":"Large Slime","floor":11,"turns":5},{"damage":0,"enemies":"2 Fungi Beasts","floor":12,"turns":4},{"damage":16,"enemies":"Exordium Thugs","floor":13,"turns":7},{"damage":5,"enemies":"Hexaghost","floor":16,"turns":9},{"damage":1,"enemies":"3 Byrds","floor":18,"turns":4},{"damage":1,"enemies":"Shell Parasite","floor":22,"turns":6},{"damage":0,"enemies":"Snecko","floor":25,"turns":7},{"damage":12,"enemies":"Slaver and Parasite","floor":27,"turns":6},{"damage":0,"enemies":"Centurion and Healer","floor":28,"turns":7},{"damage":9,"enemies":"3 Cultists","floor":31,"turns":6},{"damage":36,"enemies":"Automaton","floor":33,"turns":13},{"damage":0,"enemies":"Orb Walker","floor":35,"turns":5},{"damage":0,"enemies":"3 Darklings","floor":39,"turns":7},{"damage":0,"enemies":"Sphere and 2 Shapes","floor":44,"turns":5},{"damage":12,"enemies":"Maw","floor":45,"turns":11},{"damage":0,"enemies":"3 Darklings","floor":46,"turns":5},{"damage":3,"enemies":"Awakened One","floor":50,"turns":16}],"event_choices":[{"event_name":"Big Fish","player_choice":"Donut","floor":4,"damage_taken":0},{"event_name":"The Mausoleum","player_choice":"No","floor":19,"damage_taken":0},{"event_name":"Back to Basics","player_choice":"Elegance","floor":20,"damage_taken":0},{"event_name":"Beggar","player_choice":"Ignored","floor":24,"damage_taken":0},{"event_name":"Mysterious Sphere","player_choice":"Ignore","floor":37,"damage_taken":0},{"event_name":"Tomb of Lord Red Mask","player_choice":"Paid","floor":38,"damage_taken":0},{"event_name":"Winding Halls","player_choice":"Writhe","floor":41,"damage_taken":0},{"event_name":"Accursed Blacksmith","player_choice":"Forge","floor":47,"damage_taken":0}],"boss_relics":[{"not_picked":["Philosopher\u0027s Stone","Eternal Feather"],"picked":"Ectoplasm"},{"not_picked":["Pandora\u0027s Box","Cursed Key"],"picked":"Velvet Choker"}],"potions_floor_spawned":[3,7,12,16,27,31,35,39,44],"seed_played":"3535964376802767055","ascension_level":8,"is_trial":false}