{"gold_per_floor":[10,10,24,24,44,70,70,70,70,91,91,125,125,144,144,240,240,259,274,274,274,284,284,316,316,316,332,138,172,199,124,124,124],"floor_reached":33,"playtime":1493,"items_purged":["Decay"],"score":642,"play_id":"30711cef-ab33-4606-b658-8279cd947175","local_time":"20181223112929","is_ascension_mode":true,"campfire_choices":[{"data":"Whirlwind","floor":8,"key":"SMITH"},{"data":"Carnage","floor":11,"key":"SMITH"},{"data":"Shrug It Off","floor":13,"key":"SMITH"},{"data":"Shrug It Off","floor":15,"key":"SMITH"},{"data":"Seeing Red","floor":23,"key":"SMITH"},{"data":"Seeing Red","floor":25,"key":"SMITH"},{"data":"Flex","floor":32,"key":"SMITH"}],"neow_cost":"NO_GOLD","seed_source_timestamp":149494102946367,"circlet_count":0,"master_deck":["AscendersBane","Strike_R+1","Strike_R","Strike_R","Defend_R+1","Defend_R","Defend_R","Bash","Seeing Red+1","Carnage+1","Whirlwind+1","Seeing Red+1","Shrug It Off+1","Shrug It Off+1","Reaper","Rampage","Ghostly","Ghostly","Ghostly","Ghostly","Ghostly","Flex+1","Infernal Blade+1"],"relics":["Burning Blood","Pantograph","Bloody Idol","Smiling Mask","Thread and Needle","Cursed Key","WingedGreaves","Shuriken","PreservedInsect","Orichalcum","Strawberry"],"potions_floor_usage":[12,12,16,16,27,33],"damage_taken":[{"damage":6,"enemies":"Cultist","floor":1,"turns":4},{"damage":0,"enemies":"2 Louse","floor":3,"turns":3},{"damage":0,"enemies":"Small Slimes","floor":5,"turns":2},{"damage":18,"enemies":"Gremlin Nob","floor":6,"turns":3},{"damage":13,"enemies":"Blue Slaver","floor":10,"turns":3},{"damage":15,"enemies":"Lagavulin","floor":12,"turns":3},{"damage":3,"enemies":"Exordium Wildlife","floor":14,"turns":3},{"damage":39,"enemies":"Slime Boss","floor":16,"turns":8},{"damage":2,"enemies":"Shell Parasite","floor":18,"turns":4},{"damage":24,"enemies":"3 Byrds","floor":19,"turns":4},{"damage":0,"enemies":"Snake Plant","floor":22,"turns":5},{"damage":25,"enemies":"Slavers","floor":24,"turns":7},{"damage":6,"enemies":"Centurion and Healer","floor":27,"turns":6},{"damage":0,"enemies":"Gremlin Leader","floor":29,"turns":5},{"damage":0,"enemies":"Book of Stabbing","floor":30,"turns":5},{"damage":45,"enemies":"Champ","floor":33,"turns":9}],"seed_played":"-2798235431517173372","potions_obtained":[{"floor":1,"key":"Strength Potion"},{"floor":6,"key":"Fire Potion"},{"floor":12,"key":"Fire Potion"},{"floor":14,"key":"Explosive Potion"},{"floor":18,"key":"EssenceOfSteel"},{"floor":29,"key":"GamblersBrew"}],"is_trial":false,"path_per_floor":["M","?","M","?","M","E","?","R","T","M","R","E","R","M","R","B",null,"M","M","?","?","M","R","E","R","T","M","$","E","E","?","R","B"],"character_chosen":"IRONCLAD","items_purchased":["PreservedInsect"],"campfire_rested":0,"item_purchase_floors":[28],"current_hp_per_floor":[68,53,59,75,75,63,63,63,63,56,56,47,47,50,50,36,61,65,51,51,34,34,34,20,20,20,29,29,34,41,41,41,0],"gold":124,"neow_bonus":"REMOVE_TWO","is_prod":false,"is_daily":false,"chose_seed":false,"campfire_upgraded":7,"win_rate":0,"timestamp":1545535769,"path_taken":["M","?","M","?","M","E","?","R","T","M","R","E","R","M","R","BOSS","M","M","?","?","M","R","E","R","T","M","$","E","E","?","R","BOSS"],"build_version":"2018-12-20","purchased_purges":1,"victory":false,"max_hp_per_floor":[75,75,75,75,75,75,69,69,69,69,69,69,69,69,69,69,69,69,69,69,34,34,34,34,34,34,34,34,34,41,41,41,41],"card_choices":[{"not_picked":["Corruption","Wild Strike"],"picked":"Seeing Red","floor":1},{"not_picked":["Disarm","Evolve"],"picked":"Carnage","floor":3},{"not_picked":["Body Slam","Feel No Pain","Wild Strike"],"picked":"SKIP","floor":5},{"not_picked":["Cleave","Shrug It Off"],"picked":"Whirlwind","floor":6},{"not_picked":["Disarm","Shrug It Off"],"picked":"Seeing Red","floor":10},{"not_picked":["Sword Boomerang","Evolve"],"picked":"Shrug It Off","floor":12},{"not_picked":["Headbutt","Heavy Blade"],"picked":"Shrug It Off","floor":14},{"not_picked":["Exhume","Dark Embrace"],"picked":"Reaper","floor":16},{"not_picked":["Pommel Strike","Entrench+1"],"picked":"Rampage","floor":18},{"not_picked":["Clothesline","Wild Strike","Burning Pact"],"picked":"SKIP","floor":19},{"not_picked":["Heavy Blade","Headbutt","Armaments+1"],"picked":"SKIP","floor":22},{"not_picked":["Armaments","Infernal Blade","Uppercut"],"picked":"SKIP","floor":24},{"not_picked":["Warcry","Havoc"],"picked":"Flex","floor":27},{"not_picked":["Fiend Fire","Warcry+1"],"picked":"Infernal Blade+1","floor":29},{"not_picked":["Infernal Blade","Searing Blow","Warcry"],"picked":"SKIP","floor":30}],"player_experience":602285,"relics_obtained":[{"floor":6,"key":"Pantograph"},{"floor":9,"key":"Smiling Mask"},{"floor":12,"key":"Thread and Needle"},{"floor":24,"key":"WingedGreaves"},{"floor":26,"key":"Shuriken"},{"floor":29,"key":"Orichalcum"},{"floor":30,"key":"Strawberry"}],"event_choices":[{"damage_healed":0,"gold_gain":0,"player_choice":"Entered Light","damage_taken":15,"max_hp_gain":0,"max_hp_loss":0,"event_name":"Shining Light","floor":2,"gold_loss":0,"cards_upgraded":["Strike_R","Defend_R"]},{"damage_healed":25,"gold_gain":0,"player_choice":"Banana","damage_taken":0,"max_hp_gain":0,"max_hp_loss":0,"event_name":"Big Fish","floor":4,"gold_loss":0},{"damage_healed":0,"gold_gain":0,"player_choice":"Lose Max HP","damage_taken":0,"relics_obtained":["Golden Idol"],"max_hp_gain":0,"max_hp_loss":6,"event_name":"Golden Idol","floor":7,"gold_loss":0},{"damage_healed":0,"gold_gain":0,"player_choice":"Gave Idol","damage_taken":0,"relics_obtained":["Bloody Idol"],"max_hp_gain":0,"max_hp_loss":0,"event_name":"Forgotten Altar","floor":20,"relics_lost":["Golden Idol"],"gold_loss":0},{"damage_healed":0,"gold_gain":0,"player_choice":"Became a Ghost","damage_taken":0,"max_hp_gain":0,"max_hp_loss":35,"event_name":"Ghosts","floor":21,"gold_loss":0,"cards_obtained":["Ghostly","Ghostly","Ghostly","Ghostly","Ghostly"]},{"cards_removed":["Strike_R"],"damage_healed":0,"gold_gain":0,"player_choice":"Gave Gold","damage_taken":0,"max_hp_gain":0,"max_hp_loss":0,"event_name":"Beggar","floor":31,"gold_loss":75}],"is_beta":false,"boss_relics":[{"not_picked":["Tiny House","Lizard Tail"],"picked":"Cursed Key"}],"items_purged_floors":[28],"is_endless":false,"potions_floor_spawned":[1,6,10,12,14,18,29],"killed_by":"Champ","ascension_level":14}