{"gold_per_floor":[115,115,125,125,143,143,157,172,172,190,212,212,212,235,235,334,334,346,117,117,117,131,131,142,142,168,168,188,188,198,228,228,228],"floor_reached":33,"playtime":1688,"items_purged":["Strike_B"],"score":284,"play_id":"8b0c0f2f-b74c-408b-bf30-c61249e74ed3","local_time":"20180724184516","is_ascension_mode":true,"campfire_choices":[{"data":"Zap","floor":6,"key":"SMITH"},{"data":"Conserve Battery","floor":13,"key":"SMITH"},{"data":"Sweeping Beam","floor":15,"key":"SMITH"},{"data":"Dualcast","floor":23,"key":"SMITH"},{"data":"Loop","floor":25,"key":"SMITH"},{"data":"Seek","floor":27,"key":"SMITH"},{"data":"Gash","floor":29,"key":"SMITH"},{"floor":32,"key":"REST"}],"neow_cost":"","seed_source_timestamp":247773738158775,"circlet_count":0,"master_deck":["Strike_B","Defend_B","Defend_B","Defend_B","Defend_B","Zap+1","Dualcast+1","Go for the Eyes","Conserve Battery+1","Sweeping Beam+1","Go for the Eyes","Go for the Eyes","Echo Form","Seek+1","Gash+1","Rebound+1","Loop+1","Steam+1","Writhe"],"relics":["Cracked Core","Mercury Hourglass","Odd Mushroom","Lantern","Busted Crown","Happy Flower","Centennial Puzzle","Tiny Chest"],"potions_floor_usage":[8,33,33],"damage_taken":[{"damage":0,"enemies":"2 Louse","floor":1,"turns":3},{"damage":0,"enemies":"Small Slimes","floor":3,"turns":2},{"damage":6,"enemies":"Cultist","floor":5,"turns":4},{"damage":11,"enemies":"Exordium Thugs","floor":7,"turns":6},{"damage":2,"enemies":"Gremlin Gang","floor":8,"turns":2},{"damage":1,"enemies":"Looter","floor":10,"turns":2},{"damage":9,"floor":11,"turns":3},{"damage":34,"enemies":"Slime Boss","floor":16,"turns":9},{"damage":2,"enemies":"3 Byrds","floor":18,"turns":4},{"damage":13,"enemies":"2 Thieves","floor":22,"turns":4},{"damage":12,"enemies":"Chosen and Byrds","floor":24,"turns":5},{"damage":13,"enemies":"Cultist and Chosen","floor":28,"turns":5},{"damage":13,"enemies":"3 Cultists","floor":30,"turns":5},{"damage":55,"enemies":"Collector","floor":33,"turns":11}],"seed_played":"-1053951364551110176","potions_obtained":[{"floor":1,"key":"Weak Potion"},{"floor":5,"key":"Explosive Potion"},{"floor":8,"key":"Strength Potion"},{"floor":10,"key":"Energy Potion"},{"floor":28,"key":"Block Potion"}],"is_trial":false,"path_per_floor":["M","?","M","?","M","R","M","M","T","M","?","?","R","T","R","B",null,"M","$","?","?","M","R","M","R","T","R","M","R","M","?","R"],"character_chosen":"DEFECT","items_purchased":["Happy Flower"],"campfire_rested":1,"item_purchase_floors":[19],"current_hp_per_floor":[75,80,80,80,74,74,63,61,61,60,51,44,44,44,44,10,80,78,78,78,78,65,65,53,53,53,53,40,40,27,27,51,0],"gold":228,"neow_bonus":"","is_prod":false,"is_daily":false,"chose_seed":false,"campfire_upgraded":7,"win_rate":0,"timestamp":1532429116,"path_taken":["M","?","M","?","?","R","M","M","T","?","?","?","R","?","R","BOSS","M","$","?","?","M","R","?","R","T","R","M","R","M","?","R","BOSS"],"build_version":"2018-07-19v2","purchased_purges":1,"victory":false,"max_hp_per_floor":[75,80,80,80,80,80,80,80,80,80,80,80,80,80,80,80,80,80,80,80,80,80,80,80,80,80,80,80,80,80,80,80,80],"card_choices":[{"not_picked":["Skim","Rebound"],"picked":"Go for the Eyes","floor":1},{"not_picked":["Consume","Steam Power","Chaos"],"picked":"SKIP","floor":3},{"not_picked":["Ball Lightning","Leap"],"picked":"Conserve Battery","floor":5},{"not_picked":["Darkness","Hello World"],"picked":"Sweeping Beam","floor":7},{"not_picked":["Barrage","Compile Driver"],"picked":"Go for the Eyes","floor":8},{"not_picked":["Blizzard","Scrape"],"picked":"Go for the Eyes","floor":10},{"not_picked":["White Noise","Streamline"],"picked":"Echo Form","floor":11},{"not_picked":["Amplify","Biased Cognition"],"picked":"Seek","floor":16},{"not_picked":[],"picked":"Gash","floor":18},{"not_picked":[],"picked":"Rebound+1","floor":22},{"not_picked":[],"picked":"Loop","floor":24},{"not_picked":[],"picked":"Steam+1","floor":28},{"not_picked":["Chaos"],"picked":"SKIP","floor":30}],"player_experience":224636,"relics_obtained":[{"floor":9,"key":"Mercury Hourglass"},{"floor":11,"key":"Odd Mushroom"},{"floor":14,"key":"Lantern"},{"floor":26,"key":"Centennial Puzzle"}],"event_choices":[{"event_name":"Big Fish","player_choice":"Donut","floor":2,"damage_taken":0},{"event_name":"Golden Idol","player_choice":"Ignored","floor":4,"damage_taken":0},{"event_name":"Mushrooms","player_choice":"Fought Mushrooms","floor":11,"damage_taken":0},{"event_name":"Golden Wing","player_choice":"Card Removal","floor":12,"damage_taken":0},{"event_name":"Back to Basics","player_choice":"Elegance","floor":20,"damage_taken":0},{"event_name":"Drug Dealer","player_choice":"Ignored","floor":21,"damage_taken":0},{"event_name":"The Mausoleum","player_choice":"Yes","floor":31,"damage_taken":0}],"is_beta":false,"boss_relics":[{"not_picked":["Calling Bell","Coffee Dripper"],"picked":"Busted Crown"}],"items_purged_floors":[19],"is_endless":false,"potions_floor_spawned":[1,5,8,10,16,28],"killed_by":"Collector","ascension_level":4}