{"gold_per_floor":[119,133,143,161,178,205,205,233,286,298,175,187,187,137,137,242,242,254,270,25,41,41,41,41,41,117,129,144,144,154,154],"floor_reached":31,"playtime":1777,"items_purged":["Strike_B","Strike_B","Strike_B"],"score":264,"play_id":"6276d229-54e9-4f51-9c7a-7fc2798b7956","local_time":"20190520050135","is_ascension_mode":true,"campfire_choices":[{"floor":7,"key":"REST"},{"floor":13,"key":"REST"},{"data":"Static Discharge","floor":15,"key":"SMITH"},{"floor":23,"key":"REST"},{"floor":25,"key":"REST"}],"neow_cost":"NONE","seed_source_timestamp":75267579800,"circlet_count":0,"master_deck":["Strike_B","Defend_B","Defend_B","Defend_B","Defend_B+1","Zap+1","Dualcast","All For One","Beam Cell","Static Discharge+1","Gash","FTL","Rebound","Defragment+1","Gash","Amplify","Reprogram","Self Repair+1","Consume+1","Self Repair+1","Defragment+1","Decay","Gash"],"relics":["Cracked Core","Frozen Egg 2","DataDisk","Smiling Mask","Fusion Hammer","War Paint","Dodecahedron"],"potions_floor_usage":[5,6,8,16,21,21,28,30,31],"damage_taken":[{"damage":1,"enemies":"2 Louse","floor":1,"turns":2},{"damage":1,"enemies":"Cultist","floor":2,"turns":3},{"damage":5,"enemies":"Small Slimes","floor":3,"turns":3},{"damage":9,"enemies":"Exordium Wildlife","floor":4,"turns":3},{"damage":0,"enemies":"Looter","floor":5,"turns":3},{"damage":29,"enemies":"Gremlin Nob","floor":6,"turns":4},{"damage":13,"enemies":"3 Sentries","floor":8,"turns":5},{"damage":0,"enemies":"2 Fungi Beasts","floor":10,"turns":2},{"damage":0,"enemies":"Large Slime","floor":12,"turns":4},{"damage":11,"enemies":"Slime Boss","floor":16,"turns":6},{"damage":20,"enemies":"Shell Parasite","floor":18,"turns":3},{"damage":14,"enemies":"3 Byrds","floor":19,"turns":5},{"damage":18,"enemies":"3 Cultists","floor":21,"turns":3},{"damage":39,"enemies":"Snecko","floor":27,"turns":5},{"damage":26,"enemies":"Centurion and Healer","floor":28,"turns":3},{"damage":10,"enemies":"Chosen and Byrds","floor":30,"turns":3},{"damage":60,"enemies":"Gremlin Leader","floor":31,"turns":4}],"seed_played":"-2356370512847895398","potions_obtained":[{"floor":2,"key":"FocusPotion"},{"floor":4,"key":"SkillPotion"},{"floor":6,"key":"Block Potion"},{"floor":8,"key":"LiquidBronze"},{"floor":12,"key":"AttackPotion"},{"floor":16,"key":"GamblersBrew"},{"floor":21,"key":"Explosive Potion"},{"floor":27,"key":"Ancient Potion"},{"floor":28,"key":"FairyPotion"},{"floor":30,"key":"Swift Potion"}],"is_trial":false,"path_per_floor":["M","M","M","M","M","E","R","E","T","M","$","M","R","$","R","B",null,"M","M","$","M","?","R","$","R","T","M","M","?","M","E"],"character_chosen":"DEFECT","items_purchased":["Defragment+1","Self Repair+1","War Paint"],"campfire_rested":4,"item_purchase_floors":[11,20,20],"current_hp_per_floor":[74,73,68,59,59,30,52,39,39,39,39,39,61,61,61,50,75,55,41,41,33,33,55,55,75,75,46,30,30,50,0],"gold":154,"neow_bonus":"ONE_RANDOM_RARE_CARD","is_prod":false,"is_daily":false,"chose_seed":false,"campfire_upgraded":1,"win_rate":0,"timestamp":1558339295,"path_taken":["M","M","M","M","M","E","R","E","T","M","$","M","R","$","R","BOSS","M","M","$","M","?","R","$","R","T","M","M","?","M","E"],"build_version":"2019-01-23","purchased_purges":3,"victory":false,"max_hp_per_floor":[75,75,75,75,75,75,75,75,75,75,75,75,75,75,75,75,75,75,75,75,75,75,75,75,75,75,75,75,75,75,75],"card_choices":[{"not_picked":["Redo","Sweeping Beam"],"picked":"Beam Cell","floor":1},{"not_picked":["Stack","Redo"],"picked":"Static Discharge","floor":2},{"not_picked":["Sweeping Beam","Hologram","Coolheaded"],"picked":"SKIP","floor":3},{"not_picked":["Undo","Barrage","Rebound"],"picked":"SKIP","floor":4},{"not_picked":["Lockon","Conserve Battery"],"picked":"Gash","floor":5},{"not_picked":["Reinforced Body","Cold Snap"],"picked":"FTL","floor":6},{"not_picked":["Rainbow","Ball Lightning","Steam"],"picked":"SKIP","floor":8},{"not_picked":["Compile Driver","Leap"],"picked":"Rebound","floor":10},{"not_picked":["Chill","Compile Driver"],"picked":"Gash","floor":12},{"not_picked":["Biased Cognition+1","Multi-Cast"],"picked":"Amplify","floor":16},{"not_picked":["Steam","Cold Snap"],"picked":"Reprogram","floor":18},{"not_picked":["Aggregate","Turbo","Steam"],"picked":"SKIP","floor":19},{"not_picked":["Cold Snap","Beam Cell"],"picked":"Consume+1","floor":21},{"not_picked":["Steam","Rebound+1"],"picked":"Self Repair+1","floor":27},{"not_picked":["White Noise","Sunder"],"picked":"Defragment+1","floor":28},{"not_picked":["Steam+1","Doom and Gloom+1"],"picked":"Gash","floor":30}],"player_experience":200339,"relics_obtained":[{"floor":6,"key":"Frozen Egg 2"},{"floor":8,"key":"DataDisk"},{"floor":9,"key":"Smiling Mask"},{"floor":26,"key":"Dodecahedron"}],"event_choices":[{"damage_healed":0,"gold_gain":0,"player_choice":"Ignored","damage_taken":0,"max_hp_gain":0,"max_hp_loss":0,"event_name":"Beggar","floor":22,"gold_loss":0},{"damage_healed":0,"gold_gain":0,"player_choice":"Cursed","damage_taken":0,"max_hp_gain":0,"max_hp_loss":0,"event_name":"Wheel of Change","floor":29,"gold_loss":0,"cards_obtained":["Decay"]}],"is_beta":false,"boss_relics":[{"not_picked":["Calling Bell","Snecko Eye"],"picked":"Fusion Hammer"}],"items_purged_floors":[11,14,20],"is_endless":false,"potions_floor_spawned":[2,4,6,8,12,16,21,27,28,30],"killed_by":"Gremlin Leader","ascension_level":1}