{"gold_per_floor":[112,112,112,132,132,132,155,179,179,202,202],"floor_reached":11,"playtime":208,"items_purged":[],"score":65,"play_id":"712c9e6c-857a-48a6-9036-c1a4b324cc3e","local_time":"20180816130107","is_ascension_mode":false,"campfire_choices":[{"data":"Bash","floor":6,"key":"SMITH"}],"neow_cost":"TEN_PERCENT_HP_LOSS","seed_source_timestamp":18811356439419,"circlet_count":0,"master_deck":["Strike_R","Strike_R","Strike_R","Strike_R","Strike_R","Defend_R","Defend_R","Defend_R","Defend_R","Bash+1","Pommel Strike","Cleave"],"relics":["Burning Blood","Unceasing Top","Golden Idol","Turnip","Torii"],"potions_floor_usage":[8],"damage_taken":[{"damage":1,"enemies":"Cultist","floor":1,"turns":4},{"damage":6,"enemies":"2 Louse","floor":4,"turns":4},{"damage":0,"enemies":"Small Slimes","floor":7,"turns":3},{"damage":10,"enemies":"Looter","floor":8,"turns":3},{"damage":16,"enemies":"Blue Slaver","floor":10,"turns":5},{"damage":16,"enemies":"Large Slime","floor":11,"turns":2}],"seed_played":"-3402876921641122394","potions_obtained":[{"floor":1,"key":"LiquidBronze"},{"floor":4,"key":"SteroidPotion"},{"floor":8,"key":"PowerPotion"}],"is_trial":false,"path_per_floor":["M","?","?","M","?","R","M","M","T","M"],"character_chosen":"IRONCLAD","items_purchased":[],"campfire_rested":0,"item_purchase_floors":[],"current_hp_per_floor":[72,54,21,21,21,21,27,23,23,13,0],"gold":202,"neow_bonus":"ONE_RARE_RELIC","is_prod":false,"is_daily":false,"chose_seed":false,"campfire_upgraded":1,"win_rate":0,"timestamp":1534395667,"path_taken":["M","?","?","M","?","R","?","M","T","M","M"],"build_version":"2018-08-09","purchased_purges":0,"victory":false,"max_hp_per_floor":[72,72,72,72,72,72,72,72,72,72,72],"card_choices":[{"not_picked":["Pummel","Twin Strike","Havoc"],"picked":"SKIP","floor":1},{"not_picked":["Searing Blow","Havoc"],"picked":"Pommel Strike","floor":4},{"not_picked":["Perfected Strike","Searing Blow","Rupture"],"picked":"SKIP","floor":7},{"not_picked":["Metallicize","Havoc","Wild Strike"],"picked":"SKIP","floor":8},{"not_picked":["Juggernaut","Spot Weakness"],"picked":"Cleave","floor":10}],"player_experience":472649,"relics_obtained":[{"floor":9,"key":"Torii"}],"event_choices":[{"event_name":"Golden Idol","player_choice":"Take Damage","floor":2,"damage_taken":0},{"event_name":"Scrap Ooze","player_choice":"success","floor":3,"damage_taken":33},{"event_name":"Liars Game","player_choice":"disagreed","floor":5,"damage_taken":0}],"is_beta":false,"boss_relics":[],"items_purged_floors":[],"is_endless":false,"potions_floor_spawned":[1,4,8],"killed_by":"Large Slime","ascension_level":0}