{"gold_per_floor":[119,134,134,134,134,169,194,217,217,217,15,15,40,55,55,175,175,188,188,188],"floor_reached":20,"playtime":940,"items_purged":["Strike_B"],"score":299,"play_id":"5dc09939-909b-4f80-866c-15b7ce7192b7","local_time":"20190614073115","is_ascension_mode":true,"campfire_choices":[{"data":"Sweeping Beam","floor":10.0,"key":"SMITH"},{"data":"Redo","floor":12.0,"key":"SMITH"},{"data":"Creative AI","floor":15.0,"key":"SMITH"}],"neow_cost":"NONE","seed_source_timestamp":307658079229400,"circlet_count":0,"master_deck":["AscendersBane","Zap","Dualcast","BootSequence","Doom and Gloom","Turbo","Sweeping Beam+1","Cold Snap","Creative AI+1","Redo+1","Conserve Battery","Gash","Electrodynamics","Self Repair","Darkness","Core Surge","Recycle","Blizzard","Heatsinks","Storm"],"special_seed":0,"relics":["Cracked Core","NeowsBlessing","Golden Idol","Vajra","Shuriken","Pandora\u0027s Box"],"potions_floor_usage":[],"damage_taken":[{"damage":0.0,"enemies":"Cultist","floor":1.0,"turns":1.0},{"damage":0.0,"enemies":"Jaw Worm","floor":2.0,"turns":1.0},{"damage":0.0,"enemies":"Lagavulin","floor":6.0,"turns":1.0},{"damage":0.0,"enemies":"2 Louse","floor":7.0,"turns":2.0},{"damage":0.0,"enemies":"Large Slime","floor":8.0,"turns":4.0},{"damage":10.0,"enemies":"Gremlin Gang","floor":13.0,"turns":4.0},{"damage":3.0,"enemies":"Blue Slaver","floor":14.0,"turns":3.0},{"damage":24.0,"enemies":"Slime Boss","floor":16.0,"turns":6.0},{"damage":34.0,"enemies":"2 Thieves","floor":18.0,"turns":3.0},{"damage":22,"enemies":"Colosseum Slavers","floor":19,"turns":4},{"damage":14,"enemies":"Shell Parasite","floor":20,"turns":2}],"seed_played":"-6324356623241354167","potions_obtained":[{"floor":1.0,"key":"SteroidPotion"},{"floor":7.0,"key":"SneckoOil"},{"floor":13.0,"key":"FocusPotion"},{"floor":14.0,"key":"Dexterity Potion"}],"is_trial":false,"path_per_floor":["M","M","?","?","?","E","M","M","T","R","$","R","M","M","R","B",null,"M","?","M"],"character_chosen":"DEFECT","items_purchased":["Creative AI","Redo"],"campfire_rested":0,"item_purchase_floors":[11,11],"current_hp_per_floor":[68,68,50,50,38,38,38,38,38,38,38,38,28,25,25,1,57,23,8,0],"gold":188,"neow_bonus":"THREE_ENEMY_KILL","is_prod":false,"is_daily":false,"chose_seed":false,"campfire_upgraded":3,"win_rate":0,"timestamp":1560490275,"path_taken":["M","M","?","?","?","E","M","M","T","R","?","R","M","M","R","BOSS","M","?","M"],"build_version":"2019-01-23","purchased_purges":1,"victory":false,"max_hp_per_floor":[75,75,75,75,75,75,75,75,75,75,75,75,75,75,75,75,75,75,75,75],"card_choices":[{"not_picked":["Genetic Algorithm","Go for the Eyes"],"picked":"BootSequence","floor":1.0},{"not_picked":["Stack","Leap"],"picked":"Doom and Gloom","floor":2.0},{"not_picked":["Fission","Barrage"],"picked":"Turbo","floor":6.0},{"not_picked":["Force Field","Steam Power"],"picked":"Sweeping Beam","floor":7.0},{"not_picked":["Undo","Barrage"],"picked":"Cold Snap","floor":8.0},{"not_picked":["Rebound","Turbo"],"picked":"Conserve Battery","floor":13.0},{"not_picked":["Beam Cell","Turbo"],"picked":"Gash","floor":14.0},{"not_picked":["Biased Cognition","Fission"],"picked":"Electrodynamics","floor":16.0},{"not_picked":["Hologram","Beam Cell"],"picked":"Storm","floor":18.0}],"player_experience":220762,"relics_obtained":[{"floor":6.0,"key":"Shuriken"}],"event_choices":[{"damage_healed":0.0,"max_hp_gain":0.0,"max_hp_loss":0.0,"gold_gain":0.0,"event_name":"Golden Idol","player_choice":"Take Damage","floor":3.0,"gold_loss":0.0,"damage_taken":18.0,"relics_obtained":["Golden Idol"]},{"cards_removed":["Strike_B"],"damage_healed":0.0,"max_hp_gain":0.0,"max_hp_loss":0.0,"gold_gain":0.0,"event_name":"Living Wall","player_choice":"Forget","floor":4.0,"gold_loss":0.0,"damage_taken":0.0},{"damage_healed":0.0,"max_hp_gain":0.0,"max_hp_loss":0.0,"gold_gain":0.0,"event_name":"Scrap Ooze","player_choice":"Success","floor":5.0,"gold_loss":0.0,"damage_taken":12.0,"relics_obtained":["Vajra"]},{"damage_healed":0,"gold_gain":0,"player_choice":"Fight","damage_taken":0,"max_hp_gain":0,"max_hp_loss":0,"event_name":"Colosseum","floor":19,"gold_loss":0},{"damage_healed":0,"gold_gain":0,"player_choice":"Fled From Nobs","damage_taken":0,"max_hp_gain":0,"max_hp_loss":0,"event_name":"Colosseum","floor":19,"gold_loss":0}],"is_beta":false,"boss_relics":[{"not_picked":["Black Star","Ectoplasm"],"picked":"Pandora\u0027s Box"}],"items_purged_floors":[11],"is_endless":false,"potions_floor_spawned":[1,7,13,14],"killed_by":"Shell Parasite","ascension_level":10}