{"path_per_floor":["M","?","$","M","$","R","E","R","T","$","E","R","?","M","R","B",null,"M","M","$","?","M"],"character_chosen":"DEFECT","items_purchased":["Barrage","Seek","Block Potion","Toxic Egg 2","Tempest","FTL"],"gold_per_floor":[210,210,14,27,27,27,62,62,62,10,339,339,289,309,309,387,387,405,418,42,42,54,54],"floor_reached":23,"campfire_rested":2,"playtime":950,"current_hp_per_floor":[63,56,56,47,47,47,13,34,34,34,22,43,43,41,41,19,58,44,28,28,28,21,0],"items_purged":[],"gold":54,"score":335,"play_id":"80246f03-ac75-4d62-8217-9bacf7b123e0","local_time":"20180509200315","is_prod":false,"is_daily":false,"chose_seed":false,"is_ascension_mode":true,"campfire_upgraded":2,"timestamp":1525914195,"path_taken":["M","?","?","M","$","R","E","R","T","$","E","R","?","M","R","BOSS","M","M","$","?","M","E"],"build_version":"2018-05-08","seed_source_timestamp":79844352366083,"purchased_purges":0,"victory":false,"master_deck":["Zap+1","Dualcast","AscendersBane","Leap","Barrage+1","Seek","Reinforced Body","Ball Lightning","Ball Lightning","Self Repair+1","Machine Learning+1","Rebound","Beam Cell","Axe Kick","Defragment","Rebound","Steam Power","Streamline","Leap","Leap","Tempest","FTL","Steam+1"],"max_hp_per_floor":[71,71,71,71,71,71,71,71,71,71,71,71,71,71,71,71,71,71,71,71,71,71,71],"relics":["Cracked Core","Prayer Wheel","Frozen Egg 2","Calipers","Old Coin","Pandora\u0027s Box","Toxic Egg 2"],"card_choices":[{"not_picked":["Axe Kick","Beam Cell"],"picked":"Leap","floor":1},{"not_picked":["Beam Cell","Rebound"],"picked":"Reinforced Body","floor":7},{"not_picked":["Capacitor","Static Discharge"],"picked":"Ball Lightning","floor":9},{"not_picked":["Steam","Barrage"],"picked":"Ball Lightning","floor":11},{"not_picked":["Aggregate","Skim"],"picked":"Self Repair","floor":14},{"not_picked":["Amplify","Rainbow"],"picked":"Machine Learning","floor":16},{"not_picked":["Rebound","Lockon"],"picked":"Leap","floor":18},{"not_picked":["Cold Snap","Coolheaded"],"picked":"Leap","floor":19},{"not_picked":["Ball Lightning","Capacitor"],"picked":"Steam","floor":22}],"player_experience":226985,"potions_floor_usage":[16,16,19],"damage_taken":[{"damage":1,"enemies":"Cultist","floor":1,"turns":3},{"damage":9,"enemies":"Small Slimes","floor":4,"turns":4},{"damage":34,"enemies":"Gremlin Nob","floor":7,"turns":4},{"damage":12,"enemies":"3 Sentries","floor":11,"turns":7},{"damage":2,"enemies":"Jaw Worm","floor":14,"turns":3},{"damage":32,"enemies":"Hexaghost","floor":16,"turns":11},{"damage":24,"enemies":"2 Thieves","floor":18,"turns":4},{"damage":26,"enemies":"3 Byrds","floor":19,"turns":4},{"damage":17,"enemies":"Centurion and Healer","floor":22,"turns":5},{"damage":34,"enemies":"Slavers","floor":23,"turns":1}],"event_choices":[{"event_name":"Scrap Ooze","player_choice":"success","floor":2,"damage_taken":7},{"event_name":"The Cleric","player_choice":"Card Removal","floor":13,"damage_taken":0},{"event_name":"Beggar","player_choice":"Ignored","floor":21,"damage_taken":0}],"boss_relics":[{"not_picked":["Snecko Eye","Philosopher\u0027s Stone"],"picked":"Pandora\u0027s Box"}],"potions_floor_spawned":[7,11,16,18],"seed_played":"-728504861527550626","killed_by":"Slavers","ascension_level":14,"is_trial":false}