{"path_per_floor":["M","?","M","?","?","R","E","R","T","M","?","?","$","M","R","B",null,"M","?","?","M","M","R","M","R","T","M","$","M","?","?","R","B",null,"M","$","M","M","M","R","M","?","T","M","R","?","M","M","R"],"character_chosen":"THE_SILENT","items_purchased":["Energy Potion","Caltrops","Backflip"],"gold_per_floor":[115,115,128,128,228,228,260,260,315,332,332,354,162,172,172,249,249,269,269,194,205,217,217,229,229,229,239,85,97,97,97,97,175,175,193,68,83,100,118,118,133,133,159,173,173,173,188,198,198],"floor_reached":50,"campfire_rested":5,"playtime":2732,"current_hp_per_floor":[62,62,58,58,58,58,20,40,40,40,62,46,46,34,54,22,56,50,50,50,50,46,46,46,46,46,46,46,33,55,47,47,38,60,60,60,60,36,32,52,46,38,38,32,52,52,52,32,52],"items_purged":["Strike_G","Strike_G","Strike_G"],"gold":198,"score":736,"play_id":"dddefd08-3b42-4f3c-b04a-4870834cd097","local_time":"20180322005448","is_prod":false,"is_daily":false,"is_ascension_mode":true,"campfire_upgraded":4,"timestamp":1521698088,"path_taken":["M","?","M","?","?","R","E","R","T","M","?","?","$","?","R","BOSS","M","?","?","M","M","R","M","R","T","M","$","M","?","?","R","BOSS","M","$","M","M","?","R","M","?","T","?","R","?","M","M","R","BOSS"],"build_version":"2018-03-15v3","purchased_purges":3,"victory":false,"master_deck":["Defend_G+1","Defend_G+1","Defend_G+1","Defend_G+1","Defend_G+1","Strike_G+1","Survivor","Neutralize+1","Bouncing Flask+1","Malaise+1","Caltrops","Noxious Fumes+1","Burst+1","Backflip+1","Madness","Madness"],"max_hp_per_floor":[70,67,67,67,67,67,67,67,67,67,67,67,67,67,67,67,67,67,67,67,67,67,67,67,67,67,67,67,67,67,67,67,67,67,67,67,67,67,67,67,67,67,67,67,67,67,67,67,67],"relics":["Ring of the Snake","Anchor","Bronze Scales","Odd Mushroom","Sozu","Tingsha","Runic Dome","Omamori"],"card_choices":[{"not_picked":["Choke","Dagger Throw"],"picked":"Bouncing Flask"},{"not_picked":["Skewer","Deflect"],"picked":"Malaise"},{"not_picked":["Outmaneuver","Flying Knee"],"picked":"Noxious Fumes"},{"not_picked":["Grand Finale","Tactician"],"picked":"Burst"}],"player_experience":317465,"potions_floor_usage":[12,16,50,50],"damage_taken":[{"damage":1,"enemies":"2 Louse","floor":1,"turns":4},{"damage":4,"enemies":"Jaw Worm","floor":3,"turns":3},{"damage":38,"enemies":"3 Sentries","floor":7,"turns":11},{"damage":0,"enemies":"Cultist","floor":10,"turns":4},{"damage":16,"enemies":"The Mushroom Lair","floor":12,"turns":4},{"damage":12,"enemies":"Exordium Thugs","floor":14,"turns":4},{"damage":32,"enemies":"Slime Boss","floor":16,"turns":10},{"damage":6,"enemies":"Spheric Guardian","floor":18,"turns":3},{"damage":0,"enemies":"Shell Parasite","floor":21,"turns":4},{"damage":4,"enemies":"Centurion and Healer","floor":22,"turns":7},{"damage":0,"enemies":"Snecko","floor":24,"turns":4},{"damage":0,"enemies":"Snake Plant","floor":27,"turns":4},{"damage":13,"enemies":"Centurion and Healer","floor":29,"turns":5},{"damage":9,"enemies":"Automaton","floor":33,"turns":11},{"damage":0,"enemies":"Orb Walker","floor":35,"turns":5},{"damage":0,"enemies":"3 Shapes","floor":37,"turns":4},{"damage":24,"enemies":"Sphere and 2 Shapes","floor":38,"turns":6},{"damage":4,"enemies":"3 Darklings","floor":39,"turns":5},{"damage":6,"enemies":"Maw","floor":41,"turns":7},{"damage":6,"enemies":"Sphere and 2 Shapes","floor":44,"turns":5},{"damage":0,"enemies":"4 Shapes","floor":47,"turns":5},{"damage":20,"enemies":"3 Darklings","floor":48,"turns":5},{"damage":62,"enemies":"Donu and Deca","floor":50,"turns":7}],"event_choices":[{"event_name":"Living Wall","player_choice":"Forget","floor":2,"damage_taken":0},{"event_name":"Accursed Blacksmith","player_choice":"Forge","floor":4,"damage_taken":0},{"event_name":"Golden Shrine","player_choice":"Pray","floor":5,"damage_taken":0},{"event_name":"Big Fish","player_choice":"Banana","floor":11,"damage_taken":0},{"event_name":"Mushrooms","player_choice":"Fought Mushrooms","floor":12,"damage_taken":0},{"event_name":"Back to Basics","player_choice":"Simplicity","floor":19,"damage_taken":0},{"event_name":"Beggar","player_choice":"Gave Gold","floor":20,"damage_taken":0},{"event_name":"The Library","player_choice":"Heal","floor":30,"damage_taken":0},{"event_name":"Knowing Skull","player_choice":"","floor":31,"damage_taken":0},{"event_name":"Winding Halls","player_choice":"Embrace Madness","floor":42,"damage_taken":0},{"event_name":"Upgrade Shrine","player_choice":"Upgraded","floor":46,"damage_taken":0}],"boss_relics":[{"not_picked":["Philosopher\u0027s Stone","Pandora\u0027s Box"],"picked":"Sozu"},{"not_picked":["Snecko Eye","Orrery"],"picked":"Runic Dome"}],"potions_floor_spawned":[3,10,16,22,27,39,41,47,48],"seed_played":"-8820756275094308436","killed_by":"Donu and Deca","ascension_level":13,"is_trial":false}