{"gold_per_floor":[112,112,130,21,21,54,54,78,78,78,89,37,50,67,67,166,166,184,184,194,194,212,212,212,212],"floor_reached":25,"playtime":1900,"items_purged":[],"score":226,"play_id":"b4ae6cdf-861e-4acd-b386-0d9da6e5077b","local_time":"20190121082939","is_ascension_mode":false,"campfire_choices":[{"data":"Metallicize","floor":7,"key":"SMITH"},{"data":"Iron Wave","floor":10,"key":"SMITH"},{"data":"Shrug It Off","floor":15,"key":"SMITH"},{"floor":23,"key":"REST"}],"neow_cost":"NONE","seed_source_timestamp":192952848052200,"circlet_count":0,"master_deck":["Strike_R","Strike_R","Strike_R","Strike_R","Strike_R","Defend_R","Defend_R","Defend_R","Bash","Iron Wave+1","Iron Wave","Juggernaut+1","Enlightenment","Body Slam","Metallicize+1","Dual Wield","Shrug It Off+1","True Grit","Cleave","Barricade","Sword Boomerang","J.A.X.","Body Slam+1","Armaments","Sever Soul","Feed","PanicButton"],"relics":["Burning Blood","NeowsBlessing","Dream Catcher","Centennial Puzzle","Gambling Chip","White Beast Statue"],"potions_floor_usage":[16,18,22,25],"damage_taken":[{"damage":0,"enemies":"Jaw Worm","floor":1,"turns":1},{"damage":0,"enemies":"Cultist","floor":3,"turns":1},{"damage":0,"enemies":"Lagavulin","floor":6,"turns":2},{"damage":0,"enemies":"2 Louse","floor":11,"turns":3},{"damage":4,"enemies":"Exordium Thugs","floor":13,"turns":5},{"damage":4,"enemies":"Exordium Wildlife","floor":14,"turns":3},{"damage":37,"enemies":"Slime Boss","floor":16,"turns":10},{"damage":32,"enemies":"2 Thieves","floor":18,"turns":4},{"damage":24,"enemies":"Shell Parasite","floor":20,"turns":7},{"damage":40,"enemies":"Sentry and Sphere","floor":22,"turns":7},{"damage":32,"enemies":"Snake Plant","floor":25,"turns":4}],"seed_played":"8375995444962204056","potions_obtained":[{"floor":6,"key":"SkillPotion"},{"floor":11,"key":"Strength Potion"},{"floor":14,"key":"PowerPotion"},{"floor":16,"key":"FairyPotion"},{"floor":18,"key":"SteroidPotion"},{"floor":20,"key":"Regen Potion"},{"floor":22,"key":"LiquidBronze"}],"is_trial":false,"path_per_floor":["M","?","M","$","?","E","R","T","T","R","M","$","M","M","R","B",null,"M","?","M","?","M","R","?","M"],"character_chosen":"IRONCLAD","items_purchased":["Enlightenment","Body Slam","Shrug It Off"],"campfire_rested":1,"item_purchase_floors":[4,4,12],"current_hp_per_floor":[80,80,80,80,80,80,80,80,80,80,80,80,80,80,80,49,80,54,54,36,36,20,44,28,0],"gold":212,"neow_bonus":"THREE_ENEMY_KILL","is_prod":false,"is_daily":false,"chose_seed":false,"campfire_upgraded":3,"win_rate":0.0,"timestamp":1548055779,"path_taken":["M","?","M","?","?","E","R","?","T","R","?","$","M","M","R","BOSS","M","?","M","?","M","R","?","M"],"build_version":"2019-01-17v2","purchased_purges":0,"victory":false,"max_hp_per_floor":[80,80,80,80,80,80,80,80,80,80,80,80,80,80,80,80,80,80,80,80,80,80,80,80,80],"card_choices":[{"not_picked":["Shrug It Off","Sever Soul"],"picked":"Iron Wave","floor":1},{"not_picked":["Headbutt","Armaments"],"picked":"Juggernaut","floor":3},{"not_picked":["Juggernaut","Heavy Blade"],"picked":"Metallicize","floor":6},{"not_picked":["Burning Pact","Iron Wave"],"picked":"Dual Wield","floor":11},{"not_picked":["Clothesline","Clash"],"picked":"True Grit","floor":13},{"not_picked":["Body Slam","Sword Boomerang"],"picked":"Cleave","floor":14},{"not_picked":["Offering","Impervious"],"picked":"Barricade","floor":16},{"not_picked":["Corruption","Clothesline"],"picked":"Sword Boomerang","floor":18},{"not_picked":["Rampage","Battle Trance"],"picked":"Body Slam+1","floor":20},{"not_picked":["Anger","Sword Boomerang"],"picked":"Sever Soul","floor":22},{"not_picked":["Pommel Strike","Dual Wield+1"],"picked":"Feed","floor":23}],"player_experience":5971,"relics_obtained":[{"floor":6,"key":"Dream Catcher"},{"floor":8,"key":"Centennial Puzzle"},{"floor":9,"key":"Gambling Chip"}],"event_choices":[{"cards_removed":["Defend_R"],"damage_healed":0,"gold_gain":0,"player_choice":"Took Card","damage_taken":0,"max_hp_gain":0,"max_hp_loss":0,"event_name":"NoteForYourself","floor":2,"gold_loss":0,"cards_obtained":["Iron Wave"]},{"damage_healed":0,"gold_gain":0,"player_choice":"Grow","damage_taken":0,"max_hp_gain":0,"max_hp_loss":0,"event_name":"Living Wall","floor":5,"gold_loss":0,"cards_upgraded":["Juggernaut"]},{"damage_healed":0,"gold_gain":0,"player_choice":"Obtain J.A.X.","damage_taken":0,"max_hp_gain":0,"max_hp_loss":0,"event_name":"Drug Dealer","floor":19,"gold_loss":0,"cards_obtained":["J.A.X."]},{"damage_healed":0,"gold_gain":0,"player_choice":"Read","damage_taken":0,"max_hp_gain":0,"max_hp_loss":0,"event_name":"The Library","floor":21,"gold_loss":0,"cards_obtained":["Armaments"]},{"damage_healed":0,"gold_gain":0,"player_choice":"CARD ","damage_taken":16,"max_hp_gain":0,"max_hp_loss":0,"event_name":"Knowing Skull","floor":24,"potions_obtained":[],"gold_loss":0,"cards_obtained":["PanicButton"]}],"is_beta":false,"boss_relics":[{"not_picked":["Snecko Eye","Empty Cage"],"picked":"White Beast Statue"}],"items_purged_floors":[],"is_endless":false,"potions_floor_spawned":[6,11,14,16,18,20,22],"killed_by":"Snake Plant","ascension_level":0}