{"gold_per_floor":[18,32,32,50,67,67,77,2,2,2,2,20,20,20,20,20],"floor_reached":16,"playtime":621,"items_purged":["Strike_R"],"score":147,"play_id":"62159cb6-d779-4fc7-8af8-209d3005cb8a","local_time":"20181216213638","is_ascension_mode":true,"campfire_choices":[{"data":"Infernal Blade","floor":6,"key":"SMITH"},{"data":"Clothesline","floor":10,"key":"SMITH"},{"data":"Ghostly Armor","floor":13,"key":"SMITH"},{"data":"Bash","floor":15,"key":"SMITH"}],"neow_cost":"NO_GOLD","seed_source_timestamp":357205840926724,"circlet_count":0,"master_deck":["AscendersBane","Strike_R","Strike_R","Strike_R","Defend_R","Defend_R","Defend_R","Bash+1","Clothesline+1","Infernal Blade+1","Ghostly Armor+1","Battle Trance"],"relics":["Burning Blood","Anchor","Golden Idol"],"potions_floor_usage":[16,16],"damage_taken":[{"damage":4,"enemies":"2 Louse","floor":1,"turns":3},{"damage":10,"enemies":"Jaw Worm","floor":2,"turns":4},{"damage":0,"enemies":"Small Slimes","floor":4,"turns":4},{"damage":2,"enemies":"Exordium Wildlife","floor":5,"turns":5},{"damage":0,"enemies":"Looter","floor":7,"turns":2},{"damage":0,"enemies":"Large Slime","floor":12,"turns":5},{"damage":80,"enemies":"Slime Boss","floor":16,"turns":15}],"seed_played":"-1538433541434381035","potions_obtained":[{"floor":5,"key":"Dexterity Potion"},{"floor":12,"key":"Regen Potion"}],"is_trial":false,"path_per_floor":["M","M","?","M","M","R","M","$","T","R","$","M","R","?","R","B"],"character_chosen":"IRONCLAD","items_purchased":[],"campfire_rested":0,"item_purchase_floors":[],"current_hp_per_floor":[74,70,70,76,80,80,80,80,80,80,80,80,80,60,60,0],"gold":20,"neow_bonus":"REMOVE_TWO","is_prod":false,"is_daily":false,"chose_seed":false,"campfire_upgraded":4,"win_rate":0,"timestamp":1544967398,"path_taken":["M","M","?","M","M","R","M","$","T","R","$","M","R","?","R","BOSS"],"build_version":"2018-12-13","purchased_purges":1,"victory":false,"max_hp_per_floor":[80,80,80,80,80,80,80,80,80,80,80,80,80,80,80,80],"card_choices":[{"not_picked":["Iron Wave","Heavy Blade"],"picked":"Clothesline","floor":1},{"not_picked":["Twin Strike","Iron Wave"],"picked":"Infernal Blade","floor":2},{"not_picked":["Intimidate","Perfected Strike"],"picked":"Ghostly Armor","floor":4},{"not_picked":["Evolve","Heavy Blade"],"picked":"Battle Trance","floor":5},{"not_picked":["Intimidate","Armaments","Pommel Strike"],"picked":"SKIP","floor":7},{"not_picked":["Sword Boomerang","Havoc","Second Wind"],"picked":"SKIP","floor":12}],"player_experience":580370,"relics_obtained":[{"floor":9,"key":"Anchor"}],"event_choices":[{"damage_healed":0,"gold_gain":0,"player_choice":"Leave","damage_taken":0,"max_hp_gain":0,"max_hp_loss":0,"event_name":"The Cleric","floor":3,"gold_loss":0},{"damage_healed":0,"gold_gain":0,"player_choice":"Take Damage","damage_taken":20,"relics_obtained":["Golden Idol"],"max_hp_gain":0,"max_hp_loss":0,"event_name":"Golden Idol","floor":14,"gold_loss":0}],"is_beta":false,"boss_relics":[],"items_purged_floors":[8],"is_endless":false,"potions_floor_spawned":[5,12],"killed_by":"Slime Boss","ascension_level":12}