{"gold_per_floor":[118,118,118,118,136,161,174,174,198,245,268,291,303,333,345,357],"floor_reached":16,"playtime":612,"items_purged":[],"score":199,"play_id":"36c4b009-c130-4a54-8412-8f31b48a9527","local_time":"20190610230644","is_ascension_mode":true,"campfire_choices":[{"data":"Noxious Fumes","floor":13,"key":"SMITH"},{"floor":15,"key":"REST"}],"neow_cost":"NONE","seed_source_timestamp":278743129069713,"circlet_count":0,"master_deck":["Defend_G","Defend_G","Defend_G","Defend_G","Defend_G","Strike_G","Strike_G","Strike_G","Strike_G","Survivor","Neutralize","Slice","Flying Knee","Noxious Fumes+1","Flying Knee","Poisoned Stab"],"relics":["Ring of the Snake","NeowsBlessing","Happy Flower","Dead Branch","Oddly Smooth Stone","MawBank","The Courier"],"potions_floor_usage":[10,16],"damage_taken":[{"damage":0,"enemies":"Jaw Worm","floor":1,"turns":1},{"damage":0,"enemies":"Small Slimes","floor":5,"turns":1},{"damage":0,"enemies":"3 Sentries","floor":6,"turns":1},{"damage":0,"enemies":"Cultist","floor":7,"turns":4},{"damage":15,"enemies":"Gremlin Nob","floor":10,"turns":5},{"damage":0,"enemies":"Large Slime","floor":11,"turns":8},{"damage":6,"enemies":"Exordium Thugs","floor":12,"turns":5},{"damage":18,"enemies":"Lots of Slimes","floor":14,"turns":4},{"damage":31,"enemies":"The Guardian","floor":16,"turns":6}],"seed_played":"1899893489372546679","potions_obtained":[{"floor":5,"key":"Energy Potion"},{"floor":7,"key":"GhostInAJar"},{"floor":14,"key":"AttackPotion"}],"is_trial":false,"path_per_floor":["M","?","?","?","M","E","M","?","T","E","M","M","R","M","R","B"],"character_chosen":"THE_SILENT","items_purchased":[],"campfire_rested":1,"item_purchase_floors":[],"current_hp_per_floor":[63,63,56,49,49,49,49,49,49,34,34,28,28,10,31,0],"gold":357,"neow_bonus":"THREE_ENEMY_KILL","is_prod":false,"is_daily":false,"chose_seed":false,"campfire_upgraded":1,"win_rate":0,"timestamp":1560179204,"path_taken":["M","?","?","?","M","E","M","?","T","E","M","M","R","M","R","BOSS"],"build_version":"2019-01-23","purchased_purges":0,"victory":false,"max_hp_per_floor":[70,70,70,70,70,70,70,70,70,70,70,70,70,70,70,70],"card_choices":[{"not_picked":["Sucker Punch","Acrobatics"],"picked":"Slice","floor":1},{"not_picked":["Reflex","Sucker Punch"],"picked":"Flying Knee","floor":5},{"not_picked":["Backflip","Caltrops"],"picked":"Noxious Fumes","floor":6},{"not_picked":["Outmaneuver","Riddle With Holes","Dagger Throw"],"picked":"SKIP","floor":7},{"not_picked":["Heel Hook","Envenom"],"picked":"Flying Knee","floor":10},{"not_picked":["Underhanded Strike","Backflip"],"picked":"Poisoned Stab","floor":11},{"not_picked":["Outmaneuver","Flechettes","Acrobatics"],"picked":"SKIP","floor":12},{"not_picked":["Setup","Choke","Calculated Gamble"],"picked":"SKIP","floor":14}],"player_experience":767481,"relics_obtained":[{"floor":6,"key":"Dead Branch"},{"floor":9,"key":"MawBank"},{"floor":10,"key":"The Courier"}],"event_choices":[{"damage_healed":0,"gold_gain":0,"player_choice":"Ignored","damage_taken":0,"max_hp_gain":0,"max_hp_loss":0,"event_name":"Liars Game","floor":2,"gold_loss":0},{"cards_removed":["Strike_G"],"damage_healed":0,"gold_gain":0,"player_choice":"Card Removal","damage_taken":7,"max_hp_gain":0,"max_hp_loss":0,"event_name":"Golden Wing","floor":3,"gold_loss":0},{"damage_healed":0,"gold_gain":0,"player_choice":"Success","damage_taken":7,"relics_obtained":["Happy Flower"],"max_hp_gain":0,"max_hp_loss":0,"event_name":"Scrap Ooze","floor":4,"gold_loss":0},{"damage_healed":0,"gold_gain":0,"player_choice":"Gave Potion","damage_taken":0,"relics_obtained":["Oddly Smooth Stone"],"max_hp_gain":0,"max_hp_loss":0,"event_name":"WeMeetAgain","floor":8,"gold_loss":0}],"is_beta":false,"boss_relics":[],"items_purged_floors":[],"is_endless":false,"potions_floor_spawned":[5,7,14],"killed_by":"The Guardian","ascension_level":9}