{"gold_per_floor":[114,132,144,69,85,85,117,147,147,194,206,238,250,280,292,401,413,436,459,396,421,96,96,96,110,110,110,123,123],"floor_reached":29,"playtime":1491,"items_purged":["Strike_R","Strike_R"],"score":273,"play_id":"2dc4bfef-7c13-4e5e-9f06-2cc1d57a0f53","local_time":"20180804120515","is_ascension_mode":true,"campfire_choices":[{"data":"Anger","floor":6,"key":"SMITH"},{"data":"Clothesline","floor":11,"key":"SMITH"},{"data":"Metallicize","floor":13,"key":"SMITH"},{"floor":15,"key":"REST"},{"data":"Demon Form","floor":23,"key":"SMITH"},{"data":"Metallicize","floor":27,"key":"SMITH"}],"neow_cost":"NONE","seed_source_timestamp":160776186937930,"circlet_count":0,"master_deck":["Strike_R","Strike_R","Defend_R","Defend_R","Defend_R+1","Defend_R","Bash+1","Burning Pact+1","Clash","Anger+1","Clothesline+1","Metallicize+1","Demon Form+1","Metallicize+1","Spot Weakness","Good Instincts","Armaments+1","Berserk"],"relics":["Burning Blood","Matryoshka","Bag of Marbles","MawBank","Pantograph","Red Skull","Lizard Tail","War Paint","Happy Flower","Question Card"],"potions_floor_usage":[5,18,25,28,29],"damage_taken":[{"damage":1,"enemies":"Cultist","floor":1,"turns":3},{"damage":6,"enemies":"Small Slimes","floor":2,"turns":5},{"damage":9,"enemies":"Jaw Worm","floor":3,"turns":3},{"damage":34,"enemies":"Lots of Slimes","floor":5,"turns":5},{"damage":25,"enemies":"Lagavulin","floor":7,"turns":5},{"damage":27,"enemies":"Gremlin Nob","floor":10,"turns":4},{"damage":13,"enemies":"Exordium Thugs","floor":12,"turns":4},{"damage":0,"enemies":"2 Fungi Beasts","floor":14,"turns":3},{"damage":26,"enemies":"The Guardian","floor":16,"turns":12},{"damage":45,"enemies":"3 Byrds","floor":18,"turns":6},{"damage":25,"enemies":"Spheric Guardian","floor":19,"turns":6},{"damage":29,"enemies":"Centurion and Healer","floor":21,"turns":6},{"damage":9,"enemies":"Snecko","floor":25,"turns":4},{"damage":16,"enemies":"Chosen and Byrds","floor":28,"turns":8},{"damage":40,"enemies":"Slavers","floor":29,"turns":1}],"seed_played":"-5339421152263614544","potions_obtained":[{"floor":2,"key":"BloodPotion"},{"floor":5,"key":"FearPotion"},{"floor":7,"key":"GamblersBrew"},{"floor":12,"key":"FearPotion"},{"floor":16,"key":"Energy Potion"},{"floor":19,"key":"Swift Potion"},{"floor":25,"key":"Fire Potion"}],"is_trial":false,"path_per_floor":["M","M","M","$","M","R","E","?","T","E","R","M","R","M","R","B",null,"M","M","?","M","$","R","$","M","T","R","M"],"character_chosen":"IRONCLAD","items_purchased":["War Paint","Good Instincts"],"campfire_rested":1,"item_purchase_floors":[22,22],"current_hp_per_floor":[80,80,77,77,57,57,38,38,38,17,17,10,10,16,40,45,80,41,22,22,40,40,40,40,37,37,37,27,0],"gold":123,"neow_bonus":"UPGRADE_CARD","is_prod":false,"is_daily":false,"chose_seed":false,"campfire_upgraded":5,"win_rate":0,"timestamp":1533355515,"path_taken":["M","M","M","$","M","R","E","?","T","E","R","M","R","M","R","BOSS","M","?","?","M","$","R","?","M","T","R","M","E"],"build_version":"2018-08-02","purchased_purges":2,"victory":false,"max_hp_per_floor":[80,80,80,80,80,80,80,80,80,80,80,80,80,80,80,80,80,80,80,80,80,80,80,80,80,80,80,80,80],"card_choices":[{"not_picked":["Wild Strike","Warcry","Shrug It Off"],"picked":"SKIP","floor":1},{"not_picked":["Hemokinesis","True Grit","Burning Pact"],"picked":"SKIP","floor":2},{"not_picked":["Hemokinesis","True Grit"],"picked":"Burning Pact","floor":2},{"not_picked":["Heavy Blade","Anger"],"picked":"Clash","floor":3},{"not_picked":["True Grit","Havoc"],"picked":"Anger","floor":5},{"not_picked":["Hemokinesis","Combust","Offering"],"picked":"SKIP","floor":7},{"not_picked":["Shockwave","Heavy Blade"],"picked":"Clothesline","floor":10},{"not_picked":["Warcry","Infernal Blade"],"picked":"Metallicize","floor":12},{"not_picked":["Flex","Anger","Body Slam"],"picked":"SKIP","floor":14},{"not_picked":["Berserk","Juggernaut"],"picked":"Demon Form","floor":16},{"not_picked":["Reckless Charge","Ghostly Armor"],"picked":"Metallicize","floor":18},{"not_picked":["Uppercut","Warcry"],"picked":"Spot Weakness","floor":19},{"not_picked":["Wild Strike","Shrug It Off","Clothesline+1"],"picked":"SKIP","floor":21},{"not_picked":["Body Slam","Twin Strike+1"],"picked":"Armaments+1","floor":25},{"not_picked":["Clothesline","Power Through","Heavy Blade"],"picked":"Berserk","floor":28}],"player_experience":316606,"relics_obtained":[{"floor":7,"key":"Matryoshka"},{"floor":9,"key":"MawBank"},{"floor":9,"key":"Pantograph"},{"floor":10,"key":"Red Skull"},{"floor":26,"key":"Happy Flower"},{"floor":26,"key":"Question Card"}],"event_choices":[{"event_name":"Dead Adventurer","player_choice":"Searched \u00272\u0027 times","floor":8,"damage_taken":0},{"event_name":"Beggar","player_choice":"Gave Gold","floor":20,"damage_taken":0}],"is_beta":false,"boss_relics":[{"not_picked":["Runic Cube","Orrery"],"picked":"Lizard Tail"}],"items_purged_floors":[4,22],"is_endless":false,"potions_floor_spawned":[2,5,7,12,16,19,21,25],"killed_by":"Slavers","ascension_level":3}