{"gold_per_floor":[119,139,157,171,171,171,189,232,232,232,270,270,289,314,314,442,442,461,306,306,295,220,220,18,61,85,185,185,204,204,229,229,360,360,384,452,477,477,501,514,514],"floor_reached":41,"playtime":2141,"items_purged":[],"score":488,"play_id":"b372d9f0-516d-497f-ac9d-619995704541","local_time":"20180820131855","is_ascension_mode":true,"campfire_choices":[{"data":"Cold Snap","floor":6,"key":"SMITH"},{"data":"Defragment","floor":10,"key":"SMITH"},{"data":"Glacier","floor":12,"key":"SMITH"},{"floor":15,"key":"REST"},{"data":"Ball Lightning","floor":23,"key":"SMITH"},{"data":"Sweeping Beam","floor":28,"key":"SMITH"},{"data":"Cold Snap","floor":30,"key":"SMITH"},{"data":"Zap","floor":32,"key":"SMITH"}],"neow_cost":"NONE","seed_source_timestamp":0,"circlet_count":0,"master_deck":["Strike_B","Strike_B","Strike_B","Defend_B","Defend_B","Defend_B","Defend_B","Zap+1","Dualcast","Cold Snap+1","FTL","Defragment+1","Conserve Battery","Glacier+1","Cold Snap+1","Conserve Battery","Ball Lightning+1","Sweeping Beam+1","Chill","Echo Form","BootSequence","Glacier","Ball Lightning+1"],"special_seed":0,"relics":["Cracked Core","Golden Idol","Boot","Shuriken","Odd Mushroom","Sozu","Pen Nib","Anchor","Matryoshka","Happy Flower","Regal Pillow","Cursed Key","Peace Pipe"],"potions_floor_usage":[8,16,16,16],"damage_taken":[{"damage":2.0,"enemies":"Small Slimes","floor":1.0,"turns":4.0},{"damage":2,"enemies":"2 Louse","floor":2,"turns":2},{"damage":1,"enemies":"Jaw Worm","floor":3,"turns":3},{"damage":2,"enemies":"Blue Slaver","floor":4,"turns":4},{"damage":2,"enemies":"Red Slaver","floor":7,"turns":3},{"damage":5,"enemies":"Lagavulin","floor":8,"turns":8},{"damage":7,"floor":11,"turns":5},{"damage":0,"enemies":"2 Fungi Beasts","floor":13,"turns":3},{"damage":0,"enemies":"3 Louse","floor":14,"turns":4},{"damage":0,"enemies":"Slime Boss","floor":16,"turns":11},{"damage":0,"enemies":"Shell Parasite","floor":18,"turns":6},{"damage":13,"enemies":"2 Thieves","floor":21,"turns":4},{"damage":8,"enemies":"Book of Stabbing","floor":25,"turns":5},{"damage":0,"enemies":"Centurion and Healer","floor":29,"turns":6},{"damage":0,"enemies":"3 Cultists","floor":31,"turns":5},{"damage":36,"enemies":"Collector","floor":33,"turns":16},{"damage":2,"enemies":"Orb Walker","floor":35,"turns":3},{"damage":39,"floor":36,"turns":7},{"damage":8,"enemies":"3 Darklings","floor":37,"turns":5},{"damage":0,"enemies":"Transient","floor":39,"turns":5},{"damage":19,"enemies":"Maw","floor":40,"turns":8},{"damage":16,"enemies":"Sphere and 2 Shapes","floor":41,"turns":3}],"seed_played":"3452132397843811359","potions_obtained":[{"floor":1.0,"key":"FearPotion"},{"floor":7,"key":"FocusPotion"},{"floor":8,"key":"Dexterity Potion"},{"floor":11,"key":"Regen Potion"}],"is_trial":false,"path_per_floor":["M","M","M","M","?","R","M","E","T","R","?","R","M","M","R","B",null,"M","$","?","M","?","R","$","E","T","?","R","M","R","M","R","B",null,"M","?","M","?","M","M"],"character_chosen":"DEFECT","items_purchased":["Pen Nib","Sweeping Beam","Anchor"],"campfire_rested":1,"item_purchase_floors":[19,24,24],"current_hp_per_floor":[73,71,70,68,50,50,48,43,43,43,36,36,36,36,58,73,75,75,75,75,62,62,62,62,54,54,54,54,54,54,54,54,18,75,73,34,26,26,26,7,0],"gold":514,"neow_bonus":"TRANSFORM_CARD","is_prod":false,"is_daily":false,"chose_seed":false,"campfire_upgraded":7,"win_rate":0,"timestamp":1534789135,"path_taken":["M","M","M","M","?","R","M","E","T","R","?","R","?","M","R","BOSS","M","$","?","M","?","R","$","E","T","?","R","M","R","M","R","BOSS","M","?","M","?","M","M","?"],"build_version":"2018-08-16","purchased_purges":0,"victory":false,"max_hp_per_floor":[75,75,75,75,75,75,75,75,75,75,75,75,75,75,75,75,75,75,75,75,75,75,75,75,75,75,75,75,75,75,75,75,75,75,75,75,75,75,75,75,75],"card_choices":[{"not_picked":["Rip and Tear","Rebound"],"picked":"Cold Snap","floor":1.0},{"not_picked":["Sweeping Beam","Heatsinks"],"picked":"FTL","floor":2},{"not_picked":["Gash","Lockon"],"picked":"Defragment","floor":3},{"not_picked":["Streamline","Sweeping Beam"],"picked":"Conserve Battery","floor":4},{"not_picked":["Steam Power","Steam","Redo"],"picked":"SKIP","floor":7},{"not_picked":["Tempest","Steam"],"picked":"Glacier","floor":8},{"not_picked":["Sunder","Lockon","Gash"],"picked":"SKIP","floor":13},{"not_picked":["Coolheaded","Stack"],"picked":"Cold Snap","floor":14},{"not_picked":["Lockon","Stack+1"],"picked":"Conserve Battery","floor":18},{"not_picked":["Tempest","Leap"],"picked":"Ball Lightning","floor":21},{"not_picked":["Stack+1","Redo","Consume"],"picked":"SKIP","floor":25},{"not_picked":["Sweeping Beam","Coolheaded+1","Fission"],"picked":"SKIP","floor":29},{"not_picked":["Beam Cell","Steam"],"picked":"Chill","floor":31},{"not_picked":["Reboot","Fission"],"picked":"Echo Form","floor":33},{"not_picked":["Chaos+1","Melter"],"picked":"BootSequence","floor":35},{"not_picked":["Scrape","Rebound"],"picked":"Glacier","floor":37},{"not_picked":["Beam Cell+1","Rip and Tear+1"],"picked":"Ball Lightning+1","floor":39},{"not_picked":["Rebound","Beam Cell","Steam+1"],"picked":"SKIP","floor":40}],"player_experience":610751,"relics_obtained":[{"floor":8,"key":"Boot"},{"floor":9,"key":"Shuriken"},{"floor":11,"key":"Odd Mushroom"},{"floor":25,"key":"Matryoshka"},{"floor":26,"key":"Happy Flower"},{"floor":26,"key":"Regal Pillow"},{"floor":36,"key":"Peace Pipe"}],"event_choices":[{"event_name":"Golden Idol","player_choice":"Take Damage","floor":5,"damage_taken":0},{"event_name":"Mushrooms","player_choice":"Fought Mushrooms","floor":11,"damage_taken":0},{"event_name":"Vampires","player_choice":"Ignored","floor":20,"damage_taken":0},{"event_name":"Beggar","player_choice":"Gave Gold","floor":22,"damage_taken":0},{"event_name":"Golden Shrine","player_choice":"Pray","floor":27,"damage_taken":0},{"event_name":"Mysterious Sphere","player_choice":"Fight","floor":36,"damage_taken":0},{"event_name":"Tomb of Lord Red Mask","player_choice":"Ignored","floor":38,"damage_taken":0}],"is_beta":false,"boss_relics":[{"not_picked":["Velvet Choker","Empty Cage"],"picked":"Sozu"},{"not_picked":["FrozenCore","Snecko Eye"],"picked":"Cursed Key"}],"items_purged_floors":[],"is_endless":false,"potions_floor_spawned":[1,7,8,11,21,29,31,37,40],"killed_by":"Sphere and 2 Shapes","ascension_level":1}