{"gold_per_floor":[109,7,26,26,42,42,77,77,103,122,142,142,42,58,58,156,156,137,157,176,51,61,61,111,111,111,122,122,122],"floor_reached":29,"playtime":1631,"items_purged":["Strike_B","Strike_B","Defend_B"],"score":272,"play_id":"2e7d6868-9142-4db4-84e3-1479cf5aa94f","local_time":"20180724071245","is_ascension_mode":true,"campfire_choices":[{"data":"White Noise","floor":6,"key":"SMITH"},{"data":"Dualcast","floor":12,"key":"SMITH"},{"data":"Streamline","floor":15,"key":"SMITH"},{"data":"Buffer","floor":23,"key":"SMITH"},{"data":"Conserve Battery","floor":25,"key":"SMITH"},{"data":"Conserve Battery","floor":28,"key":"SMITH"}],"neow_cost":"NONE","seed_source_timestamp":206279065534525,"circlet_count":0,"master_deck":["Strike_B","Defend_B","Defend_B","Zap+1","Dualcast+1","White Noise+1","Conserve Battery+1","Streamline+1","Melter","Undo","Beam Cell","Self Repair","Melter","Buffer+1","Sweeping Beam","Hologram","Go for the Eyes+1","Conserve Battery+1","Beam Cell+1"],"relics":["Cracked Core","Dream Catcher","Anchor","Eternal Feather","Centennial Puzzle"],"potions_floor_usage":[16],"damage_taken":[{"damage":0,"enemies":"2 Louse","floor":1,"turns":2},{"damage":0,"enemies":"Small Slimes","floor":3,"turns":4},{"damage":7,"enemies":"Jaw Worm","floor":5,"turns":3},{"damage":29,"enemies":"Gremlin Nob","floor":7,"turns":4},{"damage":0,"enemies":"Looter","floor":10,"turns":2},{"damage":2,"enemies":"Large Slime","floor":11,"turns":6},{"damage":0,"enemies":"Blue Slaver","floor":14,"turns":3},{"damage":25,"enemies":"Slime Boss","floor":16,"turns":8},{"damage":13,"enemies":"2 Thieves","floor":18,"turns":4},{"damage":0,"enemies":"Spheric Guardian","floor":19,"turns":2},{"damage":41,"enemies":"Snecko","floor":20,"turns":6},{"damage":19,"enemies":"Snake Plant","floor":22,"turns":5},{"damage":16,"enemies":"Slaver and Parasite","floor":27,"turns":6},{"damage":29,"enemies":"Gremlin Leader","floor":29,"turns":4}],"seed_played":"1585995640513923048","potions_obtained":[{"floor":1,"key":"GamblersBrew"},{"floor":7,"key":"Block Potion"},{"floor":16,"key":"Weak Potion"},{"floor":20,"key":"Fire Potion"}],"is_trial":false,"path_per_floor":["M","$","M","?","M","R","E","?","T","M","M","R","$","M","R","B",null,"M","M","M","$","M","R","?","R","T","M","R"],"character_chosen":"DEFECT","items_purchased":["Conserve Battery"],"campfire_rested":0,"item_purchase_floors":[2],"current_hp_per_floor":[75,75,75,68,61,61,32,32,32,32,37,37,37,44,44,26,75,62,62,28,28,16,25,25,34,34,18,27,0],"gold":122,"neow_bonus":"UPGRADE_CARD","is_prod":false,"is_daily":false,"chose_seed":false,"campfire_upgraded":6,"win_rate":0,"timestamp":1532387565,"path_taken":["M","$","M","?","M","R","E","?","T","M","M","R","?","M","R","BOSS","M","?","M","$","M","R","?","R","T","?","R","E"],"build_version":"2018-07-19v2","purchased_purges":3,"victory":false,"max_hp_per_floor":[75,75,75,75,75,75,75,75,75,75,75,75,75,75,75,75,75,75,75,75,75,75,75,75,75,75,75,75,75],"card_choices":[{"not_picked":["Scrape","Rebound"],"picked":"White Noise","floor":1},{"not_picked":["Rebound","Go for the Eyes"],"picked":"Streamline","floor":3},{"not_picked":["Sweeping Beam","Glacier"],"picked":"Melter","floor":5},{"not_picked":["Turbo","Redo"],"picked":"Undo","floor":7},{"not_picked":["Rebound","Steam"],"picked":"Beam Cell","floor":10},{"not_picked":["Compile Driver","Aggregate"],"picked":"Self Repair","floor":11},{"not_picked":["Reinforced Body","Beam Cell"],"picked":"Melter","floor":14},{"not_picked":["Fission","Creative AI"],"picked":"Buffer","floor":16},{"not_picked":["Streamline","Cold Snap"],"picked":"Sweeping Beam","floor":18},{"not_picked":["Go for the Eyes+1","Static Discharge"],"picked":"Hologram","floor":19},{"not_picked":["Static Discharge","Buffer"],"picked":"Go for the Eyes+1","floor":20},{"not_picked":["Capacitor","Stack"],"picked":"Conserve Battery","floor":22},{"not_picked":["Steam","Blizzard+1"],"picked":"Beam Cell+1","floor":27}],"player_experience":220435,"relics_obtained":[{"floor":7,"key":"Dream Catcher"},{"floor":9,"key":"Anchor"},{"floor":26,"key":"Centennial Puzzle"}],"event_choices":[{"event_name":"Golden Wing","player_choice":"Card Removal","floor":4,"damage_taken":0},{"event_name":"Living Wall","player_choice":"Forget","floor":8,"damage_taken":0},{"event_name":"The Joust","player_choice":"Bet on Murderer","floor":24,"damage_taken":0}],"is_beta":false,"boss_relics":[{"not_picked":["FrozenCore","Nuclear Battery"],"picked":"Eternal Feather"}],"items_purged_floors":[2,13,21],"is_endless":false,"potions_floor_spawned":[1,7,16,20],"killed_by":"Gremlin Leader","ascension_level":4}