{"gold_per_floor":[109,34,44,44,55,55,70,103,126,126,126,158,158,169,169,265,315,329,329,339,339,350,350,96,96,123,70,169,169,194,209,209,304,304,316,363,375,390,70,70,102,102,102,115,126,126,138,156,156,156],"floor_reached":51,"playtime":5950,"items_purged":["Defend_B","Strike_B","Defend_B"],"score":859,"play_id":"17321b9d-f85d-47cf-b25e-43128e463d28","local_time":"20180721154859","is_ascension_mode":true,"campfire_choices":[{"data":"Barrage","floor":6,"key":"SMITH"},{"data":"Zap","floor":10,"key":"SMITH"},{"floor":13,"key":"REST"},{"floor":15,"key":"REST"},{"data":"Go for the Eyes","floor":23,"key":"SMITH"},{"data":"Go for the Eyes","floor":25,"key":"SMITH"},{"data":"Turbo","floor":29,"key":"SMITH"},{"data":"FTL","floor":32,"key":"SMITH"},{"data":"Enlightenment","floor":40,"key":"SMITH"},{"data":"Creative AI","floor":42,"key":"SMITH"},{"data":"Gash","floor":46,"key":"SMITH"},{"data":"Gash","floor":49,"key":"SMITH"}],"neow_cost":"","seed_source_timestamp":68818631417317,"circlet_count":0,"master_deck":["Strike_B+1","Strike_B+1","Strike_B","Defend_B+1","Defend_B","Zap+1","Dualcast+1","Chill+1","Gash+1","Barrage+1","Glacier+1","All For One","Compile Driver","Go for the Eyes+1","Reboot+1","Compile Driver","FTL+1","Barrage+1","Ghostly+1","Ghostly","Ghostly","Ghostly","Ghostly","Go for the Eyes+1","Turbo+1","Defragment+1","Creative AI+1","Redo+1","Go for the Eyes","Gash+1","Capacitor+1","Enlightenment+1","Skim+1","Redo+1","Force Field+1","Aggregate+1","Go for the Eyes+1"],"relics":["Cracked Core","Whetstone","Juzu Bracelet","Ancient Tea Set","Tiny House","War Paint","Dream Catcher","Bag of Preparation","Lizard Tail","Emotion Chip","Bronze Scales","Meat on the Bone"],"potions_floor_usage":[22,33,33,33,33,33,33,41,47,50,50],"damage_taken":[{"damage":7,"enemies":"Small Slimes","floor":1,"turns":4},{"damage":7,"enemies":"Jaw Worm","floor":3,"turns":4},{"damage":0,"enemies":"2 Louse","floor":5,"turns":2},{"damage":9,"enemies":"Looter","floor":7,"turns":2},{"damage":17,"enemies":"Lagavulin","floor":8,"turns":8},{"damage":16,"enemies":"Gremlin Nob","floor":12,"turns":3},{"damage":6,"enemies":"Lots of Slimes","floor":14,"turns":4},{"damage":8,"enemies":"The Guardian","floor":16,"turns":12},{"damage":20,"enemies":"2 Thieves","floor":18,"turns":4},{"damage":6,"enemies":"Chosen","floor":20,"turns":3},{"damage":0,"enemies":"Centurion and Healer","floor":22,"turns":7},{"damage":1,"enemies":"Book of Stabbing","floor":30,"turns":5},{"damage":0,"enemies":"Snecko","floor":31,"turns":5},{"damage":21,"enemies":"Collector","floor":33,"turns":9},{"damage":0,"enemies":"Flame Bruiser 1 Orb","floor":35,"turns":6},{"damage":1,"floor":36,"turns":5},{"damage":5,"enemies":"3 Darklings","floor":37,"turns":7},{"damage":0,"enemies":"Spire Growth","floor":38,"turns":5},{"damage":0,"enemies":"2 Orb Walkers","floor":41,"turns":6},{"damage":0,"enemies":"4 Shapes","floor":44,"turns":9},{"damage":0,"enemies":"Maw","floor":45,"turns":7},{"damage":4,"enemies":"3 Darklings","floor":47,"turns":4},{"damage":1,"enemies":"Sphere and 2 Shapes","floor":48,"turns":8},{"damage":41,"enemies":"Donu and Deca","floor":50,"turns":11}],"seed_played":"-4330464719582772778","potions_obtained":[{"floor":3,"key":"Swift Potion"},{"floor":8,"key":"Poison Potion"},{"floor":12,"key":"Energy Potion"},{"floor":16,"key":"SkillPotion"},{"floor":17,"key":"EntropicBrew"},{"floor":30,"key":"AttackPotion"},{"floor":33,"key":"PowerPotion"},{"floor":36,"key":"Energy Potion"},{"floor":41,"key":"Explosive Potion"},{"floor":44,"key":"FairyPotion"},{"floor":47,"key":"Block Potion"}],"is_trial":false,"path_per_floor":["M","$","M","?","M","R","M","E","T","R","?","E","R","M","R","B",null,"M","?","M","?","M","R","$","R","T","$","?","R","E","M","R","B",null,"M","?","M","M","$","R","E","R","T","M","M","R","M","M","R","B"],"character_chosen":"DEFECT","items_purchased":["War Paint","Turbo","Enlightenment"],"campfire_rested":2,"item_purchase_floors":[24,27,39],"current_hp_per_floor":[68,68,61,46,46,46,37,20,20,20,20,4,26,20,42,34,80,60,60,54,40,40,40,40,40,40,40,40,40,39,39,39,18,40,40,39,34,34,34,34,34,34,34,34,34,34,30,29,29,32],"gold":156,"neow_bonus":"","is_prod":false,"is_daily":false,"chose_seed":false,"campfire_upgraded":10,"win_rate":0,"timestamp":1532159339,"path_taken":["M","$","M","?","M","R","M","E","T","R","?","E","R","M","R","BOSS","M","?","M","?","M","R","$","R","T","?","?","R","E","M","R","BOSS","M","?","M","M","$","R","E","R","T","M","M","R","M","M","R","BOSS"],"build_version":"2018-07-19v2","purchased_purges":3,"victory":true,"max_hp_per_floor":[75,75,75,75,75,75,75,75,75,75,75,75,75,75,75,75,80,80,80,80,40,40,40,40,40,40,40,40,40,40,40,40,40,40,40,40,40,40,40,40,40,40,40,40,40,40,40,40,40,40],"card_choices":[{"not_picked":["Cold Snap","Chaos"],"picked":"Chill","floor":1},{"not_picked":["Redo","Leap"],"picked":"Gash","floor":3},{"not_picked":["Redo","Go for the Eyes"],"picked":"Barrage","floor":5},{"not_picked":["Sweeping Beam","Blizzard"],"picked":"Glacier","floor":7},{"not_picked":["Stack","Coolheaded"],"picked":"All For One","floor":8},{"not_picked":["Undo","Beam Cell"],"picked":"Compile Driver","floor":12},{"not_picked":["Beam Cell","Sunder"],"picked":"Go for the Eyes","floor":14},{"not_picked":["Multi-Cast","Hyperbeam"],"picked":"Reboot","floor":16},{"not_picked":["Streamline","Steam"],"picked":"Compile Driver","floor":17},{"not_picked":["Recycle","Ball Lightning"],"picked":"FTL","floor":18},{"not_picked":["Turbo","Coolheaded"],"picked":"Barrage+1","floor":20},{"not_picked":["Compile Driver","Barrage"],"picked":"Go for the Eyes","floor":22},{"not_picked":["Leap","Storm","Compile Driver"],"picked":"SKIP","floor":30},{"not_picked":["Electrodynamics","Redo"],"picked":"Defragment+1","floor":31},{"not_picked":["Reboot","Hyperbeam"],"picked":"Creative AI","floor":33},{"not_picked":["Leap+1","Compile Driver"],"picked":"Redo+1","floor":35},{"not_picked":["Reinforced Body","Hello World+1"],"picked":"Go for the Eyes","floor":36},{"not_picked":["Coolheaded","Lockon"],"picked":"Gash","floor":37},{"not_picked":["Gash+1","Genetic Algorithm"],"picked":"Capacitor+1","floor":38},{"not_picked":["Conserve Battery+1","White Noise+1"],"picked":"Skim+1","floor":41},{"not_picked":["Lockon+1","Scrape"],"picked":"Redo+1","floor":44},{"not_picked":["Go for the Eyes","Beam Cell+1"],"picked":"Force Field+1","floor":45},{"not_picked":["Tempest+1","Ball Lightning"],"picked":"Aggregate+1","floor":47},{"not_picked":["Redo+1","Recycle"],"picked":"Go for the Eyes+1","floor":48}],"player_experience":192736,"relics_obtained":[{"floor":8,"key":"Whetstone"},{"floor":9,"key":"Juzu Bracelet"},{"floor":12,"key":"Ancient Tea Set"},{"floor":26,"key":"Dream Catcher"},{"floor":30,"key":"Bag of Preparation"},{"floor":36,"key":"Emotion Chip"},{"floor":41,"key":"Bronze Scales"},{"floor":43,"key":"Meat on the Bone"}],"event_choices":[{"event_name":"Shining Light","player_choice":"Entered Light","floor":4,"damage_taken":0},{"event_name":"Liars Game","player_choice":"disagreed","floor":11,"damage_taken":0},{"event_name":"Accursed Blacksmith","player_choice":"Forge","floor":19,"damage_taken":0},{"event_name":"Ghosts","player_choice":"Became a Ghost","floor":21,"damage_taken":0},{"event_name":"Nest","player_choice":"Stole From Cult","floor":28,"damage_taken":0},{"event_name":"Mysterious Sphere","player_choice":"Fight","floor":36,"damage_taken":0}],"is_beta":false,"boss_relics":[{"not_picked":["Busted Crown","Velvet Choker"],"picked":"Tiny House"},{"not_picked":["Astrolabe","Inserter"],"picked":"Lizard Tail"}],"items_purged_floors":[2,24,39],"is_endless":false,"potions_floor_spawned":[3,8,12,16,30,33,36,41,44,47],"ascension_level":3}