{"gold_per_floor":[116,116,41,54,70,70,98,98,178,178,178,194,208,235,235,314,314,325,225,225,244,169,169],"floor_reached":23,"playtime":1134,"items_purged":["Defend_R","Strike_R"],"score":340,"play_id":"1494e50f-6c66-4a53-a50f-c47db0475c01","local_time":"20190103102715","is_ascension_mode":true,"campfire_choices":[{"data":"Bash","floor":6,"key":"SMITH"},{"data":"True Grit","floor":8,"key":"SMITH"},{"floor":15,"key":"REST"}],"neow_cost":"PERCENT_DAMAGE","seed_source_timestamp":335760864736694,"circlet_count":0,"master_deck":["AscendersBane","Defend_R","Bash+1","Double Tap","Spot Weakness","Clothesline","True Grit+1","Immolate","Cleave","Offering","Metallicize+1","Twin Strike+1","Fiend Fire+1","Inflame","Ghostly","Ghostly","Ghostly"],"relics":["Burning Blood","Potion Belt","Tiny Chest","Juzu Bracelet","Astrolabe"],"potions_floor_usage":[12,16,16,18],"damage_taken":[{"damage":7,"enemies":"2 Louse","floor":1,"turns":3},{"damage":6,"enemies":"Cultist","floor":4,"turns":4},{"damage":5,"enemies":"Small Slimes","floor":5,"turns":4},{"damage":46,"enemies":"Gremlin Nob","floor":7,"turns":5},{"damage":1,"enemies":"Looter","floor":12,"turns":4},{"damage":0,"enemies":"3 Louse","floor":13,"turns":1},{"damage":42,"enemies":"Hexaghost","floor":16,"turns":9},{"damage":31,"enemies":"2 Thieves","floor":18,"turns":3},{"damage":6,"enemies":"Chosen","floor":21,"turns":4},{"damage":38,"enemies":"Book of Stabbing","floor":23,"turns":5}],"seed_played":"-4986371849252679973","potions_obtained":[{"floor":1,"key":"SkillPotion"},{"floor":12,"key":"BloodPotion"},{"floor":13,"key":"Energy Potion"},{"floor":16,"key":"Energy Potion"},{"floor":21,"key":"Dexterity Potion"}],"is_trial":false,"path_per_floor":["M","?","$","M","M","R","E","R","T","?","?","M","M","T","R","B",null,"M","$","?","M","?","E"],"character_chosen":"IRONCLAD","items_purchased":[],"campfire_rested":1,"item_purchase_floors":[],"current_hp_per_floor":[49,49,49,49,50,50,10,10,10,10,3,8,14,14,36,7,58,33,33,33,33,33,0],"gold":169,"neow_bonus":"THREE_RARE_CARDS","is_prod":false,"is_daily":false,"chose_seed":false,"campfire_upgraded":2,"win_rate":0,"timestamp":1546482435,"path_taken":["M","?","$","M","?","R","E","R","T","?","?","M","M","?","R","BOSS","M","$","?","M","?","E"],"build_version":"2018-12-20","purchased_purges":2,"victory":false,"max_hp_per_floor":[75,75,75,75,75,75,75,75,75,75,75,75,75,75,75,75,75,75,75,37,37,37,37],"card_choices":[{"not_picked":["Barricade","Juggernaut"],"picked":"Double Tap","floor":0},{"not_picked":["Flex","Havoc","Clash"],"picked":"SKIP","floor":1},{"not_picked":["Perfected Strike","Flex"],"picked":"Spot Weakness","floor":4},{"not_picked":["Perfected Strike","Anger"],"picked":"Clothesline","floor":5},{"not_picked":["Thunderclap","Power Through"],"picked":"True Grit","floor":7},{"not_picked":["Shockwave","Dual Wield"],"picked":"Immolate","floor":12},{"not_picked":["Twin Strike","Sword Boomerang"],"picked":"Cleave","floor":13},{"not_picked":["Reaper","Impervious"],"picked":"Offering","floor":16},{"not_picked":["Pommel Strike","Blood for Blood"],"picked":"Inflame","floor":18},{"not_picked":["Wild Strike","Cleave","Burning Pact"],"picked":"SKIP","floor":21}],"player_experience":650734,"relics_obtained":[{"floor":7,"key":"Potion Belt"},{"floor":9,"key":"Tiny Chest"},{"floor":14,"key":"Juzu Bracelet"}],"event_choices":[{"cards_removed":["Strike_R"],"damage_healed":0,"gold_gain":0,"player_choice":"Purged","damage_taken":0,"max_hp_gain":0,"max_hp_loss":0,"event_name":"Purifier","floor":2,"gold_loss":0},{"damage_healed":0,"gold_gain":0,"player_choice":"Ignored","damage_taken":0,"max_hp_gain":0,"max_hp_loss":0,"event_name":"Liars Game","floor":10,"gold_loss":0},{"cards_removed":["Strike_R"],"damage_healed":0,"gold_gain":0,"player_choice":"Card Removal","damage_taken":7,"max_hp_gain":0,"max_hp_loss":0,"event_name":"Golden Wing","floor":11,"gold_loss":0},{"damage_healed":0,"gold_gain":0,"player_choice":"Became a Ghost","damage_taken":0,"max_hp_gain":0,"max_hp_loss":38,"event_name":"Ghosts","floor":20,"gold_loss":0,"cards_obtained":["Ghostly","Ghostly","Ghostly"]},{"cards_removed":["Defend_R"],"damage_healed":0,"gold_gain":0,"player_choice":"Gave Gold","damage_taken":0,"max_hp_gain":0,"max_hp_loss":0,"event_name":"Beggar","floor":22,"gold_loss":75}],"is_beta":false,"boss_relics":[{"not_picked":["Orrery","Philosopher\u0027s Stone"],"picked":"Astrolabe"}],"items_purged_floors":[3,19],"is_endless":false,"potions_floor_spawned":[1,12,13,16,21],"killed_by":"Book of Stabbing","ascension_level":16}