{"gold_per_floor":[110,71,71,89,103,103,103,129,129,144,154,165,124,141,141,215,215,229,240,254,11,11,11],"floor_reached":23,"playtime":899,"items_purged":["Defend_B"],"score":380,"play_id":"8728d9dd-2499-43fc-b575-eb0037222d0e","local_time":"20190612204511","is_ascension_mode":true,"campfire_choices":[{"data":"Dualcast","floor":6.0,"key":"SMITH"},{"data":"Sunder","floor":15,"key":"SMITH"}],"neow_cost":"NONE","seed_source_timestamp":71782940673738,"circlet_count":0,"master_deck":["AscendersBane","Strike_B","Strike_B","Strike_B","Defend_B","Defend_B","Defend_B","Zap","Dualcast+1","Ball Lightning","Chill","Capacitor","Glacier","FTL","Loop","Sunder+1","Rainbow","Self Repair","Glacier"],"special_seed":0,"relics":["Cracked Core","NeowsBlessing","PreservedInsect","FossilizedHelix","Unceasing Top","Nuclear Battery","Anchor","Nunchaku"],"potions_floor_usage":[11,16,18],"damage_taken":[{"damage":0.0,"enemies":"2 Louse","floor":1.0,"turns":1.0},{"damage":0.0,"enemies":"Cultist","floor":4.0,"turns":1.0},{"damage":0.0,"enemies":"Jaw Worm","floor":5.0,"turns":1.0},{"damage":9.0,"enemies":"3 Sentries","floor":8.0,"turns":6.0},{"damage":0.0,"enemies":"Exordium Wildlife","floor":10.0,"turns":5.0},{"damage":4,"enemies":"Gremlin Gang","floor":11,"turns":4},{"damage":0,"enemies":"Exordium Thugs","floor":12,"turns":5},{"damage":8,"enemies":"Lots of Slimes","floor":14,"turns":6},{"damage":39,"enemies":"The Guardian","floor":16,"turns":14},{"damage":15,"enemies":"3 Byrds","floor":18,"turns":4},{"damage":17,"enemies":"Spheric Guardian","floor":19,"turns":4},{"damage":19,"enemies":"Chosen and Byrds","floor":20,"turns":8},{"damage":26,"enemies":"Gremlin Leader","floor":23,"turns":5}],"seed_played":"653697979971962141","potions_obtained":[{"floor":1.0,"key":"SkillPotion"},{"floor":4.0,"key":"PowerPotion"},{"floor":11,"key":"Explosive Potion"},{"floor":14,"key":"Fire Potion"}],"is_trial":false,"path_per_floor":["M","$","?","M","M","R","T","E","T","M","M","M","$","M","R","B",null,"M","M","M","$","?","E"],"character_chosen":"DEFECT","items_purchased":["Chill","Loop","Anchor"],"campfire_rested":0,"item_purchase_floors":[2,13,21],"current_hp_per_floor":[64,64,64,64,64,64,64,55,55,55,51,51,51,43,43,4,54,39,29,17,17,17,0],"gold":11,"neow_bonus":"THREE_ENEMY_KILL","is_prod":false,"is_daily":false,"chose_seed":false,"campfire_upgraded":2,"win_rate":0,"timestamp":1560343511,"path_taken":["M","$","?","M","?","R","?","E","T","M","M","M","?","M","R","BOSS","M","M","?","$","?","E"],"build_version":"2019-01-23","purchased_purges":1,"victory":false,"max_hp_per_floor":[71,71,71,71,71,71,71,71,71,71,71,71,71,71,71,71,71,71,71,71,71,71,71],"card_choices":[{"not_picked":["Fusion","Beam Cell"],"picked":"Ball Lightning","floor":1.0},{"not_picked":["Static Discharge","Ball Lightning"],"picked":"Capacitor","floor":4.0},{"not_picked":["Compile Driver","Turbo"],"picked":"Glacier","floor":5.0},{"not_picked":["Hello World","Coolheaded","Turbo"],"picked":"SKIP","floor":8.0},{"not_picked":["Sweeping Beam","Reinforced Body"],"picked":"FTL","floor":10.0},{"not_picked":["Steam","Thunder Strike","Barrage"],"picked":"SKIP","floor":11},{"not_picked":["Stack","Hologram","Auto Shields"],"picked":"SKIP","floor":12},{"not_picked":["Ball Lightning","Fission"],"picked":"Sunder","floor":14},{"not_picked":["Amplify","Reboot"],"picked":"Rainbow","floor":16},{"not_picked":["Hologram","Go for the Eyes"],"picked":"Self Repair","floor":18},{"not_picked":["Streamline+1","Rebound+1","Heatsinks"],"picked":"SKIP","floor":19},{"not_picked":["Cold Snap","Streamline"],"picked":"Glacier","floor":20}],"player_experience":669219,"relics_obtained":[{"floor":7.0,"key":"PreservedInsect"},{"floor":8.0,"key":"FossilizedHelix"},{"floor":9.0,"key":"Unceasing Top"},{"floor":22,"key":"Nunchaku"}],"event_choices":[{"cards_removed":["Strike_B"],"damage_healed":0.0,"max_hp_gain":0.0,"max_hp_loss":0.0,"gold_gain":0.0,"event_name":"Bonfire Elementals","player_choice":"Offered Basic","floor":3.0,"gold_loss":0.0,"damage_taken":0.0},{"damage_healed":0,"gold_gain":0,"player_choice":"Relic","damage_taken":0,"max_hp_gain":0,"max_hp_loss":0,"event_name":"Wheel of Change","floor":22,"gold_loss":0}],"is_beta":false,"boss_relics":[{"not_picked":["Cursed Key","Ectoplasm"],"picked":"Nuclear Battery"}],"items_purged_floors":[21],"is_endless":false,"potions_floor_spawned":[1,4,8,11,14],"killed_by":"Gremlin Leader","ascension_level":19}