{"gold_per_floor":[115,115,134,154,119,146,163,163,163,163,12,12,23,23,23,125,125,140,140,140,152,152,152],"floor_reached":23,"playtime":1183,"items_purged":["Strike_G"],"score":290,"play_id":"b5f785b6-1ed4-49ed-a4a4-2374bf2b3415","local_time":"20190610094204","is_ascension_mode":true,"campfire_choices":[{"data":"Finisher","floor":8,"key":"SMITH"},{"data":"Blade Dance","floor":10,"key":"SMITH"},{"data":"Survivor","floor":12,"key":"SMITH"},{"floor":15,"key":"REST"}],"neow_cost":"PERCENT_DAMAGE","seed_source_timestamp":229892796670125,"circlet_count":0,"master_deck":["Defend_G+1","Defend_G+1","Defend_G+1","Defend_G+1","Defend_G+1","Strike_G+1","Strike_G+1","Strike_G+1","Survivor+1","Neutralize","Finisher+1","Blade Dance+1","Slice","Caltrops","Slice","Accuracy","Sucker Punch","Corpse Explosion","Prepared","Ghostly","Ghostly","Ghostly","Ghostly","Ghostly","Sucker Punch+1"],"relics":["Ring of the Snake","Gambling Chip","Blue Candle","Question Card","Eternal Feather","MutagenicStrength"],"potions_floor_usage":[16,16,18,23],"damage_taken":[{"damage":0,"enemies":"Jaw Worm","floor":1,"turns":7},{"damage":5,"enemies":"Small Slimes","floor":3,"turns":6},{"damage":0,"enemies":"2 Louse","floor":4,"turns":3},{"damage":37,"enemies":"3 Sentries","floor":6,"turns":12},{"damage":0,"enemies":"Looter","floor":7,"turns":3},{"damage":0,"enemies":"Large Slime","floor":13,"turns":1},{"damage":25,"enemies":"The Guardian","floor":16,"turns":10},{"damage":11,"enemies":"2 Thieves","floor":18,"turns":2},{"damage":8,"enemies":"3 Byrds","floor":21,"turns":4},{"damage":28,"enemies":"Slavers","floor":23,"turns":6}],"seed_played":"7869901639139608227","potions_obtained":[{"floor":6,"key":"Fire Potion"},{"floor":7,"key":"AttackPotion"},{"floor":16,"key":"Regen Potion"},{"floor":21,"key":"Ancient Potion"}],"is_trial":false,"path_per_floor":["M","?","M","M","?","E","M","R","T","R","$","R","M","?","R","B",null,"M","?","?","M","?","E"],"character_chosen":"THE_SILENT","items_purchased":["Accuracy"],"campfire_rested":1,"item_purchase_floors":[11],"current_hp_per_floor":[45,38,33,33,50,13,13,13,13,13,13,13,13,13,34,9,55,49,35,35,27,27,0],"gold":152,"neow_bonus":"ONE_RARE_RELIC","is_prod":false,"is_daily":false,"chose_seed":false,"campfire_upgraded":3,"win_rate":0,"timestamp":1560130924,"path_taken":["M","?","M","M","?","E","M","R","T","R","$","R","M","?","R","BOSS","M","?","?","M","?","E"],"build_version":"2019-01-23","purchased_purges":1,"victory":false,"max_hp_per_floor":[70,70,70,70,70,70,70,70,70,70,70,70,70,70,70,70,70,70,35,35,35,35,35],"card_choices":[{"not_picked":["Bane","Outmaneuver"],"picked":"Finisher","floor":1},{"not_picked":["Dagger Spray","Acrobatics"],"picked":"Blade Dance","floor":3},{"not_picked":["Distraction","Underhanded Strike"],"picked":"Slice","floor":4},{"not_picked":["Tactician","Malaise"],"picked":"Caltrops","floor":6},{"not_picked":["Dagger Spray","Flechettes"],"picked":"Slice","floor":7},{"not_picked":["Concentrate","Prepared","Backflip"],"picked":"Sucker Punch","floor":13},{"not_picked":["Bullet Time","Adrenaline","Tools of the Trade"],"picked":"Corpse Explosion","floor":16},{"not_picked":["Bane","Reflex+1","Accuracy"],"picked":"Prepared","floor":18},{"not_picked":["Backflip","Flying Knee","Riddle With Holes"],"picked":"Sucker Punch+1","floor":21}],"player_experience":729822,"relics_obtained":[{"floor":6,"key":"Blue Candle"},{"floor":9,"key":"Question Card"}],"event_choices":[{"cards_removed":["Strike_G"],"damage_healed":0,"gold_gain":0,"player_choice":"Card Removal","damage_taken":7,"max_hp_gain":0,"max_hp_loss":0,"event_name":"Golden Wing","floor":2,"gold_loss":0},{"damage_healed":17,"gold_gain":0,"player_choice":"Healed","damage_taken":0,"max_hp_gain":0,"max_hp_loss":0,"event_name":"The Cleric","floor":5,"gold_loss":35},{"damage_healed":0,"gold_gain":0,"player_choice":"Ignored","damage_taken":0,"max_hp_gain":0,"max_hp_loss":0,"event_name":"Shining Light","floor":14,"gold_loss":0},{"damage_healed":0,"gold_gain":0,"player_choice":"Became a Ghost","damage_taken":0,"max_hp_gain":0,"max_hp_loss":35,"event_name":"Ghosts","floor":19,"gold_loss":0,"cards_obtained":["Ghostly","Ghostly","Ghostly","Ghostly","Ghostly"]},{"damage_healed":0,"gold_gain":0,"player_choice":"Inject Mutagens","damage_taken":0,"relics_obtained":["MutagenicStrength"],"max_hp_gain":0,"max_hp_loss":0,"event_name":"Drug Dealer","floor":20,"gold_loss":0},{"damage_healed":0,"gold_gain":0,"player_choice":"Simplicity","damage_taken":0,"max_hp_gain":0,"max_hp_loss":0,"event_name":"Back to Basics","floor":22,"gold_loss":0,"cards_upgraded":["Defend_G","Defend_G","Defend_G","Defend_G","Defend_G","Strike_G","Strike_G","Strike_G"]}],"is_beta":false,"boss_relics":[{"not_picked":["Lizard Tail","Orrery"],"picked":"Eternal Feather"}],"items_purged_floors":[11],"is_endless":false,"potions_floor_spawned":[6,7,16,21],"killed_by":"Slavers","ascension_level":8}