{"gold_per_floor":[109,125,125,175,188,188,200,200,200,220,239,239,251,267,267,344,344,344],"floor_reached":18,"playtime":626,"items_purged":[],"score":289,"play_id":"282cc6e3-6b29-4c66-a86f-ea7adf65e6c0","local_time":"20190529212338","is_ascension_mode":true,"campfire_choices":[{"data":"Bash","floor":6,"key":"SMITH"},{"data":"Shockwave","floor":8,"key":"SMITH"},{"data":"Inflame","floor":12,"key":"SMITH"},{"floor":15,"key":"REST"}],"neow_cost":"NONE","seed_source_timestamp":1154076856815330,"circlet_count":0,"master_deck":["AscendersBane","Strike_R","Strike_R","Strike_R","Strike_R","Strike_R","Defend_R","Defend_R","Defend_R","Defend_R","Bash+1","Exhume","Inflame+1","Carnage","Shockwave+1","Evolve","Demon Form","Ghostly Armor","Barricade"],"special_seed":0,"relics":["Burning Blood","Bottled Lightning","Velvet Choker"],"potions_floor_usage":[7,14,16],"damage_taken":[{"damage":6.0,"enemies":"Cultist","floor":1.0,"turns":3.0},{"damage":11,"enemies":"Jaw Worm","floor":2,"turns":5},{"damage":4,"enemies":"2 Louse","floor":5,"turns":3},{"damage":24,"enemies":"Exordium Wildlife","floor":7,"turns":6},{"damage":3,"enemies":"2 Fungi Beasts","floor":10,"turns":4},{"damage":10,"enemies":"Blue Slaver","floor":11,"turns":5},{"damage":8,"enemies":"Exordium Thugs","floor":13,"turns":3},{"damage":30,"enemies":"Gremlin Gang","floor":14,"turns":5},{"damage":36,"enemies":"Hexaghost","floor":16,"turns":10},{"damage":63,"enemies":"Spheric Guardian","floor":18,"turns":7}],"seed_played":"1421759965013808428","potions_obtained":[{"floor":2,"key":"Block Potion"},{"floor":7,"key":"BloodPotion"},{"floor":10,"key":"Dexterity Potion"},{"floor":14,"key":"Dexterity Potion"}],"is_trial":false,"path_per_floor":["M","M","?","?","M","R","M","R","T","M","M","R","M","M","R","B",null,"M"],"character_chosen":"IRONCLAD","items_purchased":[],"campfire_rested":1,"item_purchase_floors":[],"current_hp_per_floor":[68,63,63,63,65,65,47,47,47,50,46,46,44,27,49,19,61,0],"gold":344,"neow_bonus":"ONE_RANDOM_RARE_CARD","is_prod":false,"is_daily":false,"chose_seed":false,"campfire_upgraded":3,"win_rate":0,"timestamp":1559136218,"path_taken":["M","M","?","?","M","R","M","R","T","M","M","R","?","M","R","BOSS","M"],"build_version":"2019-01-23","purchased_purges":0,"victory":false,"max_hp_per_floor":[75,75,75,75,75,75,75,75,75,75,75,75,75,75,75,75,75,75],"card_choices":[{"not_picked":["Sword Boomerang","Carnage"],"picked":"Inflame","floor":1.0},{"not_picked":["Anger","Carnage","Sword Boomerang"],"picked":"SKIP","floor":2},{"not_picked":["Anger","Sword Boomerang"],"picked":"Carnage","floor":2},{"not_picked":["True Grit","Cleave","Searing Blow"],"picked":"SKIP","floor":5},{"not_picked":["Second Wind","Shrug It Off"],"picked":"Shockwave","floor":7},{"not_picked":["Reckless Charge","Armaments"],"picked":"Evolve","floor":10},{"not_picked":["Reckless Charge","Clothesline","Headbutt"],"picked":"SKIP","floor":11},{"not_picked":["Iron Wave","Headbutt"],"picked":"Demon Form","floor":13},{"not_picked":["Iron Wave","Burning Pact"],"picked":"Ghostly Armor","floor":14},{"not_picked":["Brutality","Fiend Fire"],"picked":"Barricade","floor":16}],"player_experience":615736,"relics_obtained":[{"floor":9,"key":"Bottled Lightning"}],"event_choices":[{"damage_healed":0,"gold_gain":0,"player_choice":"Ignored","damage_taken":0,"max_hp_gain":0,"max_hp_loss":0,"event_name":"Liars Game","floor":3,"gold_loss":0},{"damage_healed":0,"gold_gain":50,"player_choice":"Pray","damage_taken":0,"max_hp_gain":0,"max_hp_loss":0,"event_name":"Golden Shrine","floor":4,"gold_loss":0}],"is_beta":false,"boss_relics":[{"not_picked":["Runic Dome","Fusion Hammer"],"picked":"Velvet Choker"}],"items_purged_floors":[],"is_endless":false,"potions_floor_spawned":[2,7,10,14],"killed_by":"Spheric Guardian","ascension_level":17}