{"gold_per_floor":[115,115,40,40,51,86,86,105,105,5,5,5,19,45,45,143,143,154,170,45,56,56,56,56,84,84,101,101,135,135,151,151,250,250,262,272,16,34,0,32,48,48,72,72,97,52,52,62,62,62],"floor_reached":51,"playtime":4100,"items_purged":["Strike_B","Strike_B","Strike_B"],"score":853,"play_id":"207effc7-fe8e-4c31-a60a-0922b861b19c","local_time":"20190521200905","is_ascension_mode":false,"campfire_choices":[{"data":"Sweeping Beam","floor":7,"key":"SMITH"},{"data":"Sweeping Beam","floor":12,"key":"SMITH"},{"data":"Loop","floor":15,"key":"SMITH"},{"floor":23,"key":"REST"},{"data":"Sunder","floor":30,"key":"SMITH"},{"floor":32,"key":"REST"},{"data":"Zap","floor":42,"key":"SMITH"},{"data":"Chill","floor":47,"key":"SMITH"},{"floor":49,"key":"REST"}],"neow_cost":"NONE","seed_source_timestamp":267844919039291,"circlet_count":0,"master_deck":["Defend_B","Defend_B","Defend_B","Defend_B","Zap+1","Dualcast","Sweeping Beam+1","Sunder+1","Sweeping Beam+1","Fusion+1","Coolheaded","Loop+1","Amplify","Go for the Eyes+1","Conserve Battery+1","Chill+1","BootSequence+1","Core Surge+1","Echo Form","FTL+1","Streamline+1","Barrage+1","Parasite"],"relics":["Cracked Core","Bronze Scales","Mummified Hand","Cables","Darkstone Periapt","Black Star","Enchiridion","Pear","PreservedInsect","Incense Burner","Molten Egg 2","Orichalcum","Dead Branch","Inserter","Singing Bowl","Red Mask","Meat on the Bone","Torii","Bag of Marbles","Bag of Preparation","Letter Opener"],"potions_floor_usage":[18,21,33,50,50,50,50],"damage_taken":[{"damage":1,"enemies":"Jaw Worm","floor":1,"turns":3},{"damage":2,"enemies":"2 Louse","floor":5,"turns":2},{"damage":32,"enemies":"Gremlin Nob","floor":6,"turns":4},{"damage":0,"enemies":"Cultist","floor":8,"turns":2},{"damage":0,"enemies":"Looter","floor":13,"turns":3},{"damage":4,"enemies":"3 Sentries","floor":14,"turns":3},{"damage":14,"enemies":"Hexaghost","floor":16,"turns":9},{"damage":15,"enemies":"2 Thieves","floor":18,"turns":3},{"damage":5,"enemies":"Chosen","floor":19,"turns":4},{"damage":9,"enemies":"Snecko","floor":21,"turns":6},{"damage":5,"enemies":"Gremlin Leader","floor":25,"turns":6},{"damage":14,"enemies":"Snake Plant","floor":27,"turns":4},{"damage":0,"enemies":"Book of Stabbing","floor":29,"turns":3},{"damage":0,"enemies":"Centurion and Healer","floor":31,"turns":7},{"damage":0,"enemies":"Collector","floor":33,"turns":9},{"damage":0,"enemies":"Orb Walker","floor":35,"turns":3},{"damage":0,"enemies":"3 Shapes","floor":36,"turns":4},{"damage":12,"enemies":"Spire Growth","floor":38,"turns":5},{"damage":0,"enemies":"Giant Head","floor":40,"turns":5},{"damage":0,"enemies":"3 Darklings","floor":41,"turns":4},{"damage":0,"enemies":"Nemesis","floor":45,"turns":3},{"damage":1,"enemies":"Writhing Mass","floor":48,"turns":4},{"damage":35,"enemies":"Awakened One","floor":50,"turns":12}],"seed_played":"-7692851573341634722","potions_obtained":[{"floor":5,"key":"Explosive Potion"},{"floor":8,"key":"EssenceOfSteel"},{"floor":13,"key":"GamblersBrew"},{"floor":14,"key":"SpeedPotion"},{"floor":19,"key":"Energy Potion"},{"floor":21,"key":"GamblersBrew"},{"floor":24,"key":"Dexterity Potion"},{"floor":24,"key":"EssenceOfSteel"},{"floor":24,"key":"Fire Potion"},{"floor":38,"key":"EntropicBrew"},{"floor":45,"key":"SkillPotion"}],"is_trial":false,"path_per_floor":["M","?","$","?","M","E","R","M","T","$","?","R","M","E","R","B",null,"M","M","$","M","?","R","?","E","T","M","?","E","R","M","R","B",null,"M","M","$","M","?","E","M","R","T","?","E","$","R","M","R","B",null],"character_chosen":"DEFECT","items_purchased":["Singing Bowl","Barrage+1"],"campfire_rested":3,"item_purchase_floors":[37,46],"current_hp_per_floor":[74,67,67,75,73,41,41,41,41,41,41,41,41,37,37,23,75,60,55,55,46,30,52,52,57,57,43,43,43,43,43,68,68,85,85,85,85,73,73,75,77,77,77,77,79,79,79,86,95,60],"gold":62,"neow_bonus":"RANDOM_COMMON_RELIC","is_prod":false,"is_daily":false,"chose_seed":false,"campfire_upgraded":6,"win_rate":0,"timestamp":1558483745,"path_taken":["M","?","$","?","?","E","R","M","T","$","?","R","M","E","R","BOSS","M","?","?","?","?","R","?","E","T","?","?","E","R","M","R","BOSS","M","M","$","M","?","E","M","R","T","?","E","?","R","M","R","BOSS"],"build_version":"2019-01-23","purchased_purges":3,"victory":true,"max_hp_per_floor":[75,75,75,75,75,75,75,75,75,75,75,75,75,75,75,75,75,75,75,75,75,75,75,75,85,85,85,85,85,85,85,85,85,85,85,85,85,85,85,87,89,89,89,85,87,87,87,95,95,95],"card_choices":[{"not_picked":["Go for the Eyes","Conserve Battery"],"picked":"Sweeping Beam","floor":1},{"not_picked":["Turbo","Double Energy"],"picked":"Sunder","floor":5},{"not_picked":["Gash","Redo"],"picked":"Sweeping Beam","floor":6},{"not_picked":["Reprogram","Barrage"],"picked":"Fusion","floor":8},{"not_picked":["Scrape","Turbo"],"picked":"Coolheaded","floor":13},{"not_picked":["Scrape","Reprogram"],"picked":"Loop","floor":14},{"not_picked":["Thunder Strike","Creative AI"],"picked":"Amplify","floor":16},{"not_picked":["Storm","Rip and Tear"],"picked":"Go for the Eyes+1","floor":18},{"not_picked":["Sunder","Loop"],"picked":"Conserve Battery+1","floor":19},{"not_picked":["Rebound","Steam Power"],"picked":"Chill","floor":21},{"not_picked":["Ball Lightning","Steam Power","Turbo+1"],"picked":"SKIP","floor":25},{"not_picked":["Sweeping Beam","Streamline"],"picked":"BootSequence+1","floor":27},{"not_picked":["Redo+1","Beam Cell+1","Reprogram"],"picked":"SKIP","floor":29},{"not_picked":["Self Repair+1","Cold Snap+1"],"picked":"Core Surge+1","floor":31},{"not_picked":["Core Surge+1","Fission"],"picked":"Echo Form","floor":33},{"not_picked":["Hologram+1","Go for the Eyes+1"],"picked":"FTL+1","floor":35},{"not_picked":["Genetic Algorithm","Coolheaded+1","Go for the Eyes+1"],"picked":"SKIP","floor":36},{"not_picked":["Blizzard+1","Skim"],"picked":"Streamline+1","floor":38},{"not_picked":["Redo+1","Chaos","Go for the Eyes+1"],"picked":"Singing Bowl","floor":40},{"not_picked":["Leap+1","Redo","Coolheaded+1"],"picked":"Singing Bowl","floor":41},{"not_picked":["Streamline+1","Redo+1","Ball Lightning+1"],"picked":"Singing Bowl","floor":45},{"not_picked":["Genetic Algorithm","Fusion","Gash+1"],"picked":"Singing Bowl","floor":48}],"player_experience":599965,"relics_obtained":[{"floor":6,"key":"Mummified Hand"},{"floor":9,"key":"Cables"},{"floor":14,"key":"Darkstone Periapt"},{"floor":22,"key":"Enchiridion"},{"floor":25,"key":"Pear"},{"floor":25,"key":"PreservedInsect"},{"floor":26,"key":"Incense Burner"},{"floor":29,"key":"Orichalcum"},{"floor":29,"key":"Dead Branch"},{"floor":40,"key":"Meat on the Bone"},{"floor":40,"key":"Torii"},{"floor":43,"key":"Bag of Marbles"},{"floor":45,"key":"Bag of Preparation"},{"floor":45,"key":"Letter Opener"}],"event_choices":[{"cards_removed":["Strike_B"],"damage_healed":0,"gold_gain":0,"player_choice":"Card Removal","damage_taken":7,"max_hp_gain":0,"max_hp_loss":0,"event_name":"Golden Wing","floor":2,"gold_loss":0},{"damage_healed":8,"gold_gain":0,"player_choice":"Full Heal","damage_taken":0,"max_hp_gain":0,"max_hp_loss":0,"event_name":"Wheel of Change","floor":4,"gold_loss":0},{"damage_healed":0,"gold_gain":0,"player_choice":"Upgraded","damage_taken":0,"max_hp_gain":0,"max_hp_loss":0,"event_name":"Upgrade Shrine","floor":11,"gold_loss":0,"cards_upgraded":["Fusion"]},{"damage_healed":0,"gold_gain":0,"player_choice":"Obtained Book","damage_taken":16,"max_hp_gain":0,"max_hp_loss":0,"event_name":"Cursed Tome","floor":22,"gold_loss":0},{"damage_healed":0,"gold_gain":0,"player_choice":"Got Potions","damage_taken":0,"max_hp_gain":0,"max_hp_loss":0,"event_name":"Lab","floor":24,"gold_loss":0},{"damage_healed":0,"gold_gain":0,"player_choice":"Opened","damage_taken":0,"relics_obtained":["Molten Egg 2"],"max_hp_gain":0,"max_hp_loss":0,"event_name":"The Mausoleum","floor":28,"gold_loss":0},{"damage_healed":0,"gold_gain":0,"player_choice":"Paid","damage_taken":0,"relics_obtained":["Red Mask"],"max_hp_gain":0,"max_hp_loss":0,"event_name":"Tomb of Lord Red Mask","floor":39,"gold_loss":34},{"damage_healed":0,"gold_gain":0,"player_choice":"Max HP","damage_taken":0,"max_hp_gain":0,"max_hp_loss":4,"event_name":"Winding Halls","floor":44,"gold_loss":0}],"is_beta":false,"boss_relics":[{"not_picked":["Pandora\u0027s Box","Busted Crown"],"picked":"Black Star"},{"not_picked":["Runic Pyramid","Velvet Choker"],"picked":"Inserter"}],"items_purged_floors":[3,10,20],"is_endless":false,"potions_floor_spawned":[5,8,13,14,19,21,27,31,38,41,45,48],"ascension_level":0}