{"gold_per_floor":[114,134,234,247,257,257,272,272,272,126,141,141,151,184,184,281,281,221,221,221,221,29,29,29,29,29,29,29,29,29,29,29,29,29,29,29,0,0,0,0,0,0,0,0,0,0,0,0,0,0,0,0,0,0,0],"floor_reached":55,"playtime":4200,"items_purged":["Strike_B"],"score":742,"play_id":"f784d4f7-e2b1-4a05-a9de-2b80eed8962e","local_time":"20190525142312","is_ascension_mode":false,"campfire_choices":[{"data":"Zap","floor":6,"key":"SMITH"},{"data":"Defend_B","floor":8,"key":"SMITH"},{"data":"Leap","floor":15,"key":"SMITH"},{"data":"Conserve Battery","floor":24,"key":"SMITH"},{"data":"Conserve Battery","floor":28,"key":"SMITH"},{"floor":32,"key":"REST"},{"floor":41,"key":"RECALL"},{"data":"Leap","floor":44,"key":"SMITH"},{"floor":49,"key":"REST"},{"data":"FTL","floor":52,"key":"SMITH"}],"neow_cost":"NONE","seed_source_timestamp":592626476509584,"circlet_count":0,"master_deck":["Defend_B+1","Defend_B","Defend_B","Zap+1","Dualcast","Dramatic Entrance","Gash","Gash","Chill","White Noise","Leap+1","Leap+1","BootSequence","Machine Learning+1","FTL+1","Conserve Battery+1","Conserve Battery+1","Machine Learning+1","Echo Form+1","Self Repair+1","Shame","Seek+1","Rebound+1","Capacitor+1","Beam Cell+1","Skim+1","Skim+1","BootSequence+1"],"relics":["Cracked Core","Cables","Frozen Egg 2","Kunai","Ectoplasm","DollysMirror","Boot","Ornamental Fan","Toxic Egg 2","Pocketwatch","Astrolabe","Red Mask","Pear","PreservedInsect","Strawberry","Bottled Flame","Orichalcum"],"potions_floor_usage":[14,16,23,40,50,54,55],"damage_taken":[{"damage":0,"enemies":"2 Louse","floor":1,"turns":2},{"damage":0,"enemies":"Cultist","floor":2,"turns":2},{"damage":0,"enemies":"Small Slimes","floor":4,"turns":2},{"damage":0,"enemies":"Looter","floor":5,"turns":2},{"damage":2,"enemies":"2 Fungi Beasts","floor":7,"turns":2},{"damage":8,"enemies":"Blue Slaver","floor":11,"turns":3},{"damage":0,"enemies":"Gremlin Gang","floor":13,"turns":3},{"damage":2,"enemies":"Lagavulin","floor":14,"turns":6},{"damage":16,"enemies":"Hexaghost","floor":16,"turns":10},{"damage":5,"enemies":"2 Thieves","floor":18,"turns":4},{"damage":6,"enemies":"Spheric Guardian","floor":20,"turns":6},{"damage":0,"enemies":"Centurion and Healer","floor":21,"turns":6},{"damage":19,"enemies":"Gremlin Leader","floor":23,"turns":11},{"damage":0,"enemies":"Snecko","floor":25,"turns":5},{"damage":0,"enemies":"3 Cultists","floor":29,"turns":7},{"damage":26,"enemies":"Slavers","floor":31,"turns":8},{"damage":27,"enemies":"Collector","floor":33,"turns":10},{"damage":1,"enemies":"Orb Walker","floor":35,"turns":4},{"damage":0,"enemies":"3 Darklings","floor":39,"turns":6},{"damage":35,"enemies":"Nemesis","floor":40,"turns":7},{"damage":0,"enemies":"Maw","floor":42,"turns":7},{"damage":0,"enemies":"4 Shapes","floor":47,"turns":6},{"damage":25,"enemies":"Reptomancer","floor":48,"turns":8},{"damage":12,"enemies":"Donu and Deca","floor":50,"turns":8},{"damage":75,"enemies":"Shield and Spear","floor":54,"turns":9},{"damage":80,"enemies":"The Heart","floor":55,"turns":3}],"seed_played":"-2503062318718989962","potions_obtained":[{"floor":1,"key":"SteroidPotion"},{"floor":4,"key":"FearPotion"},{"floor":11,"key":"PowerPotion"},{"floor":14,"key":"FearPotion"},{"floor":18,"key":"EssenceOfSteel"},{"floor":25,"key":"SneckoOil"},{"floor":33,"key":"Ancient Potion"},{"floor":35,"key":"SkillPotion"},{"floor":40,"key":"LiquidBronze"},{"floor":47,"key":"EntropicBrew"},{"floor":48,"key":"FocusPotion"},{"floor":54,"key":"FearPotion"}],"is_trial":false,"path_per_floor":["M","M","?","M","M","R","M","R","T","$","M","T","M","E","R","B",null,"M","T","M","M","$","E","R","M","T","$","R","M","?","E","R","B",null,"M","?","?","$","M","E","R","M","T","R","T","$","M","E","R","B",null,"R","$","E","B"],"character_chosen":"DEFECT","items_purchased":["White Noise","DollysMirror"],"campfire_rested":2,"item_purchase_floors":[10,22],"current_hp_per_floor":[75,75,75,75,75,75,73,73,73,73,65,65,65,63,63,47,75,70,70,64,64,64,45,45,45,45,45,45,45,45,39,61,44,75,75,75,75,75,75,60,60,70,70,70,77,77,87,72,92,90,92,92,92,27,0],"gold":0,"neow_bonus":"RANDOM_COLORLESS","is_prod":false,"is_daily":false,"chose_seed":false,"campfire_upgraded":7,"win_rate":0,"timestamp":1558808592,"path_taken":["M","M","?","?","M","R","M","R","T","$","M","?","?","E","R","BOSS","M","?","?","M","$","E","R","M","T","?","R","M","?","E","R","BOSS","M","?","?","?","?","E","R","M","T","R","?","$","M","E","R","BOSS","R","$","E","BOSS"],"build_version":"2019-01-23","purchased_purges":1,"victory":false,"max_hp_per_floor":[75,75,75,75,75,75,75,75,75,75,75,75,75,75,75,75,75,75,75,75,75,75,75,75,75,75,75,75,75,75,75,75,75,75,75,75,75,75,75,85,85,85,85,85,92,92,92,92,92,92,92,92,92,92,92],"card_choices":[{"not_picked":["Chaos","Conserve Battery"],"picked":"Gash","floor":1},{"not_picked":["Compile Driver","Reprogram","Rip and Tear"],"picked":"SKIP","floor":2},{"not_picked":["Blizzard","Heatsinks"],"picked":"Gash","floor":4},{"not_picked":["Loop","Turbo"],"picked":"Chill","floor":5},{"not_picked":["Steam","Compile Driver","Redo"],"picked":"SKIP","floor":7},{"not_picked":["Hologram","Barrage"],"picked":"Leap","floor":11},{"not_picked":["Rip and Tear","Coolheaded"],"picked":"Leap","floor":13},{"not_picked":["Static Discharge+1","Multi-Cast"],"picked":"BootSequence","floor":14},{"not_picked":["All For One","Creative AI+1"],"picked":"Machine Learning+1","floor":16},{"not_picked":["Streamline","Barrage"],"picked":"FTL","floor":18},{"not_picked":["Auto Shields","Defragment+1"],"picked":"Conserve Battery","floor":20},{"not_picked":["Ball Lightning","Redo"],"picked":"Conserve Battery","floor":21},{"not_picked":["FTL+1","Blizzard"],"picked":"Echo Form+1","floor":23},{"not_picked":["Leap","Conserve Battery","Steam"],"picked":"SKIP","floor":25},{"not_picked":["Coolheaded","Static Discharge+1"],"picked":"Self Repair+1","floor":29},{"not_picked":["Lockon","Turbo+1","Reprogram+1"],"picked":"SKIP","floor":31},{"not_picked":["Thunder Strike","Hyperbeam"],"picked":"Seek+1","floor":33},{"not_picked":["Streamline","Sunder+1"],"picked":"Skim+1","floor":35},{"not_picked":["Ball Lightning","Sweeping Beam"],"picked":"Skim+1","floor":39},{"not_picked":["Rebound","Hologram+1"],"picked":"BootSequence+1","floor":40},{"not_picked":["Coolheaded+1","Reprogram+1","Conserve Battery+1"],"picked":"SKIP","floor":42},{"not_picked":["Beam Cell","Rebound+1","Cold Snap"],"picked":"SKIP","floor":47},{"not_picked":["Melter+1","Static Discharge+1","Rip and Tear"],"picked":"SKIP","floor":48},{"not_picked":["BootSequence+1","Creative AI+1","Rebound"],"picked":"SKIP","floor":54}],"player_experience":617778,"relics_obtained":[{"floor":9,"key":"Cables"},{"floor":12,"key":"Frozen Egg 2"},{"floor":14,"key":"Kunai"},{"floor":23,"key":"Boot"},{"floor":26,"key":"Ornamental Fan"},{"floor":31,"key":"Pocketwatch"},{"floor":40,"key":"Pear"},{"floor":43,"key":"PreservedInsect"},{"floor":45,"key":"Strawberry"},{"floor":48,"key":"Bottled Flame"},{"floor":54,"key":"Orichalcum"}],"event_choices":[{"damage_healed":0,"gold_gain":100,"player_choice":"Pray","damage_taken":0,"max_hp_gain":0,"max_hp_loss":0,"event_name":"Golden Shrine","floor":3,"gold_loss":0},{"damage_healed":0,"gold_gain":0,"player_choice":"Stole Relic","damage_taken":0,"relics_obtained":["Toxic Egg 2"],"max_hp_gain":0,"max_hp_loss":0,"event_name":"Addict","floor":30,"gold_loss":0,"cards_obtained":["Shame"]},{"cards_removed":["Defend_B"],"damage_healed":0,"gold_gain":0,"player_choice":"Removed Skill","damage_taken":0,"max_hp_gain":0,"max_hp_loss":0,"event_name":"Falling","floor":36,"gold_loss":0},{"damage_healed":0,"gold_gain":0,"player_choice":"Paid","damage_taken":0,"relics_obtained":["Red Mask"],"max_hp_gain":0,"max_hp_loss":0,"event_name":"Tomb of Lord Red Mask","floor":37,"gold_loss":29}],"is_beta":false,"boss_relics":[{"not_picked":["White Beast Statue","Snecko Eye"],"picked":"Ectoplasm"},{"not_picked":["Runic Dome","FrozenCore"],"picked":"Astrolabe"}],"items_purged_floors":[10],"is_endless":false,"potions_floor_spawned":[1,4,11,13,14,18,25,29,33,35,40,47,48,54],"killed_by":"The Heart","ascension_level":0}