{"gold_per_floor":[213,213,213,163,178,209,209,209,254,288,308,328,347,363,363,462,462,476,487,503,514,514,514,533,552,552,552],"floor_reached":27,"playtime":2209,"items_purged":[],"score":309,"play_id":"2d21fd4d-af0a-45cd-87d5-151caab12e5c","local_time":"20190609134711","is_ascension_mode":true,"campfire_choices":[{"data":"Backstab","floor":7,"key":"SMITH"},{"floor":15,"key":"REST"},{"data":"Outmaneuver","floor":23,"key":"SMITH"}],"neow_cost":"NONE","seed_source_timestamp":157173863220996,"circlet_count":0,"master_deck":["Defend_G","Defend_G","Defend_G","Defend_G","Strike_G","Strike_G","Strike_G","Survivor","Neutralize","Outmaneuver+1","Backstab+1","Deflect","Tools of the Trade","Slice","Acrobatics","Backflip","Underhanded Strike","Burst","Choke","Slice","Reflex","Calculated Gamble"],"relics":["Ring of the Snake","Vajra","CultistMask","Orichalcum","Mercury Hourglass","Runic Pyramid","Shuriken"],"potions_floor_usage":[6,12,16,18,25,25],"damage_taken":[{"damage":3,"enemies":"Jaw Worm","floor":1,"turns":4},{"damage":2,"enemies":"2 Louse","floor":5,"turns":4},{"damage":28,"enemies":"3 Sentries","floor":6,"turns":13},{"damage":21,"enemies":"Gremlin Nob","floor":10,"turns":5},{"damage":0,"enemies":"Small Slimes","floor":11,"turns":3},{"damage":0,"enemies":"Gremlin Gang","floor":12,"turns":3},{"damage":6,"enemies":"Exordium Thugs","floor":13,"turns":3},{"damage":0,"enemies":"Lots of Slimes","floor":14,"turns":3},{"damage":23,"enemies":"The Guardian","floor":16,"turns":16},{"damage":2,"enemies":"2 Thieves","floor":18,"turns":3},{"damage":6,"enemies":"Shell Parasite","floor":19,"turns":7},{"damage":3,"enemies":"Snake Plant","floor":20,"turns":5},{"damage":18,"enemies":"Centurion and Healer","floor":21,"turns":7},{"damage":20,"enemies":"Snecko","floor":24,"turns":5},{"damage":2,"enemies":"3 Cultists","floor":25,"turns":4},{"damage":7,"enemies":"Sentry and Sphere","floor":27,"turns":3}],"seed_played":"7302514993057209712","potions_obtained":[{"floor":5,"key":"LiquidBronze"},{"floor":11,"key":"Regen Potion"},{"floor":12,"key":"Ancient Potion"},{"floor":14,"key":"Weak Potion"},{"floor":16,"key":"AttackPotion"},{"floor":21,"key":"Weak Potion"},{"floor":24,"key":"Explosive Potion"}],"is_trial":false,"path_per_floor":["M","?","?","?","M","E","R","?","T","E","M","M","M","M","R","B",null,"M","M","M","M","?","R","M","M","T","M"],"character_chosen":"THE_SILENT","items_purchased":[],"campfire_rested":1,"item_purchase_floors":[],"current_hp_per_floor":[60,60,60,60,58,30,30,30,30,9,9,18,12,12,33,10,55,53,47,44,26,26,26,6,4,4,0],"gold":552,"neow_bonus":"HUNDRED_GOLD","is_prod":false,"is_daily":false,"chose_seed":false,"campfire_upgraded":2,"win_rate":0,"timestamp":1560059231,"path_taken":["M","?","?","?","?","E","R","?","T","E","?","M","M","M","R","BOSS","M","M","M","M","?","R","M","M","T","?"],"build_version":"2019-01-23","purchased_purges":0,"victory":false,"max_hp_per_floor":[70,70,70,70,70,70,70,70,70,70,70,70,70,70,70,70,70,70,70,70,70,70,70,70,70,70,70],"card_choices":[{"not_picked":["Quick Slash","All Out Attack"],"picked":"Outmaneuver","floor":1},{"not_picked":["Deadly Poison","Sucker Punch"],"picked":"Backstab","floor":5},{"not_picked":["PiercingWail","Endless Agony"],"picked":"Deflect","floor":6},{"not_picked":["Dagger Spray","PiercingWail"],"picked":"Tools of the Trade","floor":10},{"not_picked":["Flying Knee","Dagger Throw"],"picked":"Slice","floor":11},{"not_picked":["Outmaneuver","Dodge and Roll"],"picked":"Acrobatics","floor":12},{"not_picked":["Acrobatics","Noxious Fumes"],"picked":"Backflip","floor":13},{"not_picked":["Dodge and Roll","Doppelganger"],"picked":"Underhanded Strike","floor":14},{"not_picked":["Bullet Time","Wraith Form v2"],"picked":"Burst","floor":16},{"not_picked":["PiercingWail","Heel Hook","Distraction"],"picked":"SKIP","floor":18},{"not_picked":["Crippling Poison","Dagger Throw"],"picked":"Choke","floor":19},{"not_picked":["Quick Slash","Dagger Spray"],"picked":"Slice","floor":20},{"not_picked":["Sucker Punch","Blur"],"picked":"Reflex","floor":21},{"not_picked":["Eviscerate","Slice","Deflect"],"picked":"SKIP","floor":24},{"not_picked":["Deadly Poison","Caltrops"],"picked":"Calculated Gamble","floor":25}],"player_experience":721778,"relics_obtained":[{"floor":6,"key":"Vajra"},{"floor":9,"key":"Orichalcum"},{"floor":10,"key":"Mercury Hourglass"},{"floor":26,"key":"Shuriken"}],"event_choices":[{"damage_healed":0,"gold_gain":0,"player_choice":"Ignored","damage_taken":0,"max_hp_gain":0,"max_hp_loss":0,"event_name":"Liars Game","floor":2,"gold_loss":0},{"cards_removed":["Strike_G"],"damage_healed":0,"gold_gain":0,"player_choice":"Forget","damage_taken":0,"max_hp_gain":0,"max_hp_loss":0,"event_name":"Living Wall","floor":3,"gold_loss":0},{"cards_removed":["Defend_G"],"damage_healed":0,"gold_gain":0,"player_choice":"Card Removal","damage_taken":0,"max_hp_gain":0,"max_hp_loss":0,"event_name":"The Cleric","floor":4,"gold_loss":50},{"damage_healed":0,"gold_gain":0,"player_choice":"Trade","damage_taken":0,"relics_obtained":["CultistMask"],"max_hp_gain":0,"max_hp_loss":0,"event_name":"FaceTrader","floor":8,"gold_loss":0},{"cards_removed":["Strike_G"],"damage_healed":0,"gold_gain":0,"player_choice":"Card Removal","damage_taken":0,"max_hp_gain":0,"max_hp_loss":0,"event_name":"Wheel of Change","floor":22,"gold_loss":0}],"is_beta":false,"boss_relics":[{"not_picked":["Orrery","Cursed Key"],"picked":"Runic Pyramid"}],"items_purged_floors":[],"is_endless":false,"potions_floor_spawned":[5,11,12,14,16,21,24],"killed_by":"Sentry and Sphere","ascension_level":7}