{"gold_per_floor":[117,132,132,151,171,226,226,253,334,234,248,248,258,258,258,358,358,374,390,201,201,212,212,222,241,265,265,140,159,159],"floor_reached":30,"playtime":1843,"items_purged":["Strike_B","Defend_B","Defend_B"],"score":378,"play_id":"250b3098-a385-4752-843b-c1ee8f14b369","local_time":"20180725083255","is_ascension_mode":true,"campfire_choices":[{"data":"Zap","floor":7,"key":"SMITH"},{"floor":15,"key":"REST"},{"data":"Buffer","floor":23,"key":"SMITH"},{"data":"Bite","floor":27,"key":"SMITH"}],"neow_cost":"NONE","seed_source_timestamp":297272000982841,"circlet_count":0,"master_deck":["Zap+1","Dualcast","Streamline","Go for the Eyes","Auto Shields","Reboot","Compile Driver","All For One","Gash","Beam Cell","Beam Cell","Streamline","Sweeping Beam","Buffer+1","Beam Cell","Doom and Gloom","Bandage Up","Bite+1","Bite","Bite","Bite","Bite","Go for the Eyes","Rip and Tear+1","Conserve Battery","Sunder+1","Reinforced Body+1","FTL"],"relics":["Runic Dome","Tiny Chest","Prayer Wheel","Symbiotic Virus","Darkstone Periapt","Empty Cage","Strawberry"],"potions_floor_usage":[],"damage_taken":[{"damage":7,"enemies":"Jaw Worm","floor":1,"turns":3},{"damage":1,"enemies":"2 Louse","floor":2,"turns":3},{"damage":0,"enemies":"Cultist","floor":4,"turns":3},{"damage":3,"enemies":"Blue Slaver","floor":5,"turns":3},{"damage":14,"enemies":"Gremlin Nob","floor":6,"turns":4},{"damage":4,"enemies":"3 Sentries","floor":8,"turns":6},{"damage":0,"enemies":"Exordium Thugs","floor":11,"turns":2},{"damage":12,"enemies":"3 Louse","floor":13,"turns":3},{"damage":0,"enemies":"Slime Boss","floor":16,"turns":5},{"damage":8,"enemies":"2 Thieves","floor":18,"turns":3},{"damage":16,"enemies":"Shell Parasite","floor":19,"turns":3},{"damage":12,"enemies":"Chosen and Byrds","floor":22,"turns":4},{"damage":37,"enemies":"Snake Plant","floor":24,"turns":4},{"damage":6,"enemies":"Snecko","floor":25,"turns":5},{"damage":26,"enemies":"Centurion and Healer","floor":29,"turns":4},{"damage":14,"enemies":"Slavers","floor":30,"turns":2}],"seed_played":"-8468549841941503375","potions_obtained":[{"floor":2,"key":"SteroidPotion"},{"floor":5,"key":"FocusPotion"},{"floor":6,"key":"FocusPotion"},{"floor":16,"key":"Strength Potion"}],"is_trial":false,"path_per_floor":["M","M","?","M","M","E","R","E","T","$","M","?","M","T","R","B",null,"M","M","$","?","M","R","M","M","T","R","$","M"],"character_chosen":"DEFECT","items_purchased":["Gash","Bandage Up"],"campfire_rested":1,"item_purchase_floors":[10,20],"current_hp_per_floor":[68,67,52,52,49,35,35,31,31,31,31,31,19,19,41,41,75,67,51,51,51,52,52,17,21,28,28,28,11,0],"gold":159,"neow_bonus":"BOSS_RELIC","is_prod":false,"is_daily":false,"chose_seed":false,"campfire_upgraded":3,"win_rate":0,"timestamp":1532478775,"path_taken":["M","M","?","M","M","E","R","E","T","$","M","?","M","?","R","BOSS","M","M","$","?","M","R","M","?","T","R","$","M","E"],"build_version":"2018-07-19v2","purchased_purges":3,"victory":false,"max_hp_per_floor":[75,75,75,75,75,75,75,75,75,75,75,75,75,75,75,75,75,75,75,75,52,52,52,52,52,59,59,59,59,59],"card_choices":[{"not_picked":["Turbo","Cold Snap"],"picked":"Streamline","floor":1},{"not_picked":["Capacitor","Coolheaded"],"picked":"Go for the Eyes","floor":2},{"not_picked":["Darkness","Steam"],"picked":"Auto Shields","floor":4},{"not_picked":["Self Repair","Steam"],"picked":"Reboot","floor":5},{"not_picked":["Lockon","Defragment"],"picked":"Compile Driver","floor":6},{"not_picked":["Auto Shields","Defragment"],"picked":"All For One","floor":8},{"not_picked":["Rip and Tear","Stack"],"picked":"Beam Cell","floor":11},{"not_picked":["Barrage","Undo"],"picked":"Beam Cell","floor":11},{"not_picked":["Steam","Chill"],"picked":"Sweeping Beam","floor":13},{"not_picked":["Stack","Barrage","Hello World"],"picked":"SKIP","floor":13},{"not_picked":["Fission","Machine Learning"],"picked":"Buffer","floor":16},{"not_picked":["Reprogram","Rip and Tear"],"picked":"Beam Cell","floor":18},{"not_picked":["Blizzard","Rebound","Steam"],"picked":"SKIP","floor":18},{"not_picked":["Barrage","Storm+1"],"picked":"Doom and Gloom","floor":19},{"not_picked":["Steam Power","Stack","Ball Lightning"],"picked":"SKIP","floor":19},{"not_picked":["Compile Driver","Redo+1"],"picked":"Go for the Eyes","floor":22},{"not_picked":["Meteor Strike","Streamline+1"],"picked":"Rip and Tear+1","floor":22},{"not_picked":["Consume","Streamline"],"picked":"Conserve Battery","floor":24},{"not_picked":["Coolheaded","Cold Snap+1","Stack+1"],"picked":"SKIP","floor":24},{"not_picked":["Storm","Leap+1"],"picked":"Sunder+1","floor":25},{"not_picked":["Sweeping Beam+1","Streamline"],"picked":"Reinforced Body+1","floor":25},{"not_picked":["Force Field","Hello World+1"],"picked":"FTL","floor":29},{"not_picked":["Streamline","Cold Snap","Rebound"],"picked":"SKIP","floor":29}],"player_experience":230805,"relics_obtained":[{"floor":6,"key":"Tiny Chest"},{"floor":8,"key":"Prayer Wheel"},{"floor":9,"key":"Symbiotic Virus"},{"floor":14,"key":"Darkstone Periapt"},{"floor":26,"key":"Strawberry"}],"event_choices":[{"event_name":"Shining Light","player_choice":"Entered Light","floor":3,"damage_taken":0},{"event_name":"Transmorgrifier","player_choice":"Transform","floor":12,"damage_taken":0},{"event_name":"Vampires","player_choice":"Became a vampire","floor":21,"damage_taken":0}],"is_beta":false,"boss_relics":[{"not_picked":["Sozu","Inserter"],"picked":"Empty Cage"}],"items_purged_floors":[10,20,28],"is_endless":false,"potions_floor_spawned":[2,5,6,16,19,22,25],"killed_by":"Slavers","ascension_level":4}