{"gold_per_floor":[114,114,114,134,59,59,59,59,85,85,100,110,120,120,120,215,215,215,115,115,115,115,115,115],"floor_reached":24,"playtime":945,"items_purged":["Defend_B","Strike_B"],"score":186,"play_id":"a7e54546-070c-490d-b020-b8b14e525aab","local_time":"20180816221333","is_ascension_mode":false,"campfire_choices":[{"data":"Zap","floor":6,"key":"SMITH"},{"data":"Dualcast","floor":8,"key":"SMITH"},{"data":"Defend_B","floor":10,"key":"SMITH"},{"data":"Auto Shields","floor":15,"key":"SMITH"},{"data":"Consume","floor":23,"key":"SMITH"}],"neow_cost":"TEN_PERCENT_HP_LOSS","seed_source_timestamp":51219561876519,"circlet_count":0,"master_deck":["Strike_B","Defend_B+1","Defend_B","Zap+1","Dualcast+1","Auto Shields+1","Machine Learning","Consume+1"],"relics":["Cracked Core","GremlinMask","Ancient Tea Set","Ectoplasm"],"potions_floor_usage":[16],"damage_taken":[{"damage":5,"enemies":"Small Slimes","floor":1,"turns":3},{"damage":0,"enemies":"Cultist","floor":4,"turns":2},{"damage":0,"enemies":"Jaw Worm","floor":11,"turns":2},{"damage":0,"enemies":"2 Fungi Beasts","floor":12,"turns":4},{"damage":0,"enemies":"Large Slime","floor":13,"turns":5},{"damage":26,"enemies":"Slime Boss","floor":16,"turns":13},{"damage":5,"enemies":"Chosen","floor":18,"turns":5},{"damage":0,"enemies":"Spheric Guardian","floor":20,"turns":4},{"damage":13,"enemies":"Snake Plant","floor":22,"turns":4},{"damage":17,"floor":24,"turns":11}],"seed_played":"-2351233684267130786","potions_obtained":[{"floor":11,"key":"Swift Potion"},{"floor":18,"key":"Dexterity Potion"},{"floor":20,"key":"FearPotion"}],"is_trial":false,"path_per_floor":["M","?","?","M","$","R","$","R","T","R","M","M","M","?","R","B",null,"M","$","M","?","M","R"],"character_chosen":"DEFECT","items_purchased":[],"campfire_rested":0,"item_purchase_floors":[],"current_hp_per_floor":[63,63,63,63,63,63,63,63,63,63,63,63,63,68,68,42,73,68,68,68,68,55,55,38],"gold":115,"neow_bonus":"REMOVE_TWO","is_prod":false,"is_daily":false,"chose_seed":false,"campfire_upgraded":5,"win_rate":0,"timestamp":1534428813,"path_taken":["M","?","?","M","$","R","$","R","T","R","M","M","M","?","R","BOSS","M","$","M","?","M","R","?"],"build_version":"2018-08-09","purchased_purges":2,"victory":false,"max_hp_per_floor":[68,68,68,68,68,68,68,68,68,68,68,68,68,73,73,73,73,73,73,73,73,73,73,73],"card_choices":[{"not_picked":["Redo","Ball Lightning","Capacitor"],"picked":"SKIP","floor":1},{"not_picked":["Turbo","Defragment","Steam"],"picked":"SKIP","floor":4},{"not_picked":["Sweeping Beam","Reprogram"],"picked":"Auto Shields","floor":11},{"not_picked":["Blizzard","Sweeping Beam","Turbo"],"picked":"SKIP","floor":12},{"not_picked":["Static Discharge","Leap","Streamline"],"picked":"SKIP","floor":13},{"not_picked":["Hyperbeam","Amplify"],"picked":"Machine Learning","floor":16},{"not_picked":["Conserve Battery","Redo","Recycle"],"picked":"SKIP","floor":18},{"not_picked":["Reinforced Body","Turbo","Sweeping Beam"],"picked":"SKIP","floor":20},{"not_picked":["Steam","Sweeping Beam"],"picked":"Consume","floor":22}],"player_experience":485835,"relics_obtained":[{"floor":9,"key":"Ancient Tea Set"}],"event_choices":[{"event_name":"FaceTrader","player_choice":"Trade","floor":2,"damage_taken":0},{"event_name":"Living Wall","player_choice":"Forget","floor":3,"damage_taken":0},{"event_name":"Big Fish","player_choice":"Donut","floor":14,"damage_taken":0},{"event_name":"Drug Dealer","player_choice":"Ignored","floor":21,"damage_taken":0},{"event_name":"Masked Bandits","player_choice":"Fought Bandits","floor":24,"damage_taken":0}],"is_beta":false,"boss_relics":[{"not_picked":["Eternal Feather","Runic Dome"],"picked":"Ectoplasm"}],"items_purged_floors":[5,19],"is_endless":false,"potions_floor_spawned":[11,18,20],"ascension_level":0}