{"gold_per_floor":[114,130,55,55,68,68,81,107,163,163,163,163,176,176,176,265,265,284,309,209,209,225,225],"floor_reached":23,"playtime":786,"items_purged":["Strike_R","Strike_R"],"score":344,"play_id":"88fd7aee-d6cc-4322-9fca-a5995fe94992","local_time":"20181230215318","is_ascension_mode":true,"campfire_choices":[{"data":"Cleave","floor":6,"key":"SMITH"},{"data":"Clothesline","floor":10,"key":"SMITH"},{"data":"Twin Strike","floor":12,"key":"SMITH"},{"data":"Twin Strike","floor":15,"key":"SMITH"}],"neow_cost":"NONE","seed_source_timestamp":31671256100356,"circlet_count":0,"master_deck":["AscendersBane","Strike_R","Strike_R","Defend_R","Defend_R","Defend_R","Defend_R","Bash+1","Clothesline+1","Cleave+1","Twin Strike+1","Twin Strike+1","Double Tap","True Grit+1"],"relics":["Burning Blood","Blue Candle","Pen Nib","Tiny Chest","Golden Idol","Mummified Hand","White Beast Statue"],"potions_floor_usage":[8,16,19,22,23,23],"damage_taken":[{"damage":1,"enemies":"Cultist","floor":1,"turns":3},{"damage":14,"enemies":"Jaw Worm","floor":2,"turns":5},{"damage":4,"enemies":"2 Louse","floor":5,"turns":3},{"damage":12,"enemies":"Looter","floor":7,"turns":3},{"damage":25,"enemies":"Lagavulin","floor":8,"turns":5},{"damage":7,"enemies":"Exordium Wildlife","floor":13,"turns":3},{"damage":23,"enemies":"Slime Boss","floor":16,"turns":6},{"damage":11,"enemies":"Spheric Guardian","floor":18,"turns":3},{"damage":7,"enemies":"Chosen","floor":19,"turns":3},{"damage":24,"enemies":"Centurion and Healer","floor":22,"turns":5},{"damage":37,"enemies":"Gremlin Leader","floor":23,"turns":4}],"seed_played":"7152631758571885095","potions_obtained":[{"floor":1,"key":"AttackPotion"},{"floor":7,"key":"Poison Potion"},{"floor":8,"key":"PowerPotion"},{"floor":18,"key":"PowerPotion"},{"floor":19,"key":"PowerPotion"},{"floor":22,"key":"Energy Potion"}],"is_trial":false,"path_per_floor":["M","M","$","T","M","R","M","E","T","R","?","R","M","T","R","B",null,"M","M","$","?","M","E"],"character_chosen":"IRONCLAD","items_purchased":[],"campfire_rested":0,"item_purchase_floors":[],"current_hp_per_floor":[73,65,65,65,67,67,61,42,42,42,42,42,41,41,41,24,57,52,51,51,51,33,0],"gold":225,"neow_bonus":"UPGRADE_CARD","is_prod":false,"is_daily":false,"chose_seed":false,"campfire_upgraded":4,"win_rate":0,"timestamp":1546177998,"path_taken":["M","M","$","?","?","R","M","E","T","R","?","R","M","?","R","BOSS","M","M","$","?","?","E"],"build_version":"2018-12-20","purchased_purges":2,"victory":false,"max_hp_per_floor":[75,75,75,75,75,75,75,75,75,75,68,68,68,68,68,68,68,68,68,68,68,68,68],"card_choices":[{"not_picked":["Rupture","Warcry"],"picked":"Clothesline","floor":1},{"not_picked":["Pommel Strike","Hemokinesis"],"picked":"Cleave","floor":2},{"not_picked":["Perfected Strike","Thunderclap"],"picked":"Twin Strike","floor":5},{"not_picked":["Power Through","Wild Strike","Sentinel"],"picked":"SKIP","floor":7},{"not_picked":["Flex","Pommel Strike"],"picked":"Twin Strike","floor":8},{"not_picked":["Limit Break","Clash","Wild Strike"],"picked":"SKIP","floor":13},{"not_picked":["Brutality","Feed"],"picked":"Double Tap","floor":16},{"not_picked":["Pommel Strike","Iron Wave+1"],"picked":"True Grit+1","floor":18},{"not_picked":["Heavy Blade","Anger","Hemokinesis"],"picked":"SKIP","floor":19},{"not_picked":["Warcry","Heavy Blade","Dark Embrace"],"picked":"SKIP","floor":22},{"not_picked":["Warcry","Heavy Blade","Dark Embrace"],"picked":"SKIP","floor":22}],"player_experience":634891,"relics_obtained":[{"floor":4,"key":"Blue Candle"},{"floor":8,"key":"Pen Nib"},{"floor":9,"key":"Tiny Chest"},{"floor":14,"key":"Mummified Hand"}],"event_choices":[{"damage_healed":0,"gold_gain":0,"player_choice":"Lose Max HP","damage_taken":0,"relics_obtained":["Golden Idol"],"max_hp_gain":0,"max_hp_loss":7,"event_name":"Golden Idol","floor":11,"gold_loss":0},{"cards_removed":["Strike_R"],"damage_healed":0,"gold_gain":0,"player_choice":"Offered Basic","damage_taken":0,"max_hp_gain":0,"max_hp_loss":0,"event_name":"Bonfire Elementals","floor":21,"gold_loss":0}],"is_beta":false,"boss_relics":[{"not_picked":["Snecko Eye","Fusion Hammer"],"picked":"White Beast Statue"}],"items_purged_floors":[3,20],"is_endless":false,"potions_floor_spawned":[1,7,8,18,19,22],"killed_by":"Gremlin Leader","ascension_level":16}