{"path_per_floor":["M","?","?","?","$","$","M","R","T","?","M","R","E","M","R","B",null,"M","?","M","$","M","R","M","M","T","M","?","R","M","M","R"],"character_chosen":"THE_SILENT","items_purchased":["Paper Crane"],"gold_per_floor":[119,119,119,119,44,44,62,62,62,62,74,74,109,127,127,224,224,244,244,261,6,26,26,37,47,47,64,64,64,84,98,98],"floor_reached":33,"campfire_rested":2,"playtime":1994,"current_hp_per_floor":[63,63,63,63,63,63,63,63,63,63,63,63,47,39,39,22,58,54,54,50,50,50,50,42,27,27,27,27,48,42,40,61],"items_purged":["Strike_G"],"gold":98,"score":336,"play_id":"10598f47-d61d-4fc7-9a79-f1802a4f83b1","is_prod":false,"is_daily":false,"is_ascension_mode":true,"campfire_upgraded":2,"path_taken":["M","?","?","?","?","$","?","R","T","?","?","R","E","M","R","BOSS","M","?","M","$","M","R","M","M","T","M","?","R","M","M","R","BOSS"],"build_version":"2018-02-22-PROD2","purchased_purges":1,"victory":false,"master_deck":["Defend_G","Defend_G","Defend_G","Defend_G","Strike_G+1","Strike_G","Strike_G","Strike_G+1","Survivor","Neutralize+1","Deadly Poison","Adrenaline","Adrenaline","Bouncing Flask+1","Backflip+1","Backflip","Prepared+1","Acrobatics"],"max_hp_per_floor":[70,70,70,70,70,70,70,70,70,70,70,70,70,70,70,70,70,70,70,70,70,70,70,70,70,70,70,70,70,70,70,70],"relics":["Ring of the Snake","NeowsBlessing","Shovel","Gambling Chip","Whetstone","Anchor","Sozu","Darkstone Periapt","Paper Crane","Thread and Needle"],"card_choices":[{"not_picked":["Sucker Punch","Poisoned Stab"],"picked":"Deadly Poison"},{"not_picked":["Unload","Night Terror"],"picked":"Adrenaline"},{"not_picked":["Sucker Punch","Caltrops"],"picked":"Bouncing Flask"},{"not_picked":["Bane","Malaise"],"picked":"Backflip"},{"not_picked":["Slice","Bane"],"picked":"Backflip"},{"not_picked":["Dagger Spray","Deadly Poison"],"picked":"Prepared"},{"not_picked":["After Image","Outmaneuver"],"picked":"Acrobatics"}],"player_experience":175358,"potions_floor_usage":[13,16,25],"damage_taken":[{"damage":0,"enemies":"Jaw Worm","floor":1,"turns":1},{"damage":0,"enemies":"Cultist","floor":7,"turns":1},{"damage":0,"enemies":"Small Slimes","floor":11,"turns":1},{"damage":31,"enemies":"3 Sentries","floor":13,"turns":12},{"damage":8,"enemies":"Exordium Thugs","floor":14,"turns":4},{"damage":17,"enemies":"The Guardian","floor":16,"turns":15},{"damage":4,"enemies":"3 Byrds","floor":18,"turns":7},{"damage":4,"enemies":"2 Thieves","floor":20,"turns":4},{"damage":0,"enemies":"Snake Plant","floor":22,"turns":3},{"damage":8,"enemies":"3 Cultists","floor":24,"turns":6},{"damage":15,"enemies":"Cultist and Chosen","floor":25,"turns":5},{"damage":0,"enemies":"Snecko","floor":27,"turns":4},{"damage":6,"enemies":"Sentry and Sphere","floor":30,"turns":3},{"damage":2,"enemies":"3 Cultists","floor":31,"turns":5},{"damage":76,"enemies":"Automaton","floor":33,"turns":6}],"event_choices":[{"event_name":"Golden Idol","player_choice":"Ignored","floor":2,"damage_taken":0},{"event_name":"Living Wall","player_choice":"Forget","floor":3,"damage_taken":0},{"event_name":"Match and Keep!","player_choice":"1 cards matched","floor":4,"damage_taken":0},{"event_name":"The Lab","player_choice":"Got Potions","floor":10,"damage_taken":0},{"event_name":"Wheel of Change","player_choice":"Relic","floor":19,"damage_taken":0},{"event_name":"Addict","player_choice":"Ignored","floor":28,"damage_taken":0}],"boss_relics":[{"not_picked":["Tiny House","Question Card"],"picked":"Sozu"}],"potions_floor_spawned":[7,11,18,22,25,27],"seed_played":"8752699985956844436","killed_by":"Automaton","ascension_level":7,"is_trial":false}