{"path_per_floor":["M","?","?","?","M","R","E","M","T","?","M","R","M","M","R","B",null,"M","M","$","M","?","R","?","$","T","R","M","?","R","?","R","B",null,"M","?","?","$","M","R","$","R","T","?","R","$","E","?","R","B"],"character_chosen":"THE_SILENT","items_purchased":["Molten Egg 2"],"gold_per_floor":[111,111,111,111,125,125,156,174,222,222,242,242,261,278,278,377,377,377,377,45,45,45,45,45,45,45,45,45,45,45,45,45,45,45,45,45,0,0,0,0,0,0,0,0,0,0,0,0,0,0],"floor_reached":51,"campfire_rested":0,"playtime":2636,"current_hp_per_floor":[63,60,60,60,59,59,52,52,52,57,57,57,47,44,44,13,60,55,55,55,55,75,75,59,59,59,59,57,57,57,57,57,26,63,63,75,75,75,75,75,75,75,75,75,75,75,75,75,75,5],"items_purged":["Strike_G"],"gold":0,"score":766,"play_id":"b7456efb-921a-4ee8-9262-6c77429d3bb5","is_prod":false,"is_daily":false,"is_ascension_mode":true,"campfire_upgraded":11,"path_taken":["M","?","?","?","M","R","E","M","T","?","M","R","M","M","R","BOSS","M","M","$","M","?","R","?","?","T","R","M","?","R","?","R","BOSS","M","?","?","?","M","R","$","R","T","?","R","$","E","?","R","BOSS"],"build_version":"2018-02-22-PROD2","purchased_purges":1,"victory":true,"master_deck":["Defend_G","Defend_G+1","Defend_G+1","Defend_G+1","Strike_G","Strike_G","Survivor+1","Terror+1","Predator+1","Bouncing Flask+1","Adrenaline","Backflip+1","Backflip+1","Footwork+1","Adrenaline","Backflip+1","Necronomicurse","Outmaneuver+1","Dagger Spray+1","Writhe","Prepared+1","Adrenaline","Flechettes+1"],"max_hp_per_floor":[63,63,63,63,63,63,70,70,70,75,75,75,75,75,75,75,75,75,75,75,75,75,75,75,75,75,75,75,75,75,75,75,75,75,75,75,75,75,75,75,75,75,75,75,75,75,75,75,75,75],"relics":["Ring of the Snake","Juzu Bracelet","Strawberry","Dream Catcher","Ectoplasm","Molten Egg 2","Necronomicon","Calipers","Orrery","Red Mask","Pen Nib","Unceasing Top"],"card_choices":[{"not_picked":["Poisoned Stab","Footwork"],"picked":"Bouncing Flask"},{"not_picked":["Deadly Poison","Accuracy"],"picked":"Adrenaline"},{"not_picked":["Underhanded Strike","Slice"],"picked":"Backflip"},{"not_picked":["PiercingWail","Malaise"],"picked":"Backflip"},{"not_picked":["Bane","Underhanded Strike"],"picked":"Footwork"},{"not_picked":["Envenom","Die Die Die"],"picked":"Adrenaline"},{"not_picked":["PiercingWail","Distraction"],"picked":"Backflip"},{"not_picked":["PiercingWail","Acrobatics"],"picked":"Outmaneuver"},{"not_picked":["Burst","Deflect"],"picked":"Dagger Spray"},{"not_picked":["Crippling Poison","Backflip"],"picked":"Prepared"},{"not_picked":["Dash","Quick Slash"],"picked":"Flechettes"}],"player_experience":194263,"potions_floor_usage":[14,16,16,33,33,50],"damage_taken":[{"damage":0,"enemies":"2 Louse","floor":1,"turns":3},{"damage":1,"enemies":"Small Slimes","floor":5,"turns":4},{"damage":14,"enemies":"3 Sentries","floor":7,"turns":8},{"damage":0,"enemies":"Cultist","floor":8,"turns":3},{"damage":0,"enemies":"2 Fungi Beasts","floor":11,"turns":3},{"damage":10,"enemies":"3 Louse","floor":13,"turns":3},{"damage":3,"enemies":"Exordium Thugs","floor":14,"turns":4},{"damage":31,"enemies":"Slime Boss","floor":16,"turns":12},{"damage":5,"enemies":"3 Byrds","floor":18,"turns":5},{"damage":0,"enemies":"Shell Parasite","floor":19,"turns":4},{"damage":0,"enemies":"Snake Plant","floor":21,"turns":4},{"damage":2,"enemies":"Sentry and Sphere","floor":28,"turns":4},{"damage":46,"enemies":"Automaton","floor":33,"turns":10},{"damage":0,"enemies":"3 Shapes","floor":35,"turns":6},{"damage":0,"enemies":"Orb Walker","floor":39,"turns":2},{"damage":0,"enemies":"Giant Head","floor":47,"turns":6},{"damage":70,"enemies":"Donu and Deca","floor":50,"turns":14}],"event_choices":[{"event_name":"Scrap Ooze","player_choice":"success","floor":2,"damage_taken":3},{"event_name":"Bonfire Elementals","player_choice":"BASIC","floor":3,"damage_taken":0},{"event_name":"Accursed Blacksmith","player_choice":"Forge","floor":4,"damage_taken":0},{"event_name":"Big Fish","player_choice":"Donut","floor":10,"damage_taken":0},{"event_name":"The Library","player_choice":"Heal","floor":22,"damage_taken":0},{"event_name":"Cursed Tome","player_choice":"Obtained Book","floor":24,"damage_taken":0},{"event_name":"Beggar","player_choice":"Ignored","floor":29,"damage_taken":0},{"event_name":"Vampires","player_choice":"Ignored","floor":31,"damage_taken":0},{"event_name":"Winding Halls","player_choice":"Writhe","floor":36,"damage_taken":0},{"event_name":"Tomb of Lord Red Mask","player_choice":"Paid","floor":37,"damage_taken":0},{"event_name":"Duplicator","player_choice":"One dupe","floor":44,"damage_taken":0}],"boss_relics":[{"not_picked":["Question Card","Runic Pyramid"],"picked":"Ectoplasm"},{"not_picked":["White Beast Statue","Runic Dome"],"picked":"Orrery"}],"potions_floor_spawned":[5,8,11,13,19,28,33],"seed_played":"4153800382918985559","ascension_level":9,"is_trial":false}