{"gold_per_floor":[109,34,45,56,56,56,87,101,177,177,193,208,208,224,224,224],"floor_reached":16,"playtime":1085,"items_purged":["Strike_G"],"score":125,"play_id":"612b424d-0532-4915-815d-de907c1a792b","local_time":"20180811102901","is_ascension_mode":true,"campfire_choices":[{"data":"Tactician","floor":6,"key":"SMITH"},{"floor":10,"key":"REST"},{"data":"Tactician","floor":13,"key":"SMITH"},{"floor":15,"key":"REST"}],"neow_cost":"TEN_PERCENT_HP_LOSS","seed_source_timestamp":39059964589322,"circlet_count":0,"master_deck":["Defend_G","Defend_G","Defend_G","Defend_G","Strike_G","Strike_G","Strike_G","Survivor","Neutralize","PiercingWail","Tactician+1","Underhanded Strike","Prepared","All Out Attack","Concentrate","Caltrops","Deflect","Tactician+1"],"relics":["Ring of the Snake","Golden Idol","Unceasing Top","Gremlin Horn"],"potions_floor_usage":[16],"damage_taken":[{"damage":6,"enemies":"Jaw Worm","floor":1,"turns":5},{"damage":1,"enemies":"Small Slimes","floor":3,"turns":5},{"damage":4,"enemies":"Cultist","floor":4,"turns":5},{"damage":31,"enemies":"3 Sentries","floor":7,"turns":10},{"damage":0,"enemies":"3 Louse","floor":8,"turns":2},{"damage":4,"enemies":"Exordium Thugs","floor":11,"turns":4},{"damage":0,"enemies":"Looter","floor":12,"turns":2},{"damage":5,"enemies":"2 Fungi Beasts","floor":14,"turns":3},{"damage":38,"enemies":"Slime Boss","floor":16,"turns":9}],"seed_played":"3973510833059297430","potions_obtained":[{"floor":3,"key":"FearPotion"},{"floor":7,"key":"Block Potion"},{"floor":11,"key":"GhostInAJar"},{"floor":14,"key":"Swift Potion"}],"is_trial":false,"path_per_floor":["M","$","M","M","?","R","E","M","T","R","M","M","R","M","R"],"character_chosen":"THE_SILENT","items_purchased":[],"campfire_rested":2,"item_purchase_floors":[],"current_hp_per_floor":[57,57,56,52,37,37,6,6,6,24,20,20,20,15,33,0],"gold":224,"neow_bonus":"TRANSFORM_TWO_CARDS","is_prod":false,"is_daily":false,"chose_seed":false,"campfire_upgraded":2,"win_rate":0,"timestamp":1533954541,"path_taken":["M","$","M","M","?","R","E","M","T","R","M","M","R","M","R","BOSS"],"build_version":"2018-08-09","purchased_purges":1,"victory":false,"max_hp_per_floor":[63,63,63,63,63,63,63,63,63,63,63,63,63,63,63,63],"card_choices":[{"not_picked":["Poisoned Stab","Quick Slash"],"picked":"Underhanded Strike","floor":1},{"not_picked":["Backflip","Reflex"],"picked":"Prepared","floor":3},{"not_picked":["Leg Sweep","Dodge and Roll"],"picked":"All Out Attack","floor":4},{"not_picked":["Prepared","Die Die Die"],"picked":"Concentrate","floor":7},{"not_picked":["Dagger Throw","Deflect"],"picked":"Caltrops","floor":8},{"not_picked":["Backflip","Deadly Poison"],"picked":"Deflect","floor":11},{"not_picked":["Dash","Venomology"],"picked":"Tactician","floor":12},{"not_picked":["Deadly Poison","Cloak And Dagger","Sucker Punch"],"picked":"SKIP","floor":14}],"player_experience":356798,"relics_obtained":[{"floor":7,"key":"Unceasing Top"},{"floor":9,"key":"Gremlin Horn"}],"event_choices":[{"event_name":"Golden Idol","player_choice":"Take Damage","floor":5,"damage_taken":0}],"is_beta":false,"boss_relics":[],"items_purged_floors":[2],"is_endless":false,"potions_floor_spawned":[3,7,11,14],"killed_by":"Slime Boss","ascension_level":4}