{"gold_per_floor":[12,25,40,55,55,55,70,101,184,199,199,215,167,182,182,282,282,293,293,305,230,130,130,5,5,54,54,71,81,98,23,23,123,123,136,155,155,173,23,49,49,59,59,59,77,90,168,0,0,0],"floor_reached":51,"playtime":2518,"items_purged":["Strike_G","Strike_G","Strike_G","Defend_G"],"score":922,"play_id":"1733c1a7-d89c-46f6-8fc8-eb08373d6c17","local_time":"20180811094916","is_ascension_mode":true,"campfire_choices":[{"data":"All Out Attack","floor":6,"key":"SMITH"},{"data":"Noxious Fumes","floor":11,"key":"SMITH"},{"data":"Catalyst","floor":15,"key":"SMITH"},{"data":"Neutralize","floor":23,"key":"SMITH"},{"data":"Corpse Explosion","floor":25,"key":"SMITH"},{"data":"Leg Sweep","floor":27,"key":"SMITH"},{"floor":32,"key":"REST"},{"data":"Night Terror","floor":41,"key":"SMITH"},{"data":"Survivor","floor":44,"key":"SMITH"},{"floor":49,"key":"REST"}],"neow_cost":"NO_GOLD","seed_source_timestamp":35206006688282,"circlet_count":0,"master_deck":["Defend_G","Defend_G","Defend_G","Defend_G","Survivor+1","Neutralize+1","All Out Attack+1","Deadly Poison","Deadly Poison","Catalyst+1","Leg Sweep+1","Noxious Fumes+1","Corpse Explosion+1","Deadly Poison","Acrobatics+1","Night Terror+1","Outmaneuver+1","Tactician+1"],"relics":["Ring of the Snake","Snake Skull","Tiny Chest","Busted Crown","Lantern","Runic Pyramid","Blue Candle","Paper Crane","Matryoshka","Red Mask"],"potions_floor_usage":[8,10,33,33,33,40],"damage_taken":[{"damage":3,"enemies":"Small Slimes","floor":1,"turns":5},{"damage":2,"enemies":"Jaw Worm","floor":2,"turns":4},{"damage":0,"enemies":"2 Louse","floor":3,"turns":2},{"damage":0,"enemies":"Looter","floor":4,"turns":3},{"damage":7,"enemies":"Exordium Thugs","floor":7,"turns":4},{"damage":32,"enemies":"Gremlin Nob","floor":8,"turns":4},{"damage":1,"enemies":"3 Louse","floor":10,"turns":4},{"damage":2,"enemies":"Exordium Wildlife","floor":12,"turns":4},{"damage":1,"enemies":"Blue Slaver","floor":14,"turns":3},{"damage":0,"enemies":"Slime Boss","floor":16,"turns":5},{"damage":17,"enemies":"2 Thieves","floor":18,"turns":3},{"damage":17,"enemies":"Spheric Guardian","floor":20,"turns":4},{"damage":0,"enemies":"Cultist and Chosen","floor":28,"turns":4},{"damage":1,"enemies":"Snake Plant","floor":29,"turns":3},{"damage":3,"enemies":"Snecko","floor":30,"turns":3},{"damage":2,"enemies":"Champ","floor":33,"turns":7},{"damage":0,"enemies":"3 Darklings","floor":35,"turns":1},{"damage":0,"enemies":"Flame Bruiser 1 Orb","floor":36,"turns":3},{"damage":1,"enemies":"4 Shapes","floor":38,"turns":4},{"damage":7,"enemies":"Nemesis","floor":40,"turns":5},{"damage":7,"enemies":"Flame Bruiser 2 Orb","floor":42,"turns":5},{"damage":18,"enemies":"Spire Growth","floor":45,"turns":3},{"damage":0,"enemies":"3 Darklings","floor":46,"turns":2},{"damage":0,"enemies":"Time Eater","floor":50,"turns":2}],"seed_played":"2481682201431993356","potions_obtained":[{"floor":2,"key":"LiquidBronze"},{"floor":4,"key":"SteroidPotion"},{"floor":8,"key":"Block Potion"},{"floor":12,"key":"Strength Potion"},{"floor":14,"key":"GhostInAJar"},{"floor":20,"key":"SkillPotion"},{"floor":30,"key":"Energy Potion"},{"floor":33,"key":"Strength Potion"},{"floor":35,"key":"GamblersBrew"},{"floor":36,"key":"FearPotion"},{"floor":38,"key":"Block Potion"}],"is_trial":false,"path_per_floor":["M","M","M","M","$","R","M","E","T","M","R","M","?","M","R","B",null,"M","?","M","$","$","R","$","R","T","R","M","M","M","?","R","B",null,"M","M","?","M","$","E","R","M","T","R","M","M","T","?","R","B"],"character_chosen":"THE_SILENT","items_purchased":[],"campfire_rested":2,"item_purchase_floors":[],"current_hp_per_floor":[67,65,65,65,65,65,58,26,26,25,25,23,23,22,22,22,70,53,53,36,36,36,36,36,36,36,36,36,35,32,32,53,51,70,70,70,70,69,69,62,62,55,55,55,37,37,37,37,58,58],"gold":0,"neow_bonus":"TRANSFORM_TWO_CARDS","is_prod":false,"is_daily":false,"chose_seed":false,"campfire_upgraded":8,"win_rate":0,"timestamp":1533952156,"path_taken":["M","M","M","M","$","R","M","E","T","M","R","M","?","M","R","BOSS","M","?","M","?","$","R","$","R","T","R","M","M","M","?","R","BOSS","M","M","?","M","$","E","R","M","T","R","M","M","?","?","R","BOSS"],"build_version":"2018-08-09","purchased_purges":4,"victory":true,"max_hp_per_floor":[70,70,70,70,70,70,70,70,70,70,70,70,70,70,70,70,70,70,70,70,70,70,70,70,70,70,70,70,70,70,70,70,70,70,70,70,70,70,70,70,70,70,70,70,70,70,70,70,70,70],"card_choices":[{"not_picked":["Acrobatics","Slice"],"picked":"Flying Knee","floor":1},{"not_picked":["Dodge and Roll","Underhanded Strike"],"picked":"Deadly Poison","floor":2},{"not_picked":["Footwork","Endless Agony"],"picked":"Deadly Poison","floor":3},{"not_picked":["Finisher","Acrobatics","Distraction"],"picked":"SKIP","floor":4},{"not_picked":["Eviscerate","Bouncing Flask"],"picked":"Catalyst","floor":7},{"not_picked":["Setup","Well Laid Plans"],"picked":"Leg Sweep","floor":8},{"not_picked":["Caltrops","Flying Knee"],"picked":"Noxious Fumes","floor":10},{"not_picked":["Reflex","Finisher","Dagger Spray"],"picked":"SKIP","floor":12},{"not_picked":["Outmaneuver","Dagger Spray","Sucker Punch"],"picked":"SKIP","floor":14},{"not_picked":["Doppelganger","Grand Finale"],"picked":"Corpse Explosion","floor":16},{"not_picked":[],"picked":"Deadly Poison","floor":18},{"not_picked":["Backflip"],"picked":"SKIP","floor":20},{"not_picked":["Deflect"],"picked":"SKIP","floor":28},{"not_picked":[],"picked":"Acrobatics+1","floor":29},{"not_picked":["Slice"],"picked":"SKIP","floor":30},{"not_picked":[],"picked":"Night Terror","floor":33},{"not_picked":["Blade Dance+1"],"picked":"SKIP","floor":35},{"not_picked":["PiercingWail"],"picked":"SKIP","floor":36},{"not_picked":["Heel Hook"],"picked":"SKIP","floor":38},{"not_picked":["Malaise"],"picked":"SKIP","floor":40},{"not_picked":[],"picked":"Outmaneuver+1","floor":42},{"not_picked":[],"picked":"Tactician+1","floor":45},{"not_picked":["Dodge and Roll"],"picked":"SKIP","floor":46}],"player_experience":353148,"relics_obtained":[{"floor":8,"key":"Snake Skull"},{"floor":9,"key":"Tiny Chest"},{"floor":26,"key":"Lantern"},{"floor":40,"key":"Blue Candle"},{"floor":43,"key":"Paper Crane"},{"floor":47,"key":"Matryoshka"}],"event_choices":[{"event_name":"World of Goop","player_choice":"Left","floor":13,"damage_taken":0},{"event_name":"The Woman in Blue","player_choice":"Bought 0 Potions","floor":19,"damage_taken":0},{"event_name":"Beggar","player_choice":"Gave Gold","floor":31,"damage_taken":0},{"event_name":"Falling","player_choice":"Removed Attack","floor":37,"damage_taken":0},{"event_name":"Tomb of Lord Red Mask","player_choice":"Paid","floor":48,"damage_taken":0}],"is_beta":false,"boss_relics":[{"not_picked":["Runic Dome","Ring of the Serpent"],"picked":"Busted Crown"},{"not_picked":["White Beast Statue","Lizard Tail"],"picked":"Runic Pyramid"}],"items_purged_floors":[21,22,24,39],"is_endless":false,"potions_floor_spawned":[2,4,8,12,14,20,30,33,35,36,38],"ascension_level":3}