{"gold_per_floor":[110,35,35,49,49,81,96,96,119,119,119,19,38,51,51,155,155,174,174,49,49,68,94,94,104,130,130,147,160,160,172,172,172],"floor_reached":33,"playtime":1869,"items_purged":["Strike_G","Strike_G","Strike_G"],"score":320,"play_id":"b222d962-33bb-4986-9d16-95d8a1cd4424","local_time":"20180812105018","is_ascension_mode":true,"campfire_choices":[{"data":"Noxious Fumes","floor":8,"key":"SMITH"},{"data":"Bouncing Flask","floor":10,"key":"SMITH"},{"data":"Neutralize","floor":15,"key":"SMITH"},{"data":"Poisoned Stab","floor":24,"key":"SMITH"},{"data":"Defend_G","floor":27,"key":"SMITH"},{"data":"Bullet Time","floor":30,"key":"SMITH"},{"floor":32,"key":"REST"}],"neow_cost":"TEN_PERCENT_HP_LOSS","seed_source_timestamp":2193172298393,"circlet_count":0,"master_deck":["Defend_G","Defend_G","Defend_G","Defend_G+1","Strike_G","Strike_G+1","Survivor+1","Neutralize+1","Noxious Fumes+1","Bouncing Flask+1","Poisoned Stab+1","Adrenaline+1","Backflip+1","Escape Plan+1","Poisoned Stab+1","Bullet Time+1","Calculated Gamble+1","Acrobatics+1"],"relics":["Ring of the Snake","Nunchaku","Bronze Scales","Centennial Puzzle","Runic Dome","Bottled Lightning","Happy Flower"],"potions_floor_usage":[6,22,31],"damage_taken":[{"damage":0,"enemies":"Small Slimes","floor":1,"turns":3},{"damage":0,"enemies":"Jaw Worm","floor":4,"turns":5},{"damage":24,"enemies":"Lagavulin","floor":6,"turns":8},{"damage":0,"enemies":"Cultist","floor":7,"turns":3},{"damage":0,"enemies":"Red Slaver","floor":13,"turns":3},{"damage":3,"enemies":"Gremlin Gang","floor":14,"turns":3},{"damage":7,"enemies":"Hexaghost","floor":16,"turns":8},{"damage":1,"enemies":"Chosen","floor":18,"turns":4},{"damage":0,"enemies":"Shell Parasite","floor":22,"turns":3},{"damage":16,"enemies":"Slavers","floor":23,"turns":6},{"damage":10,"enemies":"3 Cultists","floor":25,"turns":5},{"damage":5,"enemies":"Snecko","floor":28,"turns":3},{"damage":0,"enemies":"Chosen and Byrds","floor":29,"turns":4},{"damage":0,"enemies":"Snake Plant","floor":31,"turns":2},{"damage":50,"enemies":"Champ","floor":33,"turns":6}],"seed_played":"-2074152291304839046","potions_obtained":[{"floor":4,"key":"EssenceOfSteel"},{"floor":6,"key":"SpeedPotion"},{"floor":16,"key":"EssenceOfSteel"},{"floor":23,"key":"SpeedPotion"},{"floor":25,"key":"FearPotion"},{"floor":28,"key":"AttackPotion"},{"floor":31,"key":"SpeedPotion"}],"is_trial":false,"path_per_floor":["M","$","?","M","?","E","M","R","T","R","?","$","M","M","R","B",null,"M","?","$","?","M","E","R","M","T","R","M","M","R","M","R"],"character_chosen":"THE_SILENT","items_purchased":[],"campfire_rested":1,"item_purchase_floors":[],"current_hp_per_floor":[63,63,50,50,50,26,26,26,26,26,47,47,47,44,44,37,63,62,62,62,62,62,46,46,36,36,36,31,31,31,31,49,0],"gold":172,"neow_bonus":"ONE_RARE_RELIC","is_prod":false,"is_daily":false,"chose_seed":false,"campfire_upgraded":6,"win_rate":0,"timestamp":1534042218,"path_taken":["M","$","?","M","?","E","?","R","T","R","?","?","M","M","R","BOSS","M","?","$","?","M","E","R","?","T","R","M","M","R","M","R","BOSS"],"build_version":"2018-08-09","purchased_purges":3,"victory":false,"max_hp_per_floor":[63,63,63,63,63,63,63,63,63,63,63,63,63,63,63,63,63,63,63,63,63,63,63,63,63,63,63,63,63,63,63,63,63],"card_choices":[{"not_picked":["Quick Slash","Acrobatics"],"picked":"Noxious Fumes","floor":1},{"not_picked":["PiercingWail","Backflip","Deflect"],"picked":"SKIP","floor":4},{"not_picked":["Underhanded Strike","Poisoned Stab"],"picked":"Bouncing Flask","floor":6},{"not_picked":["Finisher","Skewer","Masterful Stab"],"picked":"SKIP","floor":7},{"not_picked":["Dodge and Roll","Slice"],"picked":"Poisoned Stab","floor":13},{"not_picked":["Dagger Throw","Deflect","Slice"],"picked":"SKIP","floor":14},{"not_picked":["After Image","Glass Knife"],"picked":"Adrenaline","floor":16},{"not_picked":["Acrobatics","PiercingWail"],"picked":"Backflip+1","floor":18},{"not_picked":["Dagger Throw","Predator"],"picked":"Escape Plan+1","floor":22},{"not_picked":["Flechettes","Dodge and Roll+1","Masterful Stab"],"picked":"SKIP","floor":23},{"not_picked":["Escape Plan","Acrobatics"],"picked":"Poisoned Stab+1","floor":25},{"not_picked":["Poisoned Stab","Flechettes"],"picked":"Bullet Time","floor":28},{"not_picked":["Cloak And Dagger+1","Bane"],"picked":"Calculated Gamble+1","floor":29},{"not_picked":["Outmaneuver","PiercingWail"],"picked":"Acrobatics+1","floor":31}],"player_experience":371452,"relics_obtained":[{"floor":6,"key":"Bronze Scales"},{"floor":9,"key":"Centennial Puzzle"},{"floor":23,"key":"Bottled Lightning"},{"floor":26,"key":"Happy Flower"}],"event_choices":[{"event_name":"Shining Light","player_choice":"Entered Light","floor":3,"damage_taken":0},{"event_name":"Bonfire Elementals","player_choice":"BASIC","floor":5,"damage_taken":0},{"event_name":"Big Fish","player_choice":"Banana","floor":11,"damage_taken":0},{"event_name":"Accursed Blacksmith","player_choice":"Forge","floor":19,"damage_taken":0},{"event_name":"Drug Dealer","player_choice":"Ignored","floor":21,"damage_taken":0}],"is_beta":false,"boss_relics":[{"not_picked":["Eternal Feather","WristBlade"],"picked":"Runic Dome"}],"items_purged_floors":[2,12,20],"is_endless":false,"potions_floor_spawned":[4,6,16,23,25,28,31],"killed_by":"Champ","ascension_level":4}