{"path_per_floor":["M","?","?","$","M","E","M","R","T","M","M","R","M","?","R","B",null,"M","?","$","?","M","R","M","R","T","M","?","R","E","$","R"],"character_chosen":"DEFECT","items_purchased":["Genetic Algorithm","Bottled Lightning","Lockon","Stack","EssenceOfSteel","EssenceOfSteel"],"gold_per_floor":[365,365,365,48,59,90,101,101,101,111,122,122,134,134,134,205,205,216,216,5,5,19,19,39,39,62,79,59,59,89,41,41,41],"floor_reached":33,"campfire_rested":5,"playtime":1551,"current_hp_per_floor":[63,56,56,56,50,14,12,33,33,32,36,36,36,36,57,8,55,45,45,45,45,28,49,46,46,46,40,40,61,1,1,22,0],"items_purged":["Strike_B"],"gold":41,"score":451,"play_id":"a29070f6-81f9-44e5-9c67-575501cb1e1e","local_time":"20180509185314","is_prod":false,"is_daily":false,"chose_seed":false,"is_ascension_mode":true,"campfire_upgraded":2,"timestamp":1525909994,"path_taken":["M","?","?","$","M","E","M","R","T","M","M","R","M","?","R","BOSS","M","?","$","?","M","R","M","R","T","M","?","R","E","$","R","BOSS"],"build_version":"2018-05-08","seed_source_timestamp":75047354815464,"purchased_purges":1,"victory":false,"master_deck":["Strike_B","Strike_B","Defend_B","Defend_B","Defend_B","Defend_B","Zap+1","Dualcast","AscendersBane","Clumsy","Sweeping Beam","Leap","Genetic Algorithm+1","Chill","Streamline","Leap","Ball Lightning","Cold Snap","Seek","Leap+1","Lockon","Stack+1","Ball Lightning","Defragment","Turbo"],"max_hp_per_floor":[71,71,71,71,71,71,71,71,71,71,71,71,71,71,71,71,71,71,71,71,71,71,71,71,71,71,71,71,71,71,71,71,71],"relics":["Cracked Core","Bottled Lightning","Dodecahedron","Shuriken","Inserter","Lantern","Ginger"],"card_choices":[{"not_picked":["Skim","Go for the Eyes"],"picked":"Sweeping Beam","floor":1},{"not_picked":["Turbo","Capacitor"],"picked":"Chill","floor":5},{"not_picked":["Aggregate","Skim"],"picked":"Streamline","floor":6},{"not_picked":["Capacitor","BootSequence"],"picked":"Leap","floor":10},{"not_picked":["Loop","Streamline"],"picked":"Ball Lightning","floor":11},{"not_picked":["Rip and Tear","All For One"],"picked":"Cold Snap","floor":13},{"not_picked":["Creative AI","Reboot"],"picked":"Seek","floor":16},{"not_picked":["Sweeping Beam","Streamline"],"picked":"Leap","floor":18},{"not_picked":["Darkness","Coolheaded"],"picked":"Ball Lightning","floor":24},{"not_picked":["Leap","Barrage"],"picked":"Defragment","floor":27},{"not_picked":["Cold Snap","Doom and Gloom"],"picked":"Turbo","floor":30}],"player_experience":224155,"potions_floor_usage":[6,11,16,16,16,24,30,33,33,33],"damage_taken":[{"damage":1,"enemies":"Cultist","floor":1,"turns":3},{"damage":6,"enemies":"Jaw Worm","floor":5,"turns":5},{"damage":36,"enemies":"Gremlin Nob","floor":6,"turns":5},{"damage":2,"enemies":"Small Slimes","floor":7,"turns":4},{"damage":1,"enemies":"Blue Slaver","floor":10,"turns":4},{"damage":8,"enemies":"Exordium Thugs","floor":11,"turns":7},{"damage":0,"enemies":"Looter","floor":13,"turns":3},{"damage":49,"enemies":"Slime Boss","floor":16,"turns":8},{"damage":10,"enemies":"Spheric Guardian","floor":18,"turns":6},{"damage":17,"enemies":"Chosen","floor":22,"turns":7},{"damage":3,"enemies":"Snake Plant","floor":24,"turns":6},{"damage":6,"enemies":"Sentry and Sphere","floor":27,"turns":5},{"damage":60,"enemies":"Gremlin Leader","floor":30,"turns":8},{"damage":27,"enemies":"Champ","floor":33,"turns":10}],"event_choices":[{"event_name":"Golden Wing","player_choice":"Card Removal","floor":2,"damage_taken":0},{"event_name":"Match and Keep!","player_choice":"1 cards matched","floor":3,"damage_taken":0},{"event_name":"Shining Light","player_choice":"Ignored","floor":14,"damage_taken":0},{"event_name":"Drug Dealer","player_choice":"Ignored","floor":19,"damage_taken":0},{"event_name":"Accursed Blacksmith","player_choice":"Forge","floor":21,"damage_taken":0},{"event_name":"The Woman in Blue","player_choice":"Bought 1 Potion","floor":28,"damage_taken":0}],"boss_relics":[{"not_picked":["Black Star","Philosopher\u0027s Stone"],"picked":"Inserter"}],"potions_floor_spawned":[1,7,10,11,13,18,22],"seed_played":"-1068627685457291205","killed_by":"Champ","ascension_level":14,"is_trial":false}