{"gold_per_floor":[112,37,37,37,37,70,82,112,149,161,190,202,232,259,271,383,395,424,436,481,393,412,441,441,441],"floor_reached":25,"playtime":925,"items_purged":["Defend_B","Strike_B"],"score":285,"play_id":"2e7c973e-67f4-4894-995f-942ecdc078a5","local_time":"20181209210451","is_ascension_mode":true,"campfire_choices":[{"data":"Conserve Battery","floor":10,"key":"SMITH"},{"floor":15,"key":"REST"},{"data":"Zap","floor":24,"key":"SMITH"}],"neow_cost":"NONE","seed_source_timestamp":565269655512596,"circlet_count":0,"master_deck":["Strike_B+1","Strike_B","Defend_B","Defend_B","Defend_B+1","Zap+1","Dualcast","Conserve Battery+1","Ball Lightning","Glacier","Doom and Gloom","Defragment","Streamline+1","Loop","Darkness+1","Loop","Ball Lightning"],"relics":["Sozu","MawBank","Centennial Puzzle","Velvet Choker","Red Mask","PreservedInsect"],"potions_floor_usage":[],"damage_taken":[{"damage":2,"enemies":"Jaw Worm","floor":1,"turns":3},{"damage":35,"enemies":"3 Sentries","floor":6,"turns":9},{"damage":0,"enemies":"2 Louse","floor":8,"turns":2},{"damage":0,"enemies":"Small Slimes","floor":11,"turns":3},{"damage":6,"enemies":"2 Fungi Beasts","floor":13,"turns":3},{"damage":6,"enemies":"3 Louse","floor":14,"turns":3},{"damage":24,"enemies":"Slime Boss","floor":16,"turns":7},{"damage":0,"enemies":"Chosen","floor":18,"turns":4},{"damage":14,"enemies":"Masked Bandits","floor":20,"turns":3},{"damage":16,"enemies":"3 Byrds","floor":22,"turns":4},{"damage":9,"enemies":"Gremlin Leader","floor":23,"turns":4},{"damage":19,"enemies":"Slavers","floor":25,"turns":1}],"seed_played":"1631927156152788830","potions_obtained":[],"is_trial":false,"path_per_floor":["M","$","?","?","?","E","$","M","T","R","M","?","M","M","R","B",null,"M","?","?","$","M","E","R","E"],"character_chosen":"DEFECT","items_purchased":[],"campfire_rested":1,"item_purchase_floors":[],"current_hp_per_floor":[66,66,66,66,51,16,16,16,16,16,16,16,10,4,26,2,57,57,57,43,43,27,18,18,0],"gold":441,"neow_bonus":"BOSS_RELIC","is_prod":false,"is_daily":false,"chose_seed":false,"campfire_upgraded":2,"win_rate":0,"timestamp":1544360691,"path_taken":["M","$","?","?","?","E","$","M","T","R","?","?","M","M","R","BOSS","M","?","?","$","M","E","R","E"],"build_version":"2018-12-06","purchased_purges":2,"victory":false,"max_hp_per_floor":[75,75,75,75,75,75,75,75,75,75,75,75,75,75,75,75,75,75,75,75,75,75,75,75,75],"card_choices":[{"not_picked":["Leap","Reinforced Body"],"picked":"Conserve Battery","floor":1},{"not_picked":["Skim","Storm"],"picked":"Ball Lightning","floor":6},{"not_picked":["Rip and Tear","Rebound"],"picked":"Glacier","floor":8},{"not_picked":["Coolheaded","Steam"],"picked":"Doom and Gloom","floor":11},{"not_picked":["Glacier","Compile Driver"],"picked":"Defragment","floor":13},{"not_picked":["Gash","Scrape","Go for the Eyes"],"picked":"SKIP","floor":14},{"not_picked":["Scrape","Reprogram+1"],"picked":"Streamline+1","floor":18},{"not_picked":["Go for the Eyes","Tempest"],"picked":"Darkness+1","floor":20},{"not_picked":["Streamline","Ball Lightning"],"picked":"Loop","floor":22},{"not_picked":["Core Surge","Force Field"],"picked":"Ball Lightning","floor":23}],"player_experience":531250,"relics_obtained":[{"floor":6,"key":"MawBank"},{"floor":9,"key":"Centennial Puzzle"},{"floor":20,"key":"Red Mask"},{"floor":23,"key":"PreservedInsect"}],"event_choices":[{"damage_healed":0,"gold_gain":0,"player_choice":"Leave","damage_taken":0,"max_hp_gain":0,"max_hp_loss":0,"event_name":"The Cleric","floor":3,"gold_loss":0},{"damage_healed":0,"gold_gain":0,"player_choice":"Ignored","damage_taken":0,"max_hp_gain":0,"max_hp_loss":0,"event_name":"Liars Game","floor":4,"gold_loss":0},{"damage_healed":0,"gold_gain":0,"player_choice":"Entered Light","damage_taken":15,"max_hp_gain":0,"max_hp_loss":0,"event_name":"Shining Light","floor":5,"gold_loss":0,"cards_upgraded":["Strike_B","Defend_B"]},{"cards_removed":["Strike_B"],"damage_healed":0,"gold_gain":0,"player_choice":"Forget","damage_taken":0,"max_hp_gain":0,"max_hp_loss":0,"event_name":"Living Wall","floor":12,"gold_loss":0},{"damage_healed":0,"gold_gain":0,"player_choice":"Read","damage_taken":0,"max_hp_gain":0,"max_hp_loss":0,"event_name":"The Library","floor":19,"gold_loss":0,"cards_obtained":["Loop"]},{"damage_healed":0,"gold_gain":0,"player_choice":"Fought Bandits","damage_taken":0,"max_hp_gain":0,"max_hp_loss":0,"event_name":"Masked Bandits","floor":20,"gold_loss":0}],"is_beta":false,"boss_relics":[{"not_picked":["Ectoplasm","Tiny House"],"picked":"Velvet Choker"}],"items_purged_floors":[2,21],"is_endless":false,"potions_floor_spawned":[6,8,11,13,16,18,22,23],"killed_by":"Slavers","ascension_level":6}