{"gold_per_floor":[110,127,52,68,87,116,116,142,142,142,153,153,186,199,199,199],"floor_reached":16,"playtime":1130,"items_purged":["Strike_G"],"score":177,"play_id":"4005cd3a-ce6e-40cc-8b7d-1dd0aeb18831","local_time":"20190610161658","is_ascension_mode":true,"campfire_choices":[{"data":"Die Die Die","floor":7,"key":"SMITH"},{"data":"Crippling Poison","floor":12,"key":"SMITH"},{"floor":15,"key":"REST"}],"neow_cost":"NONE","seed_source_timestamp":253641205920300,"circlet_count":0,"master_deck":["Defend_G","Defend_G","Defend_G","Defend_G","Defend_G","Strike_G","Strike_G","Strike_G","Survivor","Neutralize","Bane","Dagger Throw","Slice","Slice","Die Die Die+1","Crippling Poison+1","Dodge and Roll","Backstab"],"relics":["Ring of the Snake","Mango","Darkstone Periapt","Bottled Flame","Pen Nib"],"potions_floor_usage":[6,6,16],"damage_taken":[{"damage":0,"enemies":"2 Louse","floor":1,"turns":4},{"damage":7,"enemies":"Jaw Worm","floor":2,"turns":5},{"damage":5,"enemies":"Small Slimes","floor":4,"turns":5},{"damage":3,"enemies":"Looter","floor":5,"turns":4},{"damage":17,"enemies":"3 Sentries","floor":6,"turns":9},{"damage":26,"enemies":"Gremlin Nob","floor":8,"turns":5},{"damage":1,"enemies":"Exordium Thugs","floor":11,"turns":4},{"damage":23,"enemies":"3 Sentries","floor":13,"turns":8},{"damage":5,"enemies":"Red Slaver","floor":14,"turns":2},{"damage":31,"enemies":"Hexaghost","floor":16,"turns":10}],"seed_played":"-2215523984973087259","potions_obtained":[{"floor":2,"key":"Regen Potion"},{"floor":4,"key":"Poison Potion"},{"floor":11,"key":"Ancient Potion"}],"is_trial":false,"path_per_floor":["M","M","$","M","M","E","R","E","T","?","M","R","E","M","R","B"],"character_chosen":"THE_SILENT","items_purchased":[],"campfire_rested":1,"item_purchase_floors":[],"current_hp_per_floor":[63,56,56,51,48,60,60,34,34,34,33,33,10,5,30,0],"gold":199,"neow_bonus":"REMOVE_CARD","is_prod":false,"is_daily":false,"chose_seed":false,"campfire_upgraded":2,"win_rate":0,"timestamp":1560154618,"path_taken":["M","M","$","M","M","E","R","E","T","?","M","R","E","M","R","BOSS"],"build_version":"2019-01-23","purchased_purges":1,"victory":false,"max_hp_per_floor":[70,70,70,70,70,84,84,84,84,84,84,84,84,84,84,84],"card_choices":[{"not_picked":["Underhanded Strike","Leg Sweep"],"picked":"Bane","floor":1},{"not_picked":["Outmaneuver","Calculated Gamble"],"picked":"Dagger Throw","floor":2},{"not_picked":["PiercingWail","Underhanded Strike"],"picked":"Slice","floor":4},{"not_picked":["Endless Agony","Sucker Punch"],"picked":"Slice","floor":5},{"not_picked":["Bane","Blade Dance"],"picked":"Die Die Die","floor":6},{"not_picked":["Prepared","Escape Plan"],"picked":"Crippling Poison","floor":8},{"not_picked":["Infinite Blades","Poisoned Stab"],"picked":"Dodge and Roll","floor":11},{"not_picked":["Caltrops","Outmaneuver"],"picked":"Backstab","floor":13},{"not_picked":["Riddle With Holes","Deadly Poison","Outmaneuver"],"picked":"SKIP","floor":14}],"player_experience":752661,"relics_obtained":[{"floor":6,"key":"Mango"},{"floor":8,"key":"Darkstone Periapt"},{"floor":9,"key":"Bottled Flame"},{"floor":13,"key":"Pen Nib"}],"event_choices":[{"damage_healed":0,"gold_gain":0,"player_choice":"Ignored","damage_taken":0,"max_hp_gain":0,"max_hp_loss":0,"event_name":"Liars Game","floor":10,"gold_loss":0}],"is_beta":false,"boss_relics":[],"items_purged_floors":[3],"is_endless":false,"potions_floor_spawned":[2,4,11],"killed_by":"Hexaghost","ascension_level":9}