{"gold_per_floor":[118,128,78,3,14,14,14,25,52,80,95,95,108,8,8,8],"floor_reached":16,"playtime":636,"items_purged":["Strike_G","Strike_G"],"score":102,"play_id":"e4009610-a0ad-4ca5-8f2c-ac22b38f4139","local_time":"20180813072108","is_ascension_mode":false,"campfire_choices":[{"data":"Dagger Spray","floor":6,"key":"SMITH"},{"data":"Blade Dance","floor":12,"key":"SMITH"},{"data":"Venomology","floor":15,"key":"SMITH"}],"neow_cost":"","seed_source_timestamp":77274457453067,"circlet_count":0,"master_deck":["Defend_G","Defend_G","Defend_G","Strike_G","Strike_G","Strike_G","Survivor","Neutralize","Dagger Spray+1","Outmaneuver","Cloak And Dagger","Blade Dance","Blade Dance+1","Venomology+1"],"relics":["Ring of the Snake","Omamori","Happy Flower"],"potions_floor_usage":[16,16],"damage_taken":[{"damage":1,"enemies":"2 Louse","floor":1,"turns":3},{"damage":5,"enemies":"Small Slimes","floor":2,"turns":3},{"damage":0,"enemies":"Cultist","floor":5,"turns":4},{"damage":7,"enemies":"Large Slime","floor":8,"turns":7},{"damage":7,"enemies":"3 Sentries","floor":10,"turns":6},{"damage":0,"enemies":"3 Louse","floor":11,"turns":1},{"damage":0,"enemies":"2 Fungi Beasts","floor":13,"turns":3},{"damage":44,"enemies":"Hexaghost","floor":16,"turns":13}],"seed_played":"-7994484721249504169","potions_obtained":[{"floor":10,"key":"LiquidBronze"}],"is_trial":false,"path_per_floor":["M","M","?","$","M","R","?","M","T","E","M","R","M","$","R"],"character_chosen":"THE_SILENT","items_purchased":[],"campfire_rested":0,"item_purchase_floors":[],"current_hp_per_floor":[69,64,64,64,64,64,57,50,50,43,43,43,43,43,43,0],"gold":8,"neow_bonus":"","is_prod":false,"is_daily":false,"chose_seed":false,"campfire_upgraded":3,"win_rate":0,"timestamp":1534116068,"path_taken":["M","M","?","$","?","R","?","M","T","E","M","R","?","$","R","BOSS"],"build_version":"2018-08-09","purchased_purges":2,"victory":false,"max_hp_per_floor":[70,70,70,70,70,70,70,70,70,70,70,70,70,70,70,70],"card_choices":[{"not_picked":["PiercingWail","Riddle With Holes"],"picked":"Dagger Spray","floor":1},{"not_picked":["PiercingWail","Sucker Punch"],"picked":"Outmaneuver","floor":2},{"not_picked":["Quick Slash","Bane"],"picked":"Cloak And Dagger","floor":5},{"not_picked":["Flying Knee","PiercingWail"],"picked":"Blade Dance","floor":8},{"not_picked":["Tactician","Flechettes","Setup"],"picked":"SKIP","floor":10},{"not_picked":["Backflip","Backstab"],"picked":"Blade Dance","floor":11},{"not_picked":["Setup","Underhanded Strike"],"picked":"Venomology","floor":13}],"player_experience":391519,"relics_obtained":[{"floor":9,"key":"Omamori"},{"floor":10,"key":"Happy Flower"}],"event_choices":[{"event_name":"The Cleric","player_choice":"Card Removal","floor":3,"damage_taken":0},{"event_name":"Golden Wing","player_choice":"Card Removal","floor":7,"damage_taken":0}],"is_beta":false,"boss_relics":[],"items_purged_floors":[4,14],"is_endless":false,"potions_floor_spawned":[10],"killed_by":"Hexaghost","ascension_level":0}