{"path_per_floor":["M","?","M","M","?","R","E","R","T","R","$","?","?","$","R","B",null,"M","?","M","$","M","R","M","E","T","R","?","M","R","E","R","B",null,"M","$","M","?","$","R","?","M","T","R","M","M","M","$","R"],"character_chosen":"DEFECT","items_purchased":["Regen Potion","Chill","Regen Potion","Stack","Oddly Smooth Stone","Anchor","Regen Potion","Capacitor"],"gold_per_floor":[112,112,127,142,142,142,173,173,173,173,173,123,185,18,18,123,123,143,143,159,84,102,102,116,149,149,149,149,162,162,194,194,298,298,315,119,133,233,26,26,26,43,43,43,62,77,90,36,36,36],"floor_reached":50,"campfire_rested":4,"playtime":4488,"current_hp_per_floor":[67,67,61,60,45,45,34,56,56,56,56,56,39,39,39,27,75,75,75,71,71,48,48,44,37,37,59,59,53,53,44,66,8,75,34,34,34,34,34,56,56,71,71,71,73,71,75,75,75,0],"items_purged":["Strike_B"],"gold":36,"score":574,"play_id":"bcd5596e-05d3-4127-8856-7bfb01a37408","local_time":"20180428145139","is_prod":false,"is_daily":false,"chose_seed":false,"is_ascension_mode":true,"campfire_upgraded":7,"timestamp":1524945099,"path_taken":["M","?","M","M","?","R","E","R","T","R","$","?","?","$","R","BOSS","M","?","M","$","M","R","?","E","T","R","?","M","R","E","R","BOSS","M","$","M","?","$","R","?","M","T","R","M","M","M","$","R","BOSS"],"build_version":"2018-04-27v3","seed_source_timestamp":0,"purchased_purges":1,"victory":false,"master_deck":["Strike_B","Strike_B","Defend_B","Defend_B+1","Defend_B","Defend_B","Zap+1","Dualcast+1","Leap","Zap+1","Tempest+1","Glacier+1","Chill","Ball Lightning+1","Recycle+1","Defragment+1","Cold Snap+1","Cold Snap+1","Defragment+1","Capacitor+1","Stack+1","Glacier+1","Capacitor+1"],"max_hp_per_floor":[75,75,75,75,75,75,75,75,75,75,75,75,75,75,75,75,75,75,75,75,75,75,75,75,75,75,75,75,75,75,75,75,75,75,75,75,75,75,75,75,75,75,75,75,75,75,75,75,75,75],"relics":["Cracked Core","Gremlin Horn","Molten Egg 2","Gambling Chip","Lizard Tail","Toxic Egg 2","Bottled Flame","DataDisk","White Beast Statue","Oddly Smooth Stone","Anchor","Bird Faced Urn"],"card_choices":[{"not_picked":["Melter","Undo"],"picked":"Leap","floor":1},{"not_picked":["Coolheaded","Gash"],"picked":"Tempest","floor":4},{"not_picked":["Streamline","Turbo"],"picked":"Glacier","floor":7},{"not_picked":["Rebound","Blaster"],"picked":"Ball Lightning","floor":18},{"not_picked":["Leap","Ball Lightning"],"picked":"Recycle","floor":20},{"not_picked":["Hologram","Flux Capacitor"],"picked":"Defragment","floor":22},{"not_picked":["Turbo","Stack"],"picked":"Cold Snap","floor":24},{"not_picked":["Hologram","Coolheaded"],"picked":"Cold Snap","floor":25},{"not_picked":["Chaos","Chill"],"picked":"Capacitor","floor":35},{"not_picked":["Skim","Turbo"],"picked":"Glacier","floor":46}],"player_experience":72173,"potions_floor_usage":[7,13,16,16,16,20,22,24,31,33,42,46,50,50,50],"damage_taken":[{"damage":8,"enemies":"Small Slimes","floor":1,"turns":4},{"damage":6,"enemies":"Cultist","floor":3,"turns":4},{"damage":1,"enemies":"2 Louse","floor":4,"turns":3},{"damage":11,"enemies":"Gremlin Nob","floor":7,"turns":3},{"damage":17,"enemies":"Gremlin Nob","floor":13,"turns":4},{"damage":42,"enemies":"Slime Boss","floor":16,"turns":15},{"damage":0,"enemies":"Shell Parasite","floor":18,"turns":11},{"damage":4,"enemies":"3 Byrds","floor":20,"turns":4},{"damage":23,"enemies":"Snecko","floor":22,"turns":5},{"damage":4,"enemies":"Cultist and Chosen","floor":24,"turns":6},{"damage":56,"enemies":"Gremlin Leader","floor":25,"turns":9},{"damage":6,"enemies":"Chosen and Byrds","floor":29,"turns":5},{"damage":9,"enemies":"Slavers","floor":31,"turns":7},{"damage":58,"enemies":"Champ","floor":33,"turns":14},{"damage":41,"enemies":"3 Darklings","floor":35,"turns":7},{"damage":0,"enemies":"Orb Walker","floor":37,"turns":4},{"damage":0,"enemies":"Flame Bruiser 2 Orb","floor":42,"turns":5},{"damage":2,"enemies":"Sphere and 2 Shapes","floor":45,"turns":5},{"damage":4,"enemies":"3 Darklings","floor":46,"turns":7},{"damage":0,"enemies":"Spire Growth","floor":47,"turns":7},{"damage":105,"enemies":"Donu and Deca","floor":50,"turns":21}],"event_choices":[{"event_name":"Match and Keep!","player_choice":"1 cards matched","floor":2,"damage_taken":0},{"event_name":"Shining Light","player_choice":"Entered Light","floor":5,"damage_taken":0},{"event_name":"The Cleric","player_choice":"Card Removal","floor":12,"damage_taken":0},{"event_name":"Dead Adventurer","player_choice":"Searched \u00271\u0027 times","floor":13,"damage_taken":0},{"event_name":"Accursed Blacksmith","player_choice":"Forge","floor":19,"damage_taken":0},{"event_name":"Duplicator","player_choice":"One dupe","floor":28,"damage_taken":0},{"event_name":"Golden Shrine","player_choice":"Pray","floor":38,"damage_taken":0},{"event_name":"SensoryStone","player_choice":"Memory 1","floor":41,"damage_taken":0}],"boss_relics":[{"not_picked":["Black Star","Runic Dome"],"picked":"Lizard Tail"},{"not_picked":["Pandora\u0027s Box","Eternal Feather"],"picked":"White Beast Statue"}],"potions_floor_spawned":[1,7,13,16,18,22,29,31,35,37,42,45,46,47],"seed_played":"2178270137598776541","killed_by":"Donu and Deca","ascension_level":4,"is_trial":false}