{"gold_per_floor":[118,118,133,208,158,158,193,118,118,134,34,68,79,109,109,109],"floor_reached":16,"playtime":704,"items_purged":["Strike_R","Strike_R"],"score":184,"play_id":"ee0622d4-d593-4e56-b302-3dacd8c9a4a0","local_time":"20181223122335","is_ascension_mode":true,"campfire_choices":[{"data":"Whirlwind","floor":6,"key":"SMITH"},{"floor":15,"key":"REST"}],"neow_cost":"NONE","seed_source_timestamp":153531157613459,"circlet_count":0,"master_deck":["AscendersBane","Strike_R","Defend_R","Defend_R","Defend_R","Defend_R","Bash","Thunderclap+1","Shrug It Off+1","Whirlwind+1","Pummel","Twin Strike","Dropkick"],"relics":["Burning Blood","Bag of Preparation","Calipers","Regal Pillow","Tiny Chest"],"potions_floor_usage":[7,12],"damage_taken":[{"damage":11,"enemies":"2 Louse","floor":1,"turns":3},{"damage":1,"enemies":"Jaw Worm","floor":3,"turns":3},{"damage":39,"enemies":"Lagavulin","floor":7,"turns":7},{"damage":0,"enemies":"Small Slimes","floor":10,"turns":2},{"damage":8,"enemies":"Gremlin Nob","floor":12,"turns":3},{"damage":11,"enemies":"Exordium Thugs","floor":13,"turns":4},{"damage":66,"enemies":"The Guardian","floor":16,"turns":12}],"seed_played":"-5049054220276819669","potions_obtained":[{"floor":3,"key":"Weak Potion"},{"floor":7,"key":"Fire Potion"},{"floor":13,"key":"GamblersBrew"}],"is_trial":false,"path_per_floor":["M","?","M","?","?","R","E","$","T","M","$","E","M","?","R","B"],"character_chosen":"IRONCLAD","items_purchased":[],"campfire_rested":1,"item_purchase_floors":[],"current_hp_per_floor":[63,48,53,42,42,42,9,9,9,15,15,13,8,5,42,0],"gold":109,"neow_bonus":"TRANSFORM_CARD","is_prod":false,"is_daily":false,"chose_seed":false,"campfire_upgraded":1,"win_rate":0,"timestamp":1545539015,"path_taken":["M","?","M","?","?","R","E","$","T","M","$","E","?","?","R","BOSS"],"build_version":"2018-12-20","purchased_purges":2,"victory":false,"max_hp_per_floor":[75,75,75,75,75,75,75,75,75,75,75,75,75,75,75,75],"card_choices":[{"not_picked":["Clash","Heavy Blade"],"picked":"Shrug It Off","floor":1},{"not_picked":["Headbutt","Havoc"],"picked":"Whirlwind","floor":3},{"not_picked":["Clothesline","Wild Strike"],"picked":"Pummel","floor":7},{"not_picked":["Burning Pact","Sword Boomerang"],"picked":"Twin Strike","floor":10},{"not_picked":["Clothesline","Immolate","Wild Strike"],"picked":"SKIP","floor":12},{"not_picked":["Perfected Strike","Wild Strike"],"picked":"Dropkick","floor":13}],"player_experience":606240,"relics_obtained":[{"floor":7,"key":"Bag of Preparation"},{"floor":9,"key":"Calipers"},{"floor":12,"key":"Regal Pillow"}],"event_choices":[{"damage_healed":0,"gold_gain":0,"player_choice":"Entered Light","damage_taken":15,"max_hp_gain":0,"max_hp_loss":0,"event_name":"Shining Light","floor":2,"gold_loss":0,"cards_upgraded":["Thunderclap","Shrug It Off"]},{"damage_healed":0,"gold_gain":75,"player_choice":"Gather Gold","damage_taken":11,"max_hp_gain":0,"max_hp_loss":0,"event_name":"World of Goop","floor":4,"gold_loss":0},{"cards_removed":["Strike_R"],"damage_healed":0,"gold_gain":0,"player_choice":"Card Removal","damage_taken":0,"max_hp_gain":0,"max_hp_loss":0,"event_name":"The Cleric","floor":5,"gold_loss":50},{"damage_healed":0,"gold_gain":0,"player_choice":"Success","damage_taken":3,"relics_obtained":["Tiny Chest"],"max_hp_gain":0,"max_hp_loss":0,"event_name":"Scrap Ooze","floor":14,"gold_loss":0}],"is_beta":false,"boss_relics":[],"items_purged_floors":[8,11],"is_endless":false,"potions_floor_spawned":[3,7,13],"killed_by":"The Guardian","ascension_level":14}