{"gold_per_floor":[119,119,129,204,104,104,138,138,187,198,225,245,269,269,269,269],"floor_reached":16,"playtime":545,"items_purged":["Defend_R"],"score":226,"play_id":"932c4366-eec0-4d52-9001-c7bbbb33395d","local_time":"20181223114413","is_ascension_mode":true,"campfire_choices":[{"data":"Cleave","floor":6,"key":"SMITH"},{"data":"Searing Blow","floor":8,"key":"SMITH"},{"data":"Searing Blow+1","floor":15,"key":"SMITH"}],"neow_cost":"NONE","seed_source_timestamp":151328269545496,"circlet_count":0,"master_deck":["AscendersBane","Strike_R","Strike_R","Strike_R","Strike_R","Defend_R","Defend_R","Defend_R","Bash","Spot Weakness","Seeing Red","Cleave+1","Searing Blow+2","Armaments"],"relics":["Burning Blood","NeowsBlessing","Kunai","Art of War","Bag of Marbles","Odd Mushroom"],"potions_floor_usage":[3,11],"damage_taken":[{"damage":0,"enemies":"2 Louse","floor":1,"turns":1},{"damage":0,"enemies":"Small Slimes","floor":3,"turns":2},{"damage":0,"enemies":"3 Sentries","floor":7,"turns":2},{"damage":6,"enemies":"Jaw Worm","floor":10,"turns":4},{"damage":34,"enemies":"Lagavulin","floor":11,"turns":6},{"damage":12,"enemies":"Looter","floor":12,"turns":3},{"damage":1,"enemies":"The Mushroom Lair","floor":13,"turns":3},{"damage":44,"enemies":"The Guardian","floor":16,"turns":9}],"seed_played":"-530540783401983258","potions_obtained":[{"floor":1,"key":"Fruit Juice"},{"floor":3,"key":"EssenceOfSteel"}],"is_trial":false,"path_per_floor":["M","?","M","?","$","R","E","R","T","M","E","M","?","?","R","B"],"character_chosen":"IRONCLAD","items_purchased":["Cleave"],"campfire_rested":0,"item_purchase_floors":[5],"current_hp_per_floor":[74,67,78,67,67,67,73,73,73,73,45,39,44,44,44,0],"gold":269,"neow_bonus":"THREE_ENEMY_KILL","is_prod":false,"is_daily":false,"chose_seed":false,"campfire_upgraded":3,"win_rate":0,"timestamp":1545536653,"path_taken":["M","?","M","?","$","R","E","R","T","M","E","M","?","?","R","BOSS"],"build_version":"2018-12-20","purchased_purges":1,"victory":false,"max_hp_per_floor":[75,75,80,80,80,80,80,80,80,80,80,80,80,80,80,80],"card_choices":[{"not_picked":["Flex","Blood for Blood"],"picked":"Spot Weakness","floor":1},{"not_picked":["Sword Boomerang","Havoc"],"picked":"Seeing Red","floor":3},{"not_picked":["Infernal Blade","Perfected Strike"],"picked":"Searing Blow","floor":7},{"not_picked":["Twin Strike","Rage"],"picked":"Armaments","floor":10},{"not_picked":["Flex","Metallicize","Wild Strike"],"picked":"SKIP","floor":11},{"not_picked":["Power Through","Infernal Blade","Twin Strike"],"picked":"SKIP","floor":12}],"player_experience":604072,"relics_obtained":[{"floor":7,"key":"Kunai"},{"floor":9,"key":"Art of War"},{"floor":11,"key":"Bag of Marbles"},{"floor":13,"key":"Odd Mushroom"}],"event_choices":[{"cards_removed":["Strike_R"],"damage_healed":0,"gold_gain":0,"player_choice":"Card Removal","damage_taken":7,"max_hp_gain":0,"max_hp_loss":0,"event_name":"Golden Wing","floor":2,"gold_loss":0},{"damage_healed":0,"gold_gain":75,"player_choice":"Gather Gold","damage_taken":11,"max_hp_gain":0,"max_hp_loss":0,"event_name":"World of Goop","floor":4,"gold_loss":0},{"damage_healed":0,"gold_gain":0,"player_choice":"Fought Mushrooms","damage_taken":0,"max_hp_gain":0,"max_hp_loss":0,"event_name":"Mushrooms","floor":13,"gold_loss":0},{"damage_healed":0,"gold_gain":0,"player_choice":"Ignored","damage_taken":0,"max_hp_gain":0,"max_hp_loss":0,"event_name":"Liars Game","floor":14,"gold_loss":0}],"is_beta":false,"boss_relics":[],"items_purged_floors":[5],"is_endless":false,"potions_floor_spawned":[1,3],"killed_by":"The Guardian","ascension_level":14}