{"gold_per_floor":[218,153,153,78,97,130,147,159,159,159,184,139],"floor_reached":12,"playtime":504,"items_purged":["Strike_R"],"score":132,"play_id":"c0e3dede-cb37-4b86-819a-b439d1b59148","local_time":"20180816090730","is_ascension_mode":true,"campfire_choices":[{"data":"Flame Barrier","floor":10,"key":"SMITH"}],"neow_cost":"NONE","seed_source_timestamp":4498456110705,"circlet_count":0,"master_deck":["Strike_R","Strike_R","Strike_R","Strike_R","Defend_R","Defend_R","Defend_R","Defend_R","Bash","AscendersBane","Rampage","Offering","Flame Barrier+1","Demon Form"],"relics":["Burning Blood","Ornamental Fan","Dodecahedron","Bottled Lightning","Boot"],"potions_floor_usage":[11],"damage_taken":[{"damage":6,"enemies":"Cultist","floor":1,"turns":3},{"damage":2,"enemies":"Small Slimes","floor":5,"turns":4},{"damage":45,"enemies":"Lagavulin","floor":6,"turns":8},{"damage":8,"enemies":"Jaw Worm","floor":7,"turns":4},{"damage":9,"enemies":"3 Louse","floor":8,"turns":3},{"damage":27,"enemies":"3 Sentries","floor":11,"turns":11},{"damage":17,"enemies":"Looter","floor":12,"turns":3}],"seed_played":"-6552338065019915188","potions_obtained":[{"floor":8,"key":"Energy Potion"}],"is_trial":false,"path_per_floor":["M","?","?","$","M","E","M","M","T","R","E"],"character_chosen":"IRONCLAD","items_purchased":[],"campfire_rested":0,"item_purchase_floors":[],"current_hp_per_floor":[72,72,72,72,76,37,35,32,32,32,11,0],"gold":139,"neow_bonus":"HUNDRED_GOLD","is_prod":false,"is_daily":false,"chose_seed":false,"campfire_upgraded":1,"win_rate":0,"timestamp":1534381650,"path_taken":["M","?","?","$","M","E","M","M","T","R","E","M"],"build_version":"2018-08-09","purchased_purges":1,"victory":false,"max_hp_per_floor":[80,80,80,80,80,80,80,80,80,80,80,80],"card_choices":[{"not_picked":["Thunderclap","Hemokinesis"],"picked":"Rampage","floor":1},{"not_picked":["Infernal Blade","Thunderclap","Fire Breathing"],"picked":"SKIP","floor":5},{"not_picked":["Shrug It Off","Armaments"],"picked":"Offering","floor":6},{"not_picked":["Searing Blow","Anger","Clothesline"],"picked":"SKIP","floor":7},{"not_picked":["Evolve","Pommel Strike"],"picked":"Flame Barrier","floor":8},{"not_picked":["Searing Blow","Warcry"],"picked":"Demon Form","floor":11}],"player_experience":461109,"relics_obtained":[{"floor":6,"key":"Dodecahedron"},{"floor":9,"key":"Bottled Lightning"},{"floor":11,"key":"Boot"}],"event_choices":[{"event_name":"WeMeetAgain","player_choice":"Gold","floor":2,"damage_taken":0},{"event_name":"Liars Game","player_choice":"disagreed","floor":3,"damage_taken":0}],"is_beta":false,"boss_relics":[],"items_purged_floors":[4],"is_endless":false,"potions_floor_spawned":[8],"killed_by":"Looter","ascension_level":10}