{"gold_per_floor":[14,14,26,36,36,67,67,84,84,84,101,116,116,116,116,211,261,272,282,301,301],"floor_reached":21,"playtime":1789,"items_purged":[],"score":185,"play_id":"53e2bb67-6ab0-4aa0-b13c-5b0433e842ae","local_time":"20190121130434","is_ascension_mode":false,"campfire_choices":[{"data":"Sunder","floor":7,"key":"SMITH"},{"data":"White Noise","floor":10,"key":"SMITH"},{"floor":13,"key":"REST"},{"data":"Tempest","floor":15,"key":"SMITH"}],"neow_cost":"NO_GOLD","seed_source_timestamp":209559963971300,"circlet_count":0,"master_deck":["Strike_B","Strike_B","Strike_B","Defend_B","Defend_B","Zap","Dualcast","Steam","Sweeping Beam","Sunder+1","White Noise+1","Rebound","Steam","Tempest+1","Sunder","Creative AI+1","Fusion","Genetic Algorithm","Undo+1","Lockon"],"relics":["Cracked Core","Oddly Smooth Stone","Bottled Lightning","Tiny House"],"potions_floor_usage":[14,16,18,20,21,21],"damage_taken":[{"damage":1,"enemies":"Jaw Worm","floor":1,"turns":3},{"damage":5,"enemies":"Cultist","floor":3,"turns":4},{"damage":1,"enemies":"Small Slimes","floor":4,"turns":2},{"damage":37,"enemies":"3 Sentries","floor":6,"turns":7},{"damage":0,"enemies":"3 Louse","floor":8,"turns":1},{"damage":0,"enemies":"Exordium Thugs","floor":11,"turns":3},{"damage":3,"enemies":"Looter","floor":12,"turns":3},{"damage":0,"enemies":"Large Slime","floor":14,"turns":4},{"damage":40,"enemies":"Hexaghost","floor":16,"turns":10},{"damage":10,"enemies":"Chosen","floor":18,"turns":4},{"damage":23,"enemies":"Shell Parasite","floor":19,"turns":5},{"damage":22,"enemies":"Centurion and Healer","floor":20,"turns":3},{"damage":26,"enemies":"Sentry and Sphere","floor":21,"turns":3}],"seed_played":"5603235657363792663","potions_obtained":[{"floor":4,"key":"Strength Potion"},{"floor":6,"key":"SkillPotion"},{"floor":11,"key":"LiquidBronze"},{"floor":12,"key":"SpeedPotion"},{"floor":17,"key":"Fire Potion"},{"floor":19,"key":"Poison Potion"},{"floor":20,"key":"Poison Potion"}],"is_trial":false,"path_per_floor":["M","?","M","M","$","E","R","M","T","R","M","M","R","M","R","B",null,"M","M","M","M"],"character_chosen":"DEFECT","items_purchased":[],"campfire_rested":1,"item_purchase_floors":[],"current_hp_per_floor":[74,74,69,68,68,31,31,31,31,31,31,28,50,50,50,10,80,70,47,25,0],"gold":301,"neow_bonus":"REMOVE_TWO","is_prod":false,"is_daily":false,"chose_seed":false,"campfire_upgraded":3,"win_rate":0.0,"timestamp":1548072274,"path_taken":["M","?","M","M","?","E","R","M","T","R","M","M","R","?","R","BOSS","M","M","M","M"],"build_version":"2019-01-17v2","purchased_purges":0,"victory":false,"max_hp_per_floor":[75,75,75,75,75,75,75,75,75,75,75,75,75,75,75,75,80,80,80,80,80],"card_choices":[{"not_picked":["Conserve Battery","Redo"],"picked":"Steam","floor":1},{"not_picked":["Reinforced Body","Beam Cell"],"picked":"Sweeping Beam","floor":3},{"not_picked":["Gash","Doom and Gloom"],"picked":"Sunder","floor":4},{"not_picked":["Fusion","BootSequence"],"picked":"White Noise","floor":6},{"not_picked":["Ball Lightning","Cold Snap"],"picked":"Rebound","floor":8},{"not_picked":["Skim","Double Energy"],"picked":"Steam","floor":11},{"not_picked":["Darkness","Ball Lightning"],"picked":"Tempest","floor":12},{"not_picked":["Gash","Compile Driver"],"picked":"Sunder","floor":14},{"not_picked":["Reboot","Meteor Strike"],"picked":"Creative AI","floor":16},{"not_picked":["Sunder","Sweeping Beam"],"picked":"Fusion","floor":17},{"not_picked":["Streamline","Chill"],"picked":"Genetic Algorithm","floor":18},{"not_picked":["Force Field+1","Genetic Algorithm"],"picked":"Undo+1","floor":19},{"not_picked":["Sunder","Loop"],"picked":"Lockon","floor":20}],"player_experience":22224,"relics_obtained":[{"floor":6,"key":"Oddly Smooth Stone"},{"floor":9,"key":"Bottled Lightning"}],"event_choices":[{"cards_removed":["Strike_B"],"damage_healed":0,"gold_gain":0,"player_choice":"Card Removal","damage_taken":0,"max_hp_gain":0,"max_hp_loss":0,"event_name":"Wheel of Change","floor":2,"gold_loss":0}],"is_beta":false,"boss_relics":[{"not_picked":["Velvet Choker","Fusion Hammer"],"picked":"Tiny House"}],"items_purged_floors":[],"is_endless":false,"potions_floor_spawned":[4,6,11,12,19,20],"killed_by":"Sentry and Sphere","ascension_level":0}