{"gold_per_floor":[118,19,19,19,19,19,0,0,23,23,33,63,63,76,76,179,179,179,179,179,179,179,179,179,179,179,179],"floor_reached":27,"playtime":811,"items_purged":["Strike_B"],"score":271,"play_id":"ac2bee66-7dce-4446-bf8f-1a5ecfe23b1d","local_time":"20180726185626","is_ascension_mode":true,"campfire_choices":[{"data":"Dualcast","floor":6,"key":"SMITH"},{"data":"Go for the Eyes","floor":10,"key":"SMITH"},{"data":"Conserve Battery","floor":13,"key":"SMITH"},{"data":"Conserve Battery","floor":15,"key":"SMITH"},{"data":"Consume","floor":23,"key":"SMITH"}],"neow_cost":"NONE","seed_source_timestamp":422115065749433,"circlet_count":0,"master_deck":["Strike_B","Strike_B","Strike_B","Defend_B","Defend_B","Defend_B","Defend_B","Zap+1","Dualcast+1","Go for the Eyes+1","Ball Lightning","Conserve Battery+1","Ball Lightning","Conserve Battery+1","Electrodynamics","Consume+1","Auto Shields","Conserve Battery+1"],"relics":["Cracked Core","Oddly Smooth Stone","Potion Belt","Odd Mushroom","Ectoplasm","Red Mask","SsserpentHead","Meat on the Bone","Kunai"],"potions_floor_usage":[16,20,24,24,24],"damage_taken":[{"damage":0,"enemies":"Cultist","floor":1,"turns":3},{"damage":0,"enemies":"Jaw Worm","floor":11,"turns":2},{"damage":11,"floor":12,"turns":5},{"damage":1,"enemies":"Small Slimes","floor":14,"turns":2},{"damage":14,"enemies":"Hexaghost","floor":16,"turns":8},{"damage":4,"enemies":"Shell Parasite","floor":18,"turns":5},{"damage":8,"enemies":"Chosen","floor":19,"turns":3},{"damage":4,"floor":20,"turns":3},{"damage":0,"enemies":"3 Cultists","floor":22,"turns":3},{"damage":17,"enemies":"Slavers","floor":24,"turns":4},{"damage":28,"enemies":"Snake Plant","floor":27,"turns":3}],"seed_played":"-6841728799824739705","potions_obtained":[{"floor":14,"key":"FocusPotion"},{"floor":16,"key":"PowerPotion"},{"floor":18,"key":"AttackPotion"},{"floor":19,"key":"LiquidBronze"},{"floor":20,"key":"Ancient Potion"}],"is_trial":false,"path_per_floor":["M","$","$","?","?","R","?","?","T","R","M","?","R","M","R","B",null,"M","M","?","?","M","R","E","?","T"],"character_chosen":"DEFECT","items_purchased":["Ball Lightning"],"campfire_rested":0,"item_purchase_floors":[2],"current_hp_per_floor":[75,75,75,72,72,72,72,77,77,77,77,66,66,65,65,51,73,69,61,57,57,57,57,40,25,25,0],"gold":179,"neow_bonus":"UPGRADE_CARD","is_prod":false,"is_daily":false,"chose_seed":false,"campfire_upgraded":5,"win_rate":0,"timestamp":1532602586,"path_taken":["M","?","$","?","?","R","?","?","T","R","?","?","R","M","R","BOSS","M","M","?","?","M","R","E","?","T","M"],"build_version":"2018-07-19v2","purchased_purges":1,"victory":false,"max_hp_per_floor":[75,75,75,75,75,75,75,80,80,80,80,80,80,80,80,80,80,80,80,80,80,80,80,80,85,85,85],"card_choices":[{"not_picked":["Reinforced Body","Compile Driver"],"picked":"Go for the Eyes","floor":1},{"not_picked":["Redo","Steam"],"picked":"Conserve Battery","floor":11},{"not_picked":["Coolheaded","Streamline"],"picked":"Ball Lightning","floor":12},{"not_picked":["Aggregate","Hello World"],"picked":"Conserve Battery","floor":14},{"not_picked":["Biased Cognition","Rainbow"],"picked":"Electrodynamics","floor":16},{"not_picked":["Hologram","Chaos"],"picked":"Consume","floor":18},{"not_picked":["Beam Cell","Streamline"],"picked":"Auto Shields","floor":19},{"not_picked":["Creative AI","Darkness"],"picked":"Conserve Battery+1","floor":22},{"not_picked":["Barrage","Rip and Tear","Chaos"],"picked":"SKIP","floor":24}],"player_experience":255413,"relics_obtained":[{"floor":9,"key":"Potion Belt"},{"floor":12,"key":"Odd Mushroom"},{"floor":20,"key":"Red Mask"},{"floor":24,"key":"Meat on the Bone"},{"floor":26,"key":"Kunai"}],"event_choices":[{"event_name":"Scrap Ooze","player_choice":"success","floor":4,"damage_taken":3},{"event_name":"Liars Game","player_choice":"disagreed","floor":5,"damage_taken":0},{"event_name":"World of Goop","player_choice":"Left","floor":7,"damage_taken":0},{"event_name":"Big Fish","player_choice":"Donut","floor":8,"damage_taken":0},{"event_name":"Mushrooms","player_choice":"Fought Mushrooms","floor":12,"damage_taken":0},{"event_name":"Masked Bandits","player_choice":"Fought over 179 gold","floor":20,"damage_taken":0},{"event_name":"FaceTrader","player_choice":"Trade","floor":21,"damage_taken":0},{"event_name":"Forgotten Altar","player_choice":"Shed Blood","floor":25,"damage_taken":0}],"is_beta":false,"boss_relics":[{"not_picked":["Fusion Hammer","FrozenCore"],"picked":"Ectoplasm"}],"items_purged_floors":[2],"is_endless":false,"potions_floor_spawned":[14,16,18,19,20],"killed_by":"Snake Plant","ascension_level":5}