{"gold_per_floor":[117,133,58,75,92,92,92,92,92,112,138,138,148,2,2,2],"floor_reached":16,"playtime":570,"items_purged":["Strike_B","Strike_B"],"score":133,"play_id":"5e31b2d9-c30b-4878-920c-8cc9c1fb90d7","local_time":"20181209211437","is_ascension_mode":true,"campfire_choices":[{"data":"Zap","floor":6,"key":"SMITH"},{"floor":12,"key":"REST"},{"floor":15,"key":"REST"}],"neow_cost":"TEN_PERCENT_HP_LOSS","seed_source_timestamp":566211508647059,"circlet_count":0,"master_deck":["Strike_B","Defend_B","Defend_B","Defend_B","Defend_B","Zap+1","Dualcast","Meteor Strike","BootSequence","Defragment","Melter","Turbo","Glacier","Turbo"],"relics":["Cracked Core","Bottled Lightning","Blue Candle"],"potions_floor_usage":[],"damage_taken":[{"damage":8,"enemies":"2 Louse","floor":1,"turns":4},{"damage":0,"enemies":"Small Slimes","floor":2,"turns":3},{"damage":1,"enemies":"Cultist","floor":4,"turns":3},{"damage":9,"enemies":"Red Slaver","floor":5,"turns":3},{"damage":13,"enemies":"Blue Slaver","floor":10,"turns":3},{"damage":36,"enemies":"Gremlin Nob","floor":11,"turns":5},{"damage":15,"enemies":"Exordium Wildlife","floor":13,"turns":3},{"damage":26,"enemies":"Hexaghost","floor":16,"turns":9}],"seed_played":"5529861833793894631","potions_obtained":[{"floor":1,"key":"FearPotion"},{"floor":11,"key":"Ancient Potion"}],"is_trial":false,"path_per_floor":["M","M","$","M","M","R","?","?","T","M","E","R","M","$","R","B"],"character_chosen":"DEFECT","items_purchased":["Turbo"],"campfire_rested":2,"item_purchase_floors":[14],"current_hp_per_floor":[60,60,60,59,50,50,50,50,50,37,1,21,6,6,26,0],"gold":2,"neow_bonus":"THREE_RARE_CARDS","is_prod":false,"is_daily":false,"chose_seed":false,"campfire_upgraded":1,"win_rate":0,"timestamp":1544361277,"path_taken":["M","M","$","M","M","R","?","?","T","M","E","R","M","$","R","BOSS"],"build_version":"2018-12-06","purchased_purges":2,"victory":false,"max_hp_per_floor":[68,68,68,68,68,68,68,68,68,68,68,68,68,68,68,68],"card_choices":[{"not_picked":["Creative AI","Fission"],"picked":"Meteor Strike","floor":0},{"not_picked":["Streamline","Reprogram"],"picked":"BootSequence","floor":1},{"not_picked":["Redo","Go for the Eyes"],"picked":"Defragment","floor":2},{"not_picked":["Steam","Redo"],"picked":"Melter","floor":4},{"not_picked":["Stack","Force Field"],"picked":"Turbo","floor":5},{"not_picked":["Barrage","White Noise","Reinforced Body"],"picked":"SKIP","floor":10},{"not_picked":["Redo","Lockon","Compile Driver"],"picked":"SKIP","floor":11},{"not_picked":["Aggregate","Stack"],"picked":"Glacier","floor":13}],"player_experience":532175,"relics_obtained":[{"floor":9,"key":"Bottled Lightning"},{"floor":11,"key":"Blue Candle"}],"event_choices":[{"cards_removed":["Strike_B"],"damage_healed":0,"gold_gain":0,"player_choice":"Forget","damage_taken":0,"max_hp_gain":0,"max_hp_loss":0,"event_name":"Living Wall","floor":7,"gold_loss":0},{"damage_healed":0,"gold_gain":0,"player_choice":"Leave","damage_taken":0,"max_hp_gain":0,"max_hp_loss":0,"event_name":"FaceTrader","floor":8,"gold_loss":0}],"is_beta":false,"boss_relics":[],"items_purged_floors":[3,14],"is_endless":false,"potions_floor_spawned":[1,11],"killed_by":"Hexaghost","ascension_level":6}