{"gold_per_floor":[111,111,125,32,42,69,85,85,111,125,125,137,137,153,153,251,251,271,297,257,267,279,279,291,291],"floor_reached":25,"playtime":2127,"items_purged":[],"score":207,"play_id":"345efbba-4d09-4b31-af2e-83807e6afef7","local_time":"20190122001834","is_ascension_mode":false,"campfire_choices":[{"data":"Armaments","floor":8,"key":"SMITH"},{"data":"Combust","floor":11,"key":"SMITH"},{"data":"Armaments","floor":13,"key":"SMITH"},{"data":"Whirlwind","floor":15,"key":"SMITH"},{"data":"Juggernaut","floor":23,"key":"SMITH"}],"neow_cost":"NONE","seed_source_timestamp":16134259396600,"circlet_count":0,"master_deck":["Strike_R","Strike_R","Strike_R","Strike_R","Strike_R","Defend_R","Defend_R","Defend_R","Bash","Combust+1","Thunderclap","Cleave","Iron Wave","Thunderclap","Armaments+1","Rupture","Armaments+1","Warcry","Whirlwind+1","Juggernaut+1","Reckless Charge","Shrug It Off","Clothesline","Body Slam","Iron Wave"],"relics":["Burning Blood","Regal Pillow","Bag of Preparation","Busted Crown","Red Mask"],"potions_floor_usage":[10,10,16,16,21,21,22,25,25],"damage_taken":[{"damage":6,"enemies":"Jaw Worm","floor":1,"turns":3},{"damage":8,"enemies":"Cultist","floor":3,"turns":3},{"damage":5,"enemies":"Small Slimes","floor":5,"turns":3},{"damage":29,"enemies":"3 Sentries","floor":6,"turns":4},{"damage":12,"enemies":"2 Fungi Beasts","floor":7,"turns":2},{"damage":2,"enemies":"Exordium Thugs","floor":10,"turns":3},{"damage":12,"enemies":"Exordium Wildlife","floor":12,"turns":4},{"damage":5,"enemies":"Gremlin Gang","floor":14,"turns":3},{"damage":42,"enemies":"Hexaghost","floor":16,"turns":9},{"damage":18,"enemies":"Shell Parasite","floor":18,"turns":4},{"damage":0,"enemies":"Masked Bandits","floor":19,"turns":2},{"damage":21,"enemies":"Spheric Guardian","floor":21,"turns":4},{"damage":13,"enemies":"Snecko","floor":22,"turns":5},{"damage":30,"enemies":"Shelled Parasite and Fungi","floor":24,"turns":5},{"damage":35,"enemies":"Book of Stabbing","floor":25,"turns":4}],"seed_played":"-8972382795550031723","potions_obtained":[{"floor":5,"key":"LiquidBronze"},{"floor":7,"key":"EssenceOfSteel"},{"floor":10,"key":"SpeedPotion"},{"floor":14,"key":"PowerPotion"},{"floor":16,"key":"BloodPotion"},{"floor":19,"key":"Regen Potion"},{"floor":20,"key":"Explosive Potion"},{"floor":20,"key":"Fruit Juice"},{"floor":21,"key":"Block Potion"},{"floor":24,"key":"Fire Potion"}],"is_trial":false,"path_per_floor":["M","?","M","$","M","E","M","R","T","M","R","M","R","M","R","B",null,"M","?","?","M","M","R","M","E"],"character_chosen":"IRONCLAD","items_purchased":["Cleave","Iron Wave"],"campfire_rested":0,"item_purchase_floors":[4,4],"current_hp_per_floor":[80,80,78,78,79,56,50,50,50,54,54,48,48,49,49,13,80,68,74,74,64,57,57,33,0],"gold":291,"neow_bonus":"REMOVE_CARD","is_prod":false,"is_daily":false,"chose_seed":false,"campfire_upgraded":5,"win_rate":0.0,"timestamp":1548112714,"path_taken":["M","?","M","$","M","E","?","R","T","M","R","M","R","M","R","BOSS","M","?","?","M","M","R","M","E"],"build_version":"2019-01-17v2","purchased_purges":0,"victory":false,"max_hp_per_floor":[80,80,80,80,80,80,80,80,80,80,80,80,80,80,80,80,80,80,80,80,85,85,85,85,85],"card_choices":[{"not_picked":["Clash","Ghostly Armor"],"picked":"Combust","floor":1},{"not_picked":["Body Slam","Power Through"],"picked":"Thunderclap","floor":3},{"not_picked":["Body Slam","Disarm"],"picked":"Thunderclap","floor":5},{"not_picked":["Rage","Shrug It Off"],"picked":"Armaments","floor":6},{"not_picked":["Heavy Blade","Brutality"],"picked":"Rupture","floor":7},{"not_picked":["Cleave","True Grit"],"picked":"Armaments","floor":10},{"not_picked":["Hemokinesis","Spot Weakness"],"picked":"Warcry","floor":12},{"not_picked":["Shockwave","Clothesline"],"picked":"Whirlwind","floor":14},{"not_picked":["Dark Embrace","Fiend Fire"],"picked":"Juggernaut","floor":16},{"not_picked":[],"picked":"Reckless Charge","floor":18},{"not_picked":[],"picked":"Shrug It Off","floor":19},{"not_picked":[],"picked":"Clothesline","floor":21},{"not_picked":[],"picked":"Body Slam","floor":22},{"not_picked":[],"picked":"Iron Wave","floor":24}],"player_experience":32215,"relics_obtained":[{"floor":6,"key":"Regal Pillow"},{"floor":9,"key":"Bag of Preparation"},{"floor":19,"key":"Red Mask"}],"event_choices":[{"damage_healed":0,"gold_gain":0,"player_choice":"Full Heal","damage_taken":0,"max_hp_gain":0,"max_hp_loss":0,"event_name":"Wheel of Change","floor":2,"gold_loss":0},{"damage_healed":0,"gold_gain":0,"player_choice":"Fought Bandits","damage_taken":0,"max_hp_gain":0,"max_hp_loss":0,"event_name":"Masked Bandits","floor":19,"gold_loss":0},{"damage_healed":0,"gold_gain":0,"player_choice":"Bought 3 Potions","damage_taken":0,"max_hp_gain":0,"max_hp_loss":0,"event_name":"The Woman in Blue","floor":20,"gold_loss":0}],"is_beta":false,"boss_relics":[{"not_picked":["Runic Dome","Calling Bell"],"picked":"Busted Crown"}],"items_purged_floors":[],"is_endless":false,"potions_floor_spawned":[5,7,10,14,16,19,21,24],"killed_by":"Book of Stabbing","ascension_level":0}