{"gold_per_floor":[11,11,11,26,45,45,75,40,91,108,26,26,41,61,61,61],"floor_reached":16,"playtime":868,"items_purged":[],"score":133,"play_id":"5eaa8c52-ce32-4eb4-8554-b2cf4c2ae8e4","local_time":"20190610140021","is_ascension_mode":true,"campfire_choices":[{"data":"1","floor":6,"key":"LIFT"},{"data":"2","floor":12,"key":"LIFT"},{"data":"3","floor":15,"key":"LIFT"}],"neow_cost":"NO_GOLD","seed_source_timestamp":245704899545362,"circlet_count":0,"master_deck":["Defend_G","Defend_G","Defend_G","Defend_G","Defend_G","Strike_G+1","Strike_G","Strike_G+1","Strike_G","Survivor","Neutralize","Dash","Acrobatics","Deflect","Accuracy","Accuracy","Blur","Backflip"],"relics":["Ring of the Snake","Girya","Whetstone"],"potions_floor_usage":[14,16,16],"damage_taken":[{"damage":0,"enemies":"2 Louse","floor":1,"turns":6},{"damage":1,"enemies":"Jaw Worm","floor":4,"turns":5},{"damage":0,"enemies":"Small Slimes","floor":5,"turns":5},{"damage":0,"enemies":"Blue Slaver","floor":10,"turns":6},{"damage":16,"enemies":"Exordium Thugs","floor":13,"turns":8},{"damage":8,"enemies":"Large Slime","floor":14,"turns":9},{"damage":39,"enemies":"The Guardian","floor":16,"turns":18}],"seed_played":"-6038256139875963790","potions_obtained":[{"floor":5,"key":"FearPotion"},{"floor":10,"key":"Ancient Potion"},{"floor":13,"key":"GhostInAJar"}],"is_trial":false,"path_per_floor":["M","?","?","M","M","R","?","$","T","M","$","R","M","M","R","B"],"character_chosen":"THE_SILENT","items_purchased":["Accuracy","Accuracy"],"campfire_rested":0,"item_purchase_floors":[8,11],"current_hp_per_floor":[63,63,63,62,62,62,62,62,62,62,62,62,46,38,38,0],"gold":61,"neow_bonus":"ONE_RARE_RELIC","is_prod":false,"is_daily":false,"chose_seed":false,"campfire_upgraded":0,"win_rate":0,"timestamp":1560146421,"path_taken":["M","?","?","M","M","R","?","$","T","M","?","R","M","M","R","BOSS"],"build_version":"2019-01-23","purchased_purges":0,"victory":false,"max_hp_per_floor":[70,70,70,70,70,70,70,70,70,70,70,70,70,70,70,70],"card_choices":[{"not_picked":["Flying Knee","Acrobatics"],"picked":"Dash","floor":1},{"not_picked":["Flying Knee","Bullet Time"],"picked":"Acrobatics","floor":4},{"not_picked":["Leg Sweep","Calculated Gamble"],"picked":"Deflect","floor":5},{"not_picked":["Acrobatics","Endless Agony","Bouncing Flask"],"picked":"SKIP","floor":10},{"not_picked":["Sucker Punch","Setup"],"picked":"Blur","floor":13},{"not_picked":["Dodge and Roll","Dagger Throw"],"picked":"Backflip","floor":14}],"player_experience":744875,"relics_obtained":[{"floor":9,"key":"Whetstone"}],"event_choices":[{"cards_removed":["Strike_G"],"damage_healed":0,"gold_gain":0,"player_choice":"Forget","damage_taken":0,"max_hp_gain":0,"max_hp_loss":0,"event_name":"Living Wall","floor":2,"gold_loss":0},{"damage_healed":0,"gold_gain":0,"player_choice":"Leave","damage_taken":0,"max_hp_gain":0,"max_hp_loss":0,"event_name":"The Cleric","floor":3,"gold_loss":0},{"damage_healed":0,"gold_gain":30,"player_choice":"Searched \u00272\u0027 times","damage_taken":0,"max_hp_gain":0,"max_hp_loss":0,"event_name":"Dead Adventurer","floor":7,"gold_loss":0}],"is_beta":false,"boss_relics":[],"items_purged_floors":[],"is_endless":false,"potions_floor_spawned":[5,10,13],"killed_by":"The Guardian","ascension_level":9}