{"path_per_floor":["M","M","$","M","M","R","E","M","T","R","M","R","$","?","R","B",null,"M","$","M","?","?","R","M","M","T","R","E","$"],"character_chosen":"THE_SILENT","items_purchased":["Regen Potion"],"gold_per_floor":[318,331,256,272,290,290,325,344,344,344,358,358,258,288,288,392,392,404,279,254,254,254,254,265,283,283,283,311,113],"floor_reached":30,"campfire_rested":5,"playtime":1755,"current_hp_per_floor":[60,57,57,49,18,38,7,3,3,23,22,42,42,42,42,14,54,36,36,10,10,10,30,6,6,6,26,6,6],"items_purged":["Parasite","Strike_G","Strike_G","Strike_G"],"gold":113,"score":375,"play_id":"ee99053f-095c-4b20-ab79-592e7ecb804e","is_prod":false,"is_daily":false,"is_ascension_mode":true,"campfire_upgraded":1,"path_taken":["M","M","$","M","M","R","E","M","T","R","M","R","$","?","R","BOSS","M","$","M","?","?","R","M","M","T","R","E","?","E"],"build_version":"2018-02-22-PROD2","purchased_purges":4,"victory":false,"master_deck":["Defend_G+1","Defend_G+1","Defend_G+1","Defend_G+1","Defend_G+1","Strike_G+1","Strike_G+1","Survivor","Neutralize","Noxious Fumes+1","Bouncing Flask","Bullet Time","Backflip","Backflip+1","Adrenaline+1","Footwork","Bullet Time","Outmaneuver+1","Dodge and Roll+1"],"max_hp_per_floor":[70,70,67,67,67,67,67,67,67,67,67,67,67,67,67,67,67,67,67,67,67,67,67,67,67,67,67,67,67],"relics":["Ring of the Snake","Old Coin","Du-Vu Doll","Girya","The Specimen","Mummified Hand","War Paint"],"card_choices":[{"not_picked":["Expertise","Concentrate"],"picked":"Noxious Fumes"},{"not_picked":["Dagger Spray","Acrobatics"],"picked":"Bouncing Flask"},{"not_picked":["Acrobatics","Endless Agony"],"picked":"Bullet Time"},{"not_picked":["Dagger Spray","Dagger Throw"],"picked":"Backflip"},{"not_picked":["Bane","Bouncing Flask"],"picked":"Backflip"},{"not_picked":["Night Terror","Storm of Steel"],"picked":"Adrenaline"},{"not_picked":["Cloak And Dagger","Sucker Punch"],"picked":"Outmaneuver"},{"not_picked":["Reflex","Sucker Punch"],"picked":"Dodge and Roll"}],"player_experience":213221,"potions_floor_usage":[8,11,16,16,20,25,25,30,30],"damage_taken":[{"damage":3,"enemies":"Jaw Worm","floor":1,"turns":7},{"damage":3,"enemies":"2 Louse","floor":2,"turns":4},{"damage":8,"enemies":"Small Slimes","floor":4,"turns":4},{"damage":31,"enemies":"Exordium Wildlife","floor":5,"turns":6},{"damage":31,"enemies":"Lagavulin","floor":7,"turns":8},{"damage":4,"enemies":"2 Fungi Beasts","floor":8,"turns":3},{"damage":1,"enemies":"Red Slaver","floor":11,"turns":4},{"damage":28,"enemies":"Slime Boss","floor":16,"turns":9},{"damage":18,"enemies":"Spheric Guardian","floor":18,"turns":5},{"damage":26,"enemies":"2 Thieves","floor":20,"turns":5},{"damage":24,"enemies":"Centurion and Healer","floor":24,"turns":8},{"damage":0,"enemies":"Snecko","floor":25,"turns":5},{"damage":20,"enemies":"Gremlin Leader","floor":28,"turns":7},{"damage":15,"enemies":"Slavers","floor":30,"turns":1}],"event_choices":[{"event_name":"Dead Adventurer","player_choice":"Searched \u00271\u0027 times","floor":14,"damage_taken":0},{"event_name":"Back to Basics","player_choice":"Simplicity","floor":21,"damage_taken":0},{"event_name":"Match and Keep!","player_choice":"2 cards matched","floor":22,"damage_taken":0}],"boss_relics":[{"not_picked":["Velvet Choker","Lizard Tail"],"picked":"The Specimen"}],"potions_floor_spawned":[1,5,7,8,11,18,24,28],"seed_played":"6564149942704897939","killed_by":"Slavers","ascension_level":10,"is_trial":false}