{"path_per_floor":["M","M","M","M","M","R","M","R","T","?","M","$","E","M","R","B",null,"M","?","$","?","M","E"],"character_chosen":"THE_SILENT","items_purchased":["Apotheosis","Backflip"],"gold_per_floor":[113,125,145,155,174,174,185,185,185,260,277,29,57,74,74,146,146,161,161,60,60,76,105,105],"floor_reached":24,"campfire_rested":2,"playtime":1375,"current_hp_per_floor":[65,65,61,47,43,64,58,58,58,47,46,46,42,38,59,34,63,39,23,23,23,20,19,0],"items_purged":["Defend_G","Strike_G"],"gold":105,"score":374,"play_id":"87530988-49bc-4524-bfde-580794aae3ab","local_time":"20180325181442","is_prod":false,"is_daily":false,"is_ascension_mode":true,"campfire_upgraded":1,"timestamp":1522019682,"path_taken":["M","?","?","M","M","R","M","R","T","?","M","$","E","M","R","BOSS","M","?","$","?","?","E","M"],"build_version":"2018-03-22v2","purchased_purges":2,"victory":false,"master_deck":["Defend_G","Defend_G","Defend_G","Defend_G","Strike_G","Strike_G","Strike_G","Survivor","Neutralize+1","AscendersBane","Predator","Apotheosis","Backflip","Backflip"],"max_hp_per_floor":[72,72,72,72,72,72,72,72,72,72,72,72,72,72,72,72,72,72,72,72,72,72,72,72],"relics":["Ring of the Snake","Smiling Mask","Lantern","Sozu","Enchiridion","Regal Pillow"],"card_choices":[{"not_picked":["Deflect","Dagger Throw"],"picked":"Predator","floor":1},{"not_picked":["PiercingWail","Calculated Gamble"],"picked":"Backflip","floor":22}],"player_experience":356413,"potions_floor_usage":[16,23,24],"damage_taken":[{"damage":0,"enemies":"Cultist","floor":1,"turns":5},{"damage":0,"enemies":"Small Slimes","floor":2,"turns":4},{"damage":4,"enemies":"Jaw Worm","floor":3,"turns":3},{"damage":14,"enemies":"2 Fungi Beasts","floor":4,"turns":4},{"damage":4,"enemies":"Blue Slaver","floor":5,"turns":5},{"damage":6,"enemies":"Looter","floor":7,"turns":4},{"damage":1,"enemies":"2 Fungi Beasts","floor":11,"turns":4},{"damage":4,"enemies":"3 Sentries","floor":13,"turns":10},{"damage":4,"enemies":"Large Slime","floor":14,"turns":6},{"damage":25,"enemies":"The Guardian","floor":16,"turns":14},{"damage":24,"enemies":"3 Byrds","floor":18,"turns":6},{"damage":3,"enemies":"Spheric Guardian","floor":22,"turns":6},{"damage":1,"enemies":"Book of Stabbing","floor":23,"turns":9},{"damage":22,"enemies":"Cultist and Chosen","floor":24,"turns":6}],"event_choices":[{"event_name":"World of Goop","player_choice":"Gather Gold","floor":10,"damage_taken":0},{"event_name":"Cursed Tome","player_choice":"Obtained Book","floor":19,"damage_taken":0},{"event_name":"Back to Basics","player_choice":"Elegance","floor":21,"damage_taken":0}],"boss_relics":[{"not_picked":["Eternal Feather","Lizard Tail"],"picked":"Sozu"}],"potions_floor_spawned":[3,5,11,14,16,23],"seed_played":"-3023718351957224572","killed_by":"Cultist and Chosen","ascension_level":14,"is_trial":false}