{"gold_per_floor":[117,133,83,83,103,134,134,153,153,153,177,234,234,88,88,88],"floor_reached":16,"playtime":1209,"items_purged":["Strike_G"],"score":155,"play_id":"87de6c28-f07e-4850-8b9d-8ec3eb1afec0","local_time":"20190612144853","is_ascension_mode":true,"campfire_choices":[{"data":"Catalyst","floor":7,"key":"SMITH"},{"data":"Deadly Poison","floor":10,"key":"SMITH"},{"floor":15,"key":"REST"}],"neow_cost":"NONE","seed_source_timestamp":137776673860772,"circlet_count":0,"master_deck":["AscendersBane","Defend_G","Defend_G","Defend_G","Defend_G","Defend_G","Strike_G","Strike_G","Strike_G","Survivor","Neutralize","PiercingWail","Cloak And Dagger","Deadly Poison+1","Catalyst+1","Backstab","Poisoned Stab","Bane","Dagger Spray","Bouncing Flask"],"relics":["Ring of the Snake","Orichalcum","Golden Idol","Prayer Wheel","Blue Candle"],"potions_floor_usage":[8,11],"damage_taken":[{"damage":0,"enemies":"2 Louse","floor":1,"turns":3},{"damage":0,"enemies":"Small Slimes","floor":2,"turns":4},{"damage":2,"enemies":"Jaw Worm","floor":5,"turns":5},{"damage":42,"enemies":"Lagavulin","floor":6,"turns":8},{"damage":0,"enemies":"Lots of Slimes","floor":8,"turns":6},{"damage":11,"enemies":"Large Slime","floor":11,"turns":11},{"damage":28,"enemies":"Slime Boss","floor":16,"turns":9}],"seed_played":"-6278866972629830581","potions_obtained":[{"floor":6,"key":"GhostInAJar"},{"floor":8,"key":"SkillPotion"}],"is_trial":false,"path_per_floor":["M","M","?","?","M","E","R","M","T","R","M","?","?","$","R","B"],"character_chosen":"THE_SILENT","items_purchased":["Bouncing Flask"],"campfire_rested":1,"item_purchase_floors":[14],"current_hp_per_floor":[63,63,63,63,61,19,19,19,19,19,8,8,8,8,27,0],"gold":88,"neow_bonus":"RANDOM_COMMON_RELIC","is_prod":false,"is_daily":false,"chose_seed":false,"campfire_upgraded":2,"win_rate":0,"timestamp":1560322133,"path_taken":["M","M","?","?","?","E","R","M","T","R","?","?","?","?","R","BOSS"],"build_version":"2019-01-23","purchased_purges":1,"victory":false,"max_hp_per_floor":[70,70,70,65,65,65,65,65,65,65,65,65,65,65,65,65],"card_choices":[{"not_picked":["Dagger Throw","Quick Slash"],"picked":"PiercingWail","floor":1},{"not_picked":["Blade Dance","Poisoned Stab"],"picked":"Cloak And Dagger","floor":2},{"not_picked":["Dagger Spray","Escape Plan"],"picked":"Deadly Poison","floor":5},{"not_picked":["Backstab","Venomology"],"picked":"Catalyst","floor":6},{"not_picked":["Underhanded Strike","Deflect"],"picked":"Backstab","floor":8},{"not_picked":["All Out Attack","Calculated Gamble"],"picked":"Poisoned Stab","floor":8},{"not_picked":["Finisher","Blade Dance"],"picked":"Bane","floor":11},{"not_picked":["Skewer","Concentrate"],"picked":"Dagger Spray","floor":11}],"player_experience":799845,"relics_obtained":[{"floor":6,"key":"Prayer Wheel"},{"floor":9,"key":"Blue Candle"}],"event_choices":[{"cards_removed":["Strike_G"],"damage_healed":0,"gold_gain":0,"player_choice":"Card Removal","damage_taken":0,"max_hp_gain":0,"max_hp_loss":0,"event_name":"The Cleric","floor":3,"gold_loss":50},{"damage_healed":0,"gold_gain":0,"player_choice":"Lose Max HP","damage_taken":0,"relics_obtained":["Golden Idol"],"max_hp_gain":0,"max_hp_loss":5,"event_name":"Golden Idol","floor":4,"gold_loss":0},{"damage_healed":0,"gold_gain":57,"player_choice":"Gained Gold","damage_taken":0,"max_hp_gain":0,"max_hp_loss":0,"event_name":"Golden Wing","floor":12,"gold_loss":0},{"damage_healed":0,"gold_gain":0,"player_choice":"Fled","damage_taken":0,"max_hp_gain":0,"max_hp_loss":0,"event_name":"Scrap Ooze","floor":13,"gold_loss":0}],"is_beta":false,"boss_relics":[],"items_purged_floors":[14],"is_endless":false,"potions_floor_spawned":[6,8],"killed_by":"Slime Boss","ascension_level":11}