{"gold_per_floor":[114,114,125,141,141,141,168,181,181,181,80,100,164,64,64,64],"floor_reached":16,"playtime":973,"items_purged":["Strike_R","Strike_R"],"score":115,"play_id":"80389b2e-391d-4e98-9982-0c64fa90b02a","local_time":"20180804095621","is_ascension_mode":true,"campfire_choices":[{"data":"Demon Form","floor":6,"key":"SMITH"},{"data":"Iron Wave","floor":10,"key":"SMITH"},{"floor":15,"key":"REST"}],"neow_cost":"NONE","seed_source_timestamp":0,"circlet_count":0,"master_deck":["Strike_R","Defend_R","Defend_R","Defend_R","Defend_R","Bash","Shockwave","Iron Wave+1","Demon Form+1","Sword Boomerang","Twin Strike"],"special_seed":0,"relics":["Burning Blood","Nunchaku","Ancient Tea Set","Frozen Egg 2","Dodecahedron"],"potions_floor_usage":[8,16,16],"damage_taken":[{"damage":5,"enemies":"Small Slimes","floor":1,"turns":4},{"damage":2,"enemies":"Cultist","floor":3,"turns":4},{"damage":5,"enemies":"Jaw Worm","floor":4,"turns":4},{"damage":35,"enemies":"3 Sentries","floor":7,"turns":8},{"damage":33,"enemies":"Exordium Thugs","floor":8,"turns":8},{"damage":0,"enemies":"Large Slime","floor":12,"turns":3},{"damage":16,"enemies":"Lagavulin Event","floor":13,"turns":5},{"damage":47,"enemies":"Slime Boss","floor":16,"turns":9}],"seed_played":"6017981231051732053","potions_obtained":[{"floor":1,"key":"AttackPotion"},{"floor":8,"key":"LiquidBronze"},{"floor":12,"key":"SkillPotion"}],"is_trial":false,"path_per_floor":["M","?","M","M","T","R","E","M","T","R","$","M","?","$","R"],"character_chosen":"IRONCLAD","items_purchased":["Twin Strike"],"campfire_rested":1,"item_purchase_floors":[11],"current_hp_per_floor":[80,80,80,80,80,80,51,24,24,24,24,30,20,20,44,0],"gold":64,"neow_bonus":"TRANSFORM_CARD","is_prod":false,"is_daily":false,"chose_seed":false,"campfire_upgraded":2,"win_rate":0,"timestamp":1533347781,"path_taken":["M","?","M","M","?","R","E","?","T","R","$","M","?","?","R","BOSS"],"build_version":"2018-08-02","purchased_purges":2,"victory":false,"max_hp_per_floor":[80,80,80,80,80,80,80,80,80,80,80,80,80,80,80,80],"card_choices":[{"not_picked":["Dual Wield","Havoc","Anger"],"picked":"SKIP","floor":1},{"not_picked":["True Grit","Wild Strike","Flex"],"picked":"SKIP","floor":3},{"not_picked":["Ghostly Armor","Second Wind"],"picked":"Demon Form","floor":4},{"not_picked":["Uppercut","Corruption","Brutality"],"picked":"SKIP","floor":7},{"not_picked":["Thunderclap","Blood for Blood"],"picked":"Sword Boomerang","floor":8},{"not_picked":["Bloodletting","Warcry","Perfected Strike"],"picked":"SKIP","floor":12}],"player_experience":309461,"relics_obtained":[{"floor":5,"key":"Nunchaku"},{"floor":7,"key":"Ancient Tea Set"},{"floor":9,"key":"Frozen Egg 2"},{"floor":13,"key":"Dodecahedron"}],"event_choices":[{"event_name":"Transmorgrifier","player_choice":"Transform","floor":2,"damage_taken":0},{"event_name":"Dead Adventurer","player_choice":"Searched \u00272\u0027 times","floor":13,"damage_taken":0}],"is_beta":false,"boss_relics":[],"items_purged_floors":[11,14],"is_endless":false,"potions_floor_spawned":[1,8,12],"killed_by":"Slime Boss","ascension_level":3}