{"gold_per_floor":[114,39,39,59,72,72,72,92,92,92],"floor_reached":10,"playtime":315,"items_purged":[],"score":116,"play_id":"da3c4342-7c90-4045-90d6-6901d34f2f49","local_time":"20190612200643","is_ascension_mode":true,"campfire_choices":[{"data":"Buffer","floor":6,"key":"SMITH"}],"neow_cost":"NONE","seed_source_timestamp":2172370786967268,"circlet_count":0,"master_deck":["AscendersBane","Strike_B","Strike_B","Defend_B","Defend_B","Defend_B","Defend_B","Zap","Dualcast","Buffer+1","Gash","Conserve Battery","Steam","Coolheaded"],"relics":["Cracked Core","Peace Pipe"],"potions_floor_usage":[10],"damage_taken":[{"damage":10,"enemies":"Small Slimes","floor":1,"turns":3},{"damage":1,"enemies":"2 Louse","floor":4,"turns":3},{"damage":0,"enemies":"Jaw Worm","floor":5,"turns":5},{"damage":0,"enemies":"2 Fungi Beasts","floor":8,"turns":4},{"damage":52,"enemies":"Gremlin Nob","floor":10,"turns":5}],"seed_played":"5663911879327248001","potions_obtained":[{"floor":5,"key":"Poison Potion"}],"is_trial":false,"path_per_floor":["M","?","?","M","M","R","?","M","T","E"],"character_chosen":"DEFECT","items_purchased":[],"campfire_rested":0,"item_purchase_floors":[],"current_hp_per_floor":[54,54,47,46,46,46,46,46,46,0],"gold":92,"neow_bonus":"ONE_RANDOM_RARE_CARD","is_prod":false,"is_daily":false,"chose_seed":false,"campfire_upgraded":1,"win_rate":0,"timestamp":1560384403,"path_taken":["M","?","?","M","M","R","?","M","T","E"],"build_version":"2019-01-23","purchased_purges":0,"victory":false,"max_hp_per_floor":[71,71,71,71,71,71,71,71,71,71],"card_choices":[{"not_picked":["Go for the Eyes","Consume"],"picked":"Gash","floor":1},{"not_picked":["Skim","Hologram"],"picked":"Conserve Battery","floor":4},{"not_picked":["Streamline","Hello World"],"picked":"Steam","floor":5},{"not_picked":["Leap","Stack"],"picked":"Coolheaded","floor":8}],"player_experience":822344,"relics_obtained":[{"floor":9,"key":"Peace Pipe"}],"event_choices":[{"cards_removed":["Strike_B"],"damage_healed":0,"gold_gain":0,"player_choice":"Card Removal","damage_taken":0,"max_hp_gain":0,"max_hp_loss":0,"event_name":"The Cleric","floor":2,"gold_loss":75},{"cards_removed":["Strike_B"],"damage_healed":0,"gold_gain":0,"player_choice":"Card Removal","damage_taken":7,"max_hp_gain":0,"max_hp_loss":0,"event_name":"Golden Wing","floor":3,"gold_loss":0},{"damage_healed":0,"gold_gain":0,"player_choice":"Fled","damage_taken":0,"max_hp_gain":0,"max_hp_loss":0,"event_name":"Scrap Ooze","floor":7,"gold_loss":0}],"is_beta":false,"boss_relics":[],"items_purged_floors":[],"is_endless":false,"potions_floor_spawned":[5],"killed_by":"Gremlin Nob","ascension_level":20}