{"path_per_floor":["M","M","$","M","?","E","R","E","T","E","?","$","M","$","R","B",null,"M","M","?","?","M","R","M","R","T"],"character_chosen":"DEFECT","items_purchased":["White Noise","Regen Potion","DataDisk","Go for the Eyes","Stack"],"gold_per_floor":[110,126,0,16,16,47,47,77,77,103,253,8,18,18,18,92,92,103,87,87,87,101,101,121,121,121,121],"floor_reached":27,"campfire_rested":4,"playtime":1845,"current_hp_per_floor":[62,62,62,59,59,43,64,43,43,23,23,23,18,18,39,13,57,47,24,24,24,5,26,11,32,32,0],"items_purged":[],"gold":121,"score":404,"play_id":"b9dd04fc-7978-4a71-8418-634949fc4fe9","local_time":"20180509232837","is_prod":false,"is_daily":false,"chose_seed":false,"is_ascension_mode":true,"campfire_upgraded":0,"timestamp":1525926517,"path_taken":["M","M","$","M","?","E","R","E","T","E","?","$","M","?","R","BOSS","M","M","?","?","M","R","?","R","T","E"],"build_version":"2018-05-08","seed_source_timestamp":89976222425986,"purchased_purges":0,"victory":false,"master_deck":["Strike_B","Strike_B","Strike_B","Defend_B","Defend_B","Defend_B","Defend_B","Zap+1","Dualcast","AscendersBane","Ball Lightning","Scrape","Beam Cell","Beam Cell","Auto Shields","White Noise","Sweeping Beam","Defragment","Leap","Go for the Eyes","Stack","Chill","Echo Form","Stack","Tempest","Glacier"],"max_hp_per_floor":[71,71,71,71,71,71,71,71,71,71,71,71,71,71,71,71,71,71,71,71,71,71,71,71,71,71,71],"relics":["Orrery","Bag of Marbles","Turnip","Shuriken","Omamori","DataDisk","Cursed Key"],"card_choices":[{"not_picked":["Axe Kick","White Noise"],"picked":"Ball Lightning","floor":0},{"not_picked":["Storm","Coolheaded"],"picked":"Scrape","floor":0},{"not_picked":["Rebound","Recycle"],"picked":"Beam Cell","floor":0},{"not_picked":["Sweeping Beam","Leap"],"picked":"Beam Cell","floor":0},{"not_picked":["Conserve Battery","Streamline"],"picked":"Auto Shields","floor":2},{"not_picked":["Redo","Melter"],"picked":"Sweeping Beam","floor":4},{"not_picked":["Double Energy","Skim"],"picked":"Defragment","floor":6},{"not_picked":["Cold Snap","Genetic Algorithm"],"picked":"Leap","floor":10},{"not_picked":["Skim","Rebound"],"picked":"Chill","floor":13},{"not_picked":["Fission","Nova"],"picked":"Echo Form","floor":16},{"not_picked":["Streamline","Hologram"],"picked":"Stack","floor":18},{"not_picked":["Go for the Eyes","Stack"],"picked":"Tempest","floor":19},{"not_picked":["Steam","Rebound"],"picked":"Glacier","floor":22}],"player_experience":232577,"potions_floor_usage":[6,6,16,22,22,27],"damage_taken":[{"damage":2,"enemies":"Jaw Worm","floor":1,"turns":3},{"damage":0,"enemies":"Cultist","floor":2,"turns":3},{"damage":3,"enemies":"Small Slimes","floor":4,"turns":3},{"damage":25,"enemies":"Lagavulin","floor":6,"turns":5},{"damage":21,"enemies":"Gremlin Nob","floor":8,"turns":4},{"damage":20,"enemies":"3 Sentries","floor":10,"turns":7},{"damage":5,"enemies":"Exordium Wildlife","floor":13,"turns":4},{"damage":26,"enemies":"Slime Boss","floor":16,"turns":11},{"damage":10,"enemies":"Chosen","floor":18,"turns":4},{"damage":23,"enemies":"2 Thieves","floor":19,"turns":4},{"damage":19,"enemies":"3 Cultists","floor":22,"turns":5},{"damage":15,"enemies":"Sentry and Sphere","floor":24,"turns":7},{"damage":37,"enemies":"Slavers","floor":27,"turns":2}],"event_choices":[{"event_name":"Shining Light","player_choice":"Ignored","floor":5,"damage_taken":0},{"event_name":"Liars Game","player_choice":"agreed","floor":11,"damage_taken":0},{"event_name":"Accursed Blacksmith","player_choice":"Forge","floor":20,"damage_taken":0},{"event_name":"Purifier","player_choice":"One Purge","floor":21,"damage_taken":0}],"boss_relics":[{"not_picked":["Runic Dome","Snecko Eye"],"picked":"Cursed Key"}],"potions_floor_spawned":[2,4,10,18,19,24],"seed_played":"-5042706499012204577","killed_by":"Slavers","ascension_level":15,"is_trial":false}