{"gold_per_floor":[116,41,41,55,68,96,114,146,199,199,232,232,232,83,83,182,182,196,206,216,91,110,110,124,224,224,224,224,224,236,255,255,350,350,362,377,227,227,52,86,103,103,103,103,117,117,136,170,170,170],"floor_reached":51,"playtime":2218,"items_purged":["Strike_B","Strike_B","Defend_B","Strike_B","Strike_B"],"score":802,"play_id":"86780d46-9370-420c-aa65-db5302ecaff2","local_time":"20180812234936","is_ascension_mode":false,"campfire_choices":[{"data":"Dualcast","floor":10,"key":"SMITH"},{"floor":15,"key":"REST"},{"data":"Coolheaded","floor":23,"key":"SMITH"},{"data":"Zap","floor":27,"key":"SMITH"},{"data":"Gash","floor":29,"key":"SMITH"},{"floor":32,"key":"REST"},{"data":"Gash","floor":44,"key":"SMITH"},{"data":"Compile Driver","floor":46,"key":"SMITH"},{"floor":49,"key":"REST"}],"neow_cost":"NONE","seed_source_timestamp":48565865899774,"circlet_count":0,"master_deck":["Defend_B","Zap+1","Dualcast+1","Gash+1","Gash+1","Coolheaded+1","Gash+1","Gash+1","Compile Driver+1","Sweeping Beam+1","Beam Cell+1","Compile Driver+1"],"relics":["Cracked Core","Bag of Preparation","Dream Catcher","Matryoshka","Strawberry","Blood Vial","Lantern","Nuclear Battery","Potion Belt","Mummified Hand","Lizard Tail","StoneCalendar","Thread and Needle","Vajra"],"potions_floor_usage":[6,11,22,33,33],"damage_taken":[{"damage":1,"enemies":"Jaw Worm","floor":1,"turns":3},{"damage":1,"enemies":"Small Slimes","floor":4,"turns":3},{"damage":0,"enemies":"2 Louse","floor":5,"turns":1},{"damage":22,"enemies":"Gremlin Nob","floor":6,"turns":4},{"damage":8,"enemies":"2 Fungi Beasts","floor":7,"turns":3},{"damage":31,"enemies":"Lagavulin","floor":8,"turns":6},{"damage":8,"enemies":"Gremlin Nob","floor":11,"turns":3},{"damage":18,"enemies":"Hexaghost","floor":16,"turns":8},{"damage":3,"enemies":"Chosen","floor":18,"turns":4},{"damage":8,"enemies":"2 Thieves","floor":19,"turns":4},{"damage":31,"enemies":"3 Cultists","floor":20,"turns":5},{"damage":12,"enemies":"Cultist and Chosen","floor":22,"turns":5},{"damage":16,"enemies":"Snecko","floor":24,"turns":4},{"damage":30,"enemies":"Snake Plant","floor":30,"turns":3},{"damage":3,"enemies":"Chosen and Byrds","floor":31,"turns":3},{"damage":30,"enemies":"Champ","floor":33,"turns":5},{"damage":0,"enemies":"3 Darklings","floor":35,"turns":3},{"damage":5,"enemies":"Orb Walker","floor":36,"turns":2},{"damage":8,"enemies":"2 Orb Walkers","floor":40,"turns":2},{"damage":20,"enemies":"Maw","floor":41,"turns":3},{"damage":0,"enemies":"3 Darklings","floor":45,"turns":1},{"damage":0,"enemies":"Spire Growth","floor":47,"turns":2},{"damage":7,"enemies":"Nemesis","floor":48,"turns":3},{"damage":38,"enemies":"Time Eater","floor":50,"turns":3}],"seed_played":"8001162196495169988","potions_obtained":[{"floor":4,"key":"Ancient Potion"},{"floor":6,"key":"Swift Potion"},{"floor":19,"key":"Dexterity Potion"},{"floor":20,"key":"Ancient Potion"},{"floor":24,"key":"Strength Potion"},{"floor":31,"key":"SneckoOil"},{"floor":33,"key":"Strength Potion"},{"floor":40,"key":"SkillPotion"},{"floor":41,"key":"Regen Potion"}],"is_trial":false,"path_per_floor":["M","$","?","M","M","E","M","E","T","R","E","?","?","$","R","B",null,"M","M","M","$","M","R","M","?","T","R","?","R","M","M","R","B",null,"M","M","$","?","$","E","M","?","T","R","M","R","M","E","R","B"],"character_chosen":"DEFECT","items_purchased":["Gash"],"campfire_rested":3,"item_purchase_floors":[14],"current_hp_per_floor":[74,74,74,73,73,51,43,12,19,19,13,6,6,6,30,14,82,79,73,44,44,34,34,20,20,20,20,47,47,19,18,42,14,82,82,77,77,77,77,71,53,53,53,53,55,55,57,52,76,40],"gold":170,"neow_bonus":"RANDOM_COMMON_RELIC","is_prod":false,"is_daily":false,"chose_seed":false,"campfire_upgraded":6,"win_rate":0,"timestamp":1534088976,"path_taken":["M","$","?","M","M","E","M","E","T","R","E","?","?","$","R","BOSS","M","M","M","$","M","R","M","?","T","R","?","R","M","M","R","BOSS","M","M","$","?","$","E","M","?","T","R","M","R","M","E","R","BOSS"],"build_version":"2018-08-09","purchased_purges":5,"victory":true,"max_hp_per_floor":[75,75,75,75,75,75,75,75,82,82,82,82,82,82,82,82,82,82,82,82,82,82,82,82,82,82,82,82,82,82,82,82,82,82,82,82,82,82,82,82,82,82,82,82,82,82,82,82,82,82],"card_choices":[{"not_picked":["Go for the Eyes","Double Energy","Stack"],"picked":"SKIP","floor":1},{"not_picked":["Streamline","Turbo","Leap"],"picked":"SKIP","floor":4},{"not_picked":["Barrage","Sweeping Beam"],"picked":"Gash","floor":5},{"not_picked":["Reprogram","Meteor Strike","Tempest"],"picked":"SKIP","floor":6},{"not_picked":["Cold Snap","Fusion","Ball Lightning"],"picked":"SKIP","floor":7},{"not_picked":["Fusion","Rip and Tear","Undo"],"picked":"SKIP","floor":8},{"not_picked":["Cold Snap","Buffer","Sunder"],"picked":"SKIP","floor":11},{"not_picked":["Streamline","Genetic Algorithm"],"picked":"Coolheaded","floor":15},{"not_picked":["Beam Cell","Ball Lightning","Streamline"],"picked":"SKIP","floor":18},{"not_picked":["Force Field","Double Energy","Cold Snap"],"picked":"SKIP","floor":19},{"not_picked":["Tempest","Undo"],"picked":"Gash","floor":20},{"not_picked":["Doom and Gloom","Leap","Ball Lightning"],"picked":"SKIP","floor":22},{"not_picked":["Redo","Reprogram","Go for the Eyes"],"picked":"SKIP","floor":24},{"not_picked":["Fission","Aggregate+1"],"picked":"Gash+1","floor":30},{"not_picked":["Leap","Sweeping Beam+1"],"picked":"Compile Driver+1","floor":31},{"not_picked":["Redo+1","Barrage","Coolheaded"],"picked":"SKIP","floor":35},{"not_picked":["Reprogram+1","Ball Lightning"],"picked":"Sweeping Beam+1","floor":36},{"not_picked":["Double Energy","Auto Shields"],"picked":"Beam Cell+1","floor":40},{"not_picked":["Cold Snap","Rebound+1","Compile Driver"],"picked":"SKIP","floor":41},{"not_picked":["Cold Snap","Rebound+1"],"picked":"Compile Driver","floor":41},{"not_picked":["Sweeping Beam","Turbo+1","Storm+1"],"picked":"SKIP","floor":45},{"not_picked":["Conserve Battery","Skim","Redo+1"],"picked":"SKIP","floor":47},{"not_picked":["Ball Lightning+1","Genetic Algorithm+1","Consume"],"picked":"SKIP","floor":48}],"player_experience":385462,"relics_obtained":[{"floor":6,"key":"Dream Catcher"},{"floor":8,"key":"Matryoshka"},{"floor":9,"key":"Strawberry"},{"floor":9,"key":"Blood Vial"},{"floor":11,"key":"Lantern"},{"floor":26,"key":"Potion Belt"},{"floor":26,"key":"Mummified Hand"},{"floor":40,"key":"StoneCalendar"},{"floor":43,"key":"Thread and Needle"},{"floor":48,"key":"Vajra"}],"event_choices":[{"event_name":"Living Wall","player_choice":"Forget","floor":3,"damage_taken":0},{"event_name":"Golden Wing","player_choice":"Card Removal","floor":12,"damage_taken":0},{"event_name":"Shining Light","player_choice":"Ignored","floor":13,"damage_taken":0},{"event_name":"Golden Shrine","player_choice":"Pray","floor":25,"damage_taken":0},{"event_name":"The Library","player_choice":"Heal","floor":28,"damage_taken":0},{"event_name":"SensoryStone","player_choice":"Memory 1","floor":38,"damage_taken":0},{"event_name":"Upgrade Shrine","player_choice":"Upgraded","floor":42,"damage_taken":0}],"is_beta":false,"boss_relics":[{"not_picked":["Velvet Choker","Snecko Eye"],"picked":"Nuclear Battery"},{"not_picked":["Runic Dome","Calling Bell"],"picked":"Lizard Tail"}],"items_purged_floors":[2,14,21,37,39],"is_endless":false,"potions_floor_spawned":[4,6,19,20,24,31,33,40,41],"ascension_level":0}