{"gold_per_floor":[117,136,136,12,26,26,90,90,115,144,144,170,189,200,200,304,304,317,31,51,63,63,93,93,93,120,120,146,162,162],"floor_reached":30,"playtime":4210,"items_purged":["Defend_R"],"score":302,"play_id":"0f635662-c58b-4883-8a27-5e3785143a2f","local_time":"20190226121549","is_ascension_mode":true,"campfire_choices":[{"data":"Havoc","floor":6,"key":"SMITH"},{"data":"Sentinel","floor":8,"key":"SMITH"},{"data":"Iron Wave","floor":11,"key":"SMITH"},{"data":"Rampage","floor":15,"key":"SMITH"},{"data":"Immolate","floor":25,"key":"SMITH"},{"floor":27,"key":"REST"}],"neow_cost":"NONE","seed_source_timestamp":17334204358399,"circlet_count":0,"master_deck":["Strike_R+1","Strike_R","Defend_R+1","Defend_R","Bash","Havoc+1","Iron Wave+1","Heavy Blade","Sentinel+1","Rampage+1","Searing Blow","Battle Trance","Metallicize","Clash","Immolate+1","Reckless Charge+1","Shockwave+1","Limit Break+1","True Grit","Anger","Dual Wield+1","Wild Strike+1","Berserk"],"relics":["Burning Blood","Tiny Chest","Ancient Tea Set","Sundial","Pear","Astrolabe","FossilizedHelix","CultistMask","Bottled Flame","Gremlin Horn"],"potions_floor_usage":[12,13,16,20,21,21,23,23,28,30],"damage_taken":[{"damage":9,"enemies":"Jaw Worm","floor":1,"turns":5},{"damage":9,"enemies":"Cultist","floor":2,"turns":4},{"damage":0,"enemies":"2 Louse","floor":5,"turns":3},{"damage":27,"enemies":"3 Sentries","floor":7,"turns":9},{"damage":15,"enemies":"Lagavulin","floor":10,"turns":6},{"damage":1,"enemies":"Gremlin Nob","floor":12,"turns":3},{"damage":0,"enemies":"Gremlin Gang","floor":13,"turns":3},{"damage":18,"enemies":"Blue Slaver","floor":14,"turns":5},{"damage":20,"enemies":"Hexaghost","floor":16,"turns":10},{"damage":0,"enemies":"Chosen","floor":18,"turns":4},{"damage":2,"enemies":"Spheric Guardian","floor":20,"turns":5},{"damage":2,"enemies":"Chosen and Byrds","floor":21,"turns":8},{"damage":64,"enemies":"Book of Stabbing","floor":23,"turns":8},{"damage":33,"enemies":"Slavers","floor":28,"turns":3},{"damage":19,"enemies":"Cultist and Chosen","floor":29,"turns":7},{"damage":21,"enemies":"Snake Plant","floor":30,"turns":3}],"seed_played":"8597553973643110098","potions_obtained":[{"floor":5,"key":"FearPotion"},{"floor":10,"key":"Poison Potion"},{"floor":12,"key":"Energy Potion"},{"floor":13,"key":"EssenceOfSteel"},{"floor":14,"key":"EntropicBrew"},{"floor":18,"key":"Swift Potion"},{"floor":23,"key":"Regen Potion"}],"is_trial":false,"path_per_floor":["M","M","?","$","M","R","E","R","T","E","R","E","M","M","R","B",null,"M","$","M","M","?","E","$","R","T","R","E","M","M"],"character_chosen":"IRONCLAD","items_purchased":["Heavy Blade","FossilizedHelix"],"campfire_rested":1,"item_purchase_floors":[4,19],"current_hp_per_floor":[77,74,58,58,64,64,43,43,43,34,34,49,55,43,43,29,90,90,90,90,90,90,32,32,32,32,59,32,19,0],"gold":162,"neow_bonus":"REMOVE_CARD","is_prod":false,"is_daily":false,"chose_seed":false,"campfire_upgraded":5,"win_rate":0,"timestamp":1551179749,"path_taken":["M","M","?","$","M","R","E","R","T","E","R","E","M","M","R","BOSS","M","$","M","M","?","E","$","R","T","R","E","M","?"],"build_version":"2019-01-23","purchased_purges":1,"victory":false,"max_hp_per_floor":[80,80,80,80,80,80,80,80,80,80,80,90,90,90,90,90,90,90,90,90,90,90,90,90,90,90,90,90,90,90],"card_choices":[{"not_picked":["Thunderclap","Shockwave"],"picked":"Havoc","floor":1},{"not_picked":["Bloodletting","Wild Strike"],"picked":"Iron Wave","floor":2},{"not_picked":["Thunderclap","Searing Blow"],"picked":"Sentinel","floor":5},{"not_picked":["Disarm","Combust"],"picked":"Rampage","floor":7},{"not_picked":["Entrench","Whirlwind"],"picked":"Searing Blow","floor":10},{"not_picked":["Havoc","Searing Blow"],"picked":"Battle Trance","floor":12},{"not_picked":["Hemokinesis","Flex"],"picked":"Metallicize","floor":13},{"not_picked":["Twin Strike","Headbutt"],"picked":"Clash","floor":14},{"not_picked":["Feed","Reaper"],"picked":"Immolate","floor":16},{"not_picked":["Body Slam","Cleave"],"picked":"True Grit","floor":18},{"not_picked":["Heavy Blade","True Grit"],"picked":"Anger","floor":20},{"not_picked":["Thunderclap","Headbutt"],"picked":"Dual Wield+1","floor":21},{"not_picked":["True Grit","Battle Trance","Perfected Strike"],"picked":"SKIP","floor":23},{"not_picked":["Evolve","Combust"],"picked":"Wild Strike+1","floor":28},{"not_picked":["Anger","Body Slam"],"picked":"Berserk","floor":29}],"player_experience":117883,"relics_obtained":[{"floor":7,"key":"Tiny Chest"},{"floor":9,"key":"Ancient Tea Set"},{"floor":10,"key":"Sundial"},{"floor":12,"key":"Pear"},{"floor":23,"key":"Bottled Flame"},{"floor":28,"key":"Gremlin Horn"}],"event_choices":[{"damage_healed":0,"gold_gain":0,"player_choice":"Entered Light","damage_taken":16,"max_hp_gain":0,"max_hp_loss":0,"event_name":"Shining Light","floor":3,"gold_loss":0,"cards_upgraded":["Defend_R","Strike_R"]},{"damage_healed":0,"gold_gain":0,"player_choice":"Trade","damage_taken":0,"relics_obtained":["CultistMask"],"max_hp_gain":0,"max_hp_loss":0,"event_name":"FaceTrader","floor":22,"gold_loss":0}],"is_beta":false,"boss_relics":[{"not_picked":["Busted Crown","White Beast Statue"],"picked":"Astrolabe"}],"items_purged_floors":[4],"is_endless":false,"potions_floor_spawned":[5,10,12,13,14,18,23],"killed_by":"Snake Plant","ascension_level":1}