{"gold_per_floor":[12,12,12,27,27,58,58,88,142,142,142,161,161,174,174,270,270,289,29,29,29,29],"floor_reached":22,"playtime":2231,"items_purged":["Strike_B"],"score":247,"play_id":"8c51ba3c-625c-4e69-afdd-52ad923ce4a2","local_time":"20190226131258","is_ascension_mode":true,"campfire_choices":[{"data":"Zap","floor":7,"key":"SMITH"},{"floor":10,"key":"REST"},{"floor":11,"key":"REST"},{"data":"Machine Learning","floor":13,"key":"SMITH"},{"floor":15,"key":"REST"}],"neow_cost":"NO_GOLD","seed_source_timestamp":22741973090700,"circlet_count":0,"master_deck":["Strike_B","Strike_B","Defend_B","Defend_B","Defend_B","Defend_B","Zap+1","Dualcast","Rip and Tear","Force Field","Sweeping Beam","Steam Power","Machine Learning+1","Cold Snap","All For One","Turbo","Steam","Go for the Eyes","Turbo","Reprogram","Rebound+1","Hello World"],"relics":["Cracked Core","WingedGreaves","Vajra","Dodecahedron","Orrery","Lantern"],"potions_floor_usage":[6,8,16],"damage_taken":[{"damage":7,"enemies":"Jaw Worm","floor":1,"turns":4},{"damage":2,"enemies":"Small Slimes","floor":4,"turns":3},{"damage":20,"enemies":"3 Sentries","floor":6,"turns":7},{"damage":28,"enemies":"Gremlin Nob","floor":8,"turns":4},{"damage":0,"enemies":"2 Louse","floor":12,"turns":1},{"damage":20,"enemies":"Exordium Wildlife","floor":14,"turns":4},{"damage":36,"enemies":"The Guardian","floor":16,"turns":12},{"damage":42,"enemies":"Shell Parasite","floor":18,"turns":8},{"damage":22,"enemies":"Colosseum Slavers","floor":22,"turns":5},{"damage":60,"enemies":"Colosseum Nobs","floor":22,"turns":3}],"seed_played":"-6425004050932560749","potions_obtained":[{"floor":1,"key":"SkillPotion"},{"floor":4,"key":"Fire Potion"},{"floor":14,"key":"Fruit Juice"}],"is_trial":false,"path_per_floor":["M","?","$","M","?","E","R","E","T","R","R","M","R","M","R","B",null,"M","$","?","?","?"],"character_chosen":"DEFECT","items_purchased":["Lantern","Hello World"],"campfire_rested":3,"item_purchase_floors":[19,19],"current_hp_per_floor":[61,61,61,59,52,32,32,4,4,26,48,48,48,28,50,19,65,23,23,23,49,0],"gold":29,"neow_bonus":"ONE_RARE_RELIC","is_prod":false,"is_daily":false,"chose_seed":false,"campfire_upgraded":2,"win_rate":0,"timestamp":1551183178,"path_taken":["M","?","$","M","?","E","R","E","T","R","R","M","R","M","R","BOSS","M","$","?","?","?"],"build_version":"2019-01-23","purchased_purges":1,"victory":false,"max_hp_per_floor":[75,75,75,75,75,75,75,75,75,75,75,75,75,75,75,80,80,80,80,80,80,80],"card_choices":[{"not_picked":["Ball Lightning","Leap"],"picked":"Rip and Tear","floor":1},{"not_picked":["Stack","Melter"],"picked":"Force Field","floor":4},{"not_picked":["Melter","Leap"],"picked":"Sweeping Beam","floor":6},{"not_picked":["Darkness","Hologram"],"picked":"Steam Power","floor":8},{"not_picked":["Ball Lightning","Turbo"],"picked":"Machine Learning","floor":12},{"not_picked":["Sweeping Beam","Chaos"],"picked":"Cold Snap","floor":14},{"not_picked":["Meteor Strike","Core Surge"],"picked":"All For One","floor":16},{"not_picked":["BootSequence","Stack"],"picked":"Turbo","floor":17},{"not_picked":["Sweeping Beam","Beam Cell"],"picked":"Steam","floor":17},{"not_picked":["Ball Lightning","Capacitor"],"picked":"Go for the Eyes","floor":17},{"not_picked":["Melter","Doom and Gloom"],"picked":"Turbo","floor":17},{"not_picked":["Hologram","Streamline"],"picked":"Reprogram","floor":17},{"not_picked":["Double Energy+1","Redo"],"picked":"Rebound+1","floor":18}],"player_experience":123204,"relics_obtained":[{"floor":6,"key":"Vajra"},{"floor":8,"key":"Dodecahedron"}],"event_choices":[{"damage_healed":0,"gold_gain":0,"player_choice":"Ignored","damage_taken":0,"max_hp_gain":0,"max_hp_loss":0,"event_name":"Shining Light","floor":2,"gold_loss":0},{"cards_removed":["Strike_B"],"damage_healed":0,"gold_gain":0,"player_choice":"Card Removal","damage_taken":7,"max_hp_gain":0,"max_hp_loss":0,"event_name":"Golden Wing","floor":5,"gold_loss":0},{"damage_healed":0,"gold_gain":0,"player_choice":"Ignored","damage_taken":0,"max_hp_gain":0,"max_hp_loss":0,"event_name":"Beggar","floor":20,"gold_loss":0},{"damage_healed":26,"gold_gain":0,"player_choice":"Heal","damage_taken":0,"max_hp_gain":0,"max_hp_loss":0,"event_name":"The Library","floor":21,"gold_loss":0},{"damage_healed":0,"gold_gain":0,"player_choice":"Fight","damage_taken":0,"max_hp_gain":0,"max_hp_loss":0,"event_name":"Colosseum","floor":22,"gold_loss":0},{"damage_healed":0,"gold_gain":0,"player_choice":"Fought Nobs","damage_taken":0,"max_hp_gain":0,"max_hp_loss":0,"event_name":"Colosseum","floor":22,"gold_loss":0}],"is_beta":false,"boss_relics":[{"not_picked":["Runic Pyramid","Coffee Dripper"],"picked":"Orrery"}],"items_purged_floors":[19],"is_endless":false,"potions_floor_spawned":[1,4,14,22],"killed_by":"Colosseum Nobs","ascension_level":6}