{"gold_per_floor":[213,233,245,245,262,262,281,281,307,307,11,42,55,68,68,163,163,175,185,185,185,201,201,219,219,268,268,268],"floor_reached":28,"playtime":1594,"items_purged":["Strike_R"],"score":247,"play_id":"47876145-0a31-485f-b0c7-9341166967b0","local_time":"20190608021036","is_ascension_mode":false,"campfire_choices":[{"data":"Rampage","floor":6,"key":"SMITH"},{"data":"Armaments","floor":10,"key":"SMITH"},{"floor":15,"key":"REST"},{"floor":23,"key":"REST"},{"floor":27,"key":"REST"}],"neow_cost":"NONE","seed_source_timestamp":543795539633100,"circlet_count":0,"master_deck":["Strike_R","Strike_R","Strike_R","Strike_R","Defend_R","Defend_R","Defend_R","Defend_R","Bash","Rupture","Heavy Blade","Demon Form","Rampage+1","Armaments+1","Brutality","Dual Wield","Flex","Flex","Offering","Feed","Clash+1","Shrug It Off","RitualDagger"],"relics":["Burning Blood"],"potions_floor_usage":[7,12,14,16,28],"damage_taken":[{"damage":2,"enemies":"Small Slimes","floor":1,"turns":3},{"damage":6,"enemies":"Jaw Worm","floor":2,"turns":5},{"damage":10,"enemies":"Cultist","floor":3,"turns":4},{"damage":13,"enemies":"Large Slime","floor":5,"turns":4},{"damage":15,"enemies":"Looter","floor":7,"turns":3},{"damage":34,"enemies":"Gremlin Nob","floor":12,"turns":5},{"damage":3,"enemies":"2 Fungi Beasts","floor":13,"turns":3},{"damage":34,"enemies":"Exordium Thugs","floor":14,"turns":5},{"damage":35,"enemies":"The Guardian","floor":16,"turns":10},{"damage":37,"enemies":"2 Thieves","floor":18,"turns":4},{"damage":32,"enemies":"Shell Parasite","floor":19,"turns":6},{"damage":53,"enemies":"Snake Plant","floor":22,"turns":7},{"damage":21,"enemies":"Snecko","floor":24,"turns":5},{"damage":36,"enemies":"Centurion and Healer","floor":28,"turns":2}],"seed_played":"474989903081366699","potions_obtained":[{"floor":1,"key":"SteroidPotion"},{"floor":5,"key":"Dexterity Potion"},{"floor":12,"key":"SpeedPotion"},{"floor":13,"key":"Poison Potion"},{"floor":22,"key":"Ancient Potion"}],"is_trial":false,"path_per_floor":["M","M","M","?","M","R","M","T","T","R","$","E","M","M","R","B",null,"M","M","?","?","M","R","M","?","T","R","M"],"character_chosen":"IRONCLAD","items_purchased":["Brutality","Dual Wield"],"campfire_rested":3,"item_purchase_floors":[11,11],"current_hp_per_floor":[80,80,76,81,74,74,65,65,65,65,65,37,40,12,37,8,85,57,35,65,59,12,39,24,6,6,35,0],"gold":268,"neow_bonus":"HUNDRED_GOLD","is_prod":false,"is_daily":false,"chose_seed":false,"campfire_upgraded":2,"win_rate":0,"timestamp":1559970636,"path_taken":["M","M","M","?","M","R","M","?","T","R","$","E","M","M","R","BOSS","M","M","?","?","M","R","M","?","T","R","M"],"build_version":"2019-01-23","purchased_purges":1,"victory":false,"max_hp_per_floor":[80,80,80,85,85,85,85,85,85,85,85,85,85,85,85,85,85,88,92,92,92,92,92,92,97,97,97,97],"card_choices":[{"not_picked":["Iron Wave","Heavy Blade"],"picked":"Rupture","floor":1},{"not_picked":["Havoc","Headbutt"],"picked":"Heavy Blade","floor":2},{"not_picked":["Pummel","Havoc"],"picked":"Demon Form","floor":3},{"not_picked":["Dropkick","Sword Boomerang"],"picked":"Rampage","floor":5},{"not_picked":["Clothesline","Wild Strike"],"picked":"Armaments","floor":7},{"not_picked":["Second Wind","Warcry"],"picked":"Flex","floor":12},{"not_picked":["Clash","Clothesline"],"picked":"Flex","floor":13},{"not_picked":["Armaments","Iron Wave"],"picked":"Offering","floor":14},{"not_picked":["Exhume","Impervious"],"picked":"Feed","floor":16},{"not_picked":["Flex","Armaments"],"picked":"Clash+1","floor":18},{"not_picked":["Cleave","Shrug It Off","Carnage"],"picked":"SKIP","floor":19},{"not_picked":["Cleave","Carnage"],"picked":"Shrug It Off","floor":19},{"not_picked":["Armaments","Uppercut","Body Slam+1"],"picked":"SKIP","floor":22},{"not_picked":["Feel No Pain","Infernal Blade","Body Slam"],"picked":"SKIP","floor":24}],"player_experience":227085,"relics_obtained":[],"event_choices":[{"damage_healed":0,"gold_gain":0,"player_choice":"Donut","damage_taken":0,"max_hp_gain":5,"max_hp_loss":0,"event_name":"Big Fish","floor":4,"gold_loss":0},{"damage_healed":30,"gold_gain":0,"player_choice":"Heal","damage_taken":0,"max_hp_gain":0,"max_hp_loss":0,"event_name":"The Library","floor":20,"gold_loss":0},{"damage_healed":0,"gold_gain":0,"player_choice":"Joined the Cult","damage_taken":6,"max_hp_gain":0,"max_hp_loss":0,"event_name":"Nest","floor":21,"gold_loss":0,"cards_obtained":["RitualDagger"]},{"damage_healed":0,"gold_gain":0,"player_choice":"Shed Blood","damage_taken":23,"max_hp_gain":5,"max_hp_loss":0,"event_name":"Forgotten Altar","floor":25,"gold_loss":0}],"is_beta":false,"boss_relics":[{"not_picked":["Runic Pyramid","Sozu","Busted Crown"]}],"items_purged_floors":[11],"is_endless":false,"potions_floor_spawned":[1,5,12,13,22],"killed_by":"Centurion and Healer","ascension_level":0}